4062 6166
479 335 584 391 735

480 450 751 520 multoque
775 446 950 503 studio
969 445 1124 502 dictis
1148 444 1502 511 attendentes,
1535 461 1639 500 non
1665 460 1823 500 ausus
1843 446 2054 516 quidem

480 550 563 595 est
592 556 658 596 ex
685 538 943 592 ministris
969 538 1078 592 suis
1106 536 1309 605 aliquos
1336 536 1565 600 mittere,
1602 536 1692 606 qui
1713 552 1807 591 vos
1835 537 2058 592 consilio

482 630 796 699 hnrtatuque
825 643 923 683 suo
947 642 974 680 a
1007 626 1347 681 concionibus
1374 626 1715 694 abducerent,
1742 642 1937 697 gnarus
1963 643 2057 682 ve-

482 733 650 776 strum
678 720 944 775 neminem
973 717 1073 772 tale
1097 717 1373 772 consilium
1395 715 1750 774 admissurum
1780 734 1899 775 esse
1923 736 1936 772 :
1966 717 2059 773 sed

481 810 738 881 quosdam
754 808 1076 863 latrunculos
1089 816 1139 862 et
1156 808 1542 878 marsupiorum
1562 818 1795 864 sectores
1821 809 2058 863 multitu-

482 902 592 957 dini
629 902 945 965 immiscuit,
977 900 1282 969 curavitque
1300 909 1357 953 ut
1386 902 1563 955 multis
1595 901 1680 956 hic
1701 903 2056 971 congregatis,

482 1007 692 1057 aurum,
721 991 861 1059 quod
894 990 1113 1059 ligatum
1144 990 1466 1058 servabant,
1500 989 1891 1061 subriperetur.
1921 992 2059 1062 quod

481 1099 626 1153 δεῦρο
649 1083 931 1154 multisque
961 1081 1200 1150 contigit.
1226 1080 1303 1136 Ne
1330 1082 1484 1150 igitur
1509 1082 1578 1136 ita
1608 1096 1818 1151 semper
1849 1084 2062 1136 coutin-

484 1183 593 1245 gat,
631 1188 762 1227 neve
800 1173 1141 1242 pecuniarum
1177 1173 1382 1243 jactura
1421 1173 1667 1228 audiendi
1708 1174 1938 1228 studium
1965 1190 2061 1228 cx-

486 1266 739 1335 stinguat,
768 1265 949 1319 multis
977 1265 1027 1318 in
1070 1264 1174 1319 tale
1201 1263 1453 1318 damnum
1480 1264 1853 1331 incidentibus,
1880 1264 2065 1320 hortor

487 1371 583 1409 vos
604 1364 892 1425 auctorque
918 1370 1036 1409 sum
1065 1355 1214 1409 vobis
1244 1354 1511 1417 omnibus,
1540 1370 1607 1409 ne
1635 1370 1821 1409 aurum
1855 1355 1955 1409 huc
1979 1355 2062 1409 af—

491 1443 670 1500 feratis
692 1486 707 1509 ,
751 1460 819 1499 ne
848 1453 1081 1499 vestrum
1121 1444 1448 1499 auscultaudi
1475 1445 1716 1499 studium.
1749 1461 1931 1499 ansam
1960 1447 2065 1501 illis

493 1535 726 1605 pricbeat
756 1535 893 1590 male
916 1535 1140 1604 agendi,
1171 1549 1302 1589 neve
1328 1535 1599 1605 voluptas,
1629 1552 1784 1607 quam
1821 1537 1908 1591 hic
1946 1552 2068 1592 ver-

486 1630 668 1678 santes
696 1624 1000 1693 percipitis,
1032 1625 1143 1677 auri
1190 1622 1332 1678 furto
1376 1625 1707 1679 obturbetur.
1760 1626 1967 1680 Etenim
2014 1628 2064 1681 id

491 1713 732 1769 diabolus
757 1715 970 1768 molitur
1008 1730 1112 1768 non
1143 1723 1198 1769 ut
1221 1729 1314 1769 vos
1339 1715 1681 1785 pauperiores
1724 1715 1931 1783 reddat,
1972 1718 2066 1772 sed

495 1814 555 1860 ut
581 1807 816 1876 pecuniae
833 1807 1059 1876 jactura,
1086 1822 1369 1862 maerorem
1399 1809 1639 1878 pariens,
1670 1812 1737 1863 ab
1761 1811 2066 1865 auscultan-

493 1897 544 1951 di
575 1897 860 1966 cupiditate
881 1912 973 1952 vos
998 1897 1240 1953 abducat.
1267 1898 1399 1953 Nam
1431 1908 1484 1953 et
1506 1899 1605 1955 Job
1636 1916 1739 1955 non
1766 1902 1888 1955 ideo
1918 1902 2069 1956 bonis

495 1988 743 2043 omnibus
769 1987 1039 2057 spoliavit,
1070 1996 1126 2042 ut
1155 1990 1519 2059 pauperiorem
1547 1992 1801 2059 efﬁceret,
1834 1993 1926 2047 sed
1953 2003 2011 2047 ut
2039 2010 2068 2048 a

492 2079 690 2149 pietate
714 2078 1022 2133 de'turharet
1049 2095 1063 2131 :
1094 2096 1196 2135 non
1227 2081 1301 2135 illi
1331 2098 1524 2152 scapus
1554 2093 1701 2149 erat,
1730 2094 1788 2138 ut
1821 2086 2069 2154 pecunias

494 2168 748 2236 auferret,
775 2171 969 2240 quippe
993 2171 1082 2240 qui
1111 2172 1240 2226 nihil
1263 2173 1312 2228 id
1334 2190 1452 2228 esse
1481 2176 1662 2241 sciret,
1690 2176 1784 2231 sed
1817 2186 1869 2230 ut
1902 2178 2071 2233 facul-

498 2268 662 2316 Latum
685 2262 962 2332 dispendio
989 2265 1042 2318 in
1067 2275 1339 2335 peccatum
1363 2267 1653 2322 induceret.
1682 2268 1832 2336 Quod
1858 2270 2071 2340 quidem

498 2352 544 2406 si
573 2351 747 2409 facere
775 2365 1021 2425 nequeat,
1050 2372 1335 2426 numquam
1358 2373 1415 2413 se
1437 2374 1550 2413 rem
1574 2358 1707 2415 bene
1725 2363 1956 2430 gessisse
1975 2379 2072 2432 pu-

498 2446 648 2501 tabit.
679 2446 812 2501 Cum
841 2463 967 2519 ergo
993 2448 1109 2520 ejus
1138 2466 1354 2520 scopum
1385 2461 1584 2515 teneas,
1622 2455 1917 2521 carissime,
1950 2470 2070 2509 cum

501 2546 554 2593 te
583 2539 662 2594 vel
691 2537 865 2594 furum
887 2556 1068 2611 opera,
1098 2543 1181 2597 vel
1208 2544 1310 2597 alia
1335 2544 1518 2613 quavis
1544 2545 1745 2599 ratione
1773 2562 1902 2600 auro
1931 2547 2071 2601 mul-

499 2633 721 2685 ctaverit
741 2673 754 2695 ,
777 2632 997 2701 gloriam
1024 2633 1248 2687 Domino
1269 2634 1489 2701 referas,
1519 2645 1572 2689 et
1590 2637 1816 2706 amplius
1842 2638 2074 2694 lucratus

503 2719 684 2786 fueris,
737 2722 1107 2794 duplicemque
1152 2725 1249 2793 ipsi
1282 2725 1484 2794 plagam
1518 2725 1720 2796 infligas
1741 2768 1755 2793 ,
1796 2728 1937 2796 quod
1968 2744 2072 2783 non

503 2808 729 2865 moleste
746 2811 947 2877 tuleris,
966 2812 1209 2883 quodque
1239 2815 1433 2883 gratias
1445 2815 1634 2883 egeris.
1654 2815 1784 2869 Nam
1799 2818 1840 2870 si
1859 2824 1910 2871 te
1927 2816 2075 2871 vide-

504 2899 575 2954 rit
592 2899 786 2954 damno
812 2905 1154 2971 pecuniarum
1184 2903 1372 2974 frangi,
1402 2920 1571 2975 eaque
1594 2907 1782 2961 adduci
1813 2919 1867 2962 ut
1900 2909 2076 2963 Domi-

508 3003 578 3045 no
604 2989 869 3059 irascaris,
894 3008 1178 3063 numquam
1202 2995 1359 3048 finem
1383 2994 1538 3049 faciet
1558 2996 1608 3049 id
1630 2997 1849 3067 agendi;
1880 3001 1960 3053 sin
1989 3000 2077 3054 ad-

1186 330 1244 388 S.
1282 329 1557 388 JOANNIS
1592 330 2064 390 CHRYSOSTOJII
2105 332 2420 390 AllClllEP.
2461 335 2992 393 CONSTANTINOP.

3607 334 3714 394 756

2163 458 2331 503 vertat
2360 456 2410 504 te
2437 466 2539 503 non
2570 450 2728 504 modo
2776 450 3287 521 non.blasphemare
3320 451 3483 507 Deum
3505 492 3520 518 ,
3556 453 3646 522 qui
3679 462 3733 508 te

2162 539 2379 600 creavit,
2405 538 2496 591 sed
2519 541 2674 593 etiam
2705 539 2803 609 ipsi
2831 539 2896 595 de
2921 540 3123 608 jactura
3148 540 3342 610 gratias
3365 556 3541 611 agere,
3564 556 3595 595 a
3617 544 3725 597 teni

2163 628 2452 683 tationibus
2477 629 2764 687 inferendis
2786 630 3025 696 absistet,
3050 646 3244 701 gnarus
3263 631 3619 688 molestiarum
3639 648 3734 688 ex-

2163 722 2512 793 perimentum
2539 722 2629 776 tibi
2650 722 2936 790 gratiarum
2961 721 3184 778 actionis
3203 732 3568 791 argumentum
3589 737 3732 788 esse,

2163 826 2225 866 ac
2254 811 2666 880 splendidiorem
2706 811 2796 866 tibi
2826 826 3075 866 coronam
3104 813 3358 883 pluraque
3397 813 3613 883 praemia
3642 827 3773 892 μη

2163 916 2300 957 rere.
2328 902 2476 967 Quod
2509 903 2665 957 etiam
2696 902 2795 971 ipsi
2817 901 2922 976 Job
2946 902 3154 958 accidit.
3182 904 3312 957 Cum
3338 903 3481 958 enim
3510 902 3737 958 sublatis
3748 900 3765 976 ᾗ

2164 991 2373 1062 Opibus,
2407 994 2783 1062 vulneratoque
2800 973 3047 1062 corpore,
3070 992 3201 1047 vidit
3220 994 3368 1047 illum
3392 994 3590 1064 gratias
3612 962 3763 1067 δερ-ξ

2164 1099 2244 1149 re,
2276 1098 2380 1137 non
2408 1084 2542 1138 ultra
2595 1084 2763 1153 ipsum
2806 1084 3017 1153 aggredi
3048 1099 3208 1139 ausus
3234 1092 3344 1150 est;
3397 1085 3490 1139 sed
3521 1086 3656 1153 turpi
3684 1087 3763 1138 et‘

2167 1173 2513 1244 ignominiosa
2531 1174 2680 1229 clade
2699 1173 3003 1251 profligatus
3023 1175 3299 1240 abscessit,
3313 1188 3433 1229 eum
3458 1175 3546 1228 Dei
3563 1175 3739 1229 athle-

2167 1271 2273 1316 tam
2322 1263 2661 1317 illustriorem
2708 1263 3043 1318 reddidisset.
3100 1264 3224 1319 llaec
3249 1264 3407 1335 igitur
3450 1278 3569 1318 cum
3597 1265 3739 1319 scia-

2167 1367 2305 1418 mus,
2338 1368 2500 1406 unum
2530 1352 2801 1408 dumtaxat
2838 1362 3165 1420 metuamus,
3200 1363 3471 1423 peccatum
3498 1369 3689 1423 nempe
3723 1372 3737 1408 :

2168 1450 2361 1497 cmtera
2388 1458 2514 1497 vero
2539 1453 2755 1498 strenue
2781 1444 3088 1511 toleremus,
3136 1444 3251 1499 sive
3279 1445 3618 1513 pecuniarum
3659 1445 3742 1514 ja-

2170 1544 2396 1601 cturam,
2425 1535 2536 1590 sive
2559 1537 2796 1603 corporis
2815 1535 3205 1605 aegritudinem,
3237 1536 3348 1590 sive
3375 1536 3703 1591 calamitates
3723 1577 3739 1600 ,

2170 1625 2281 1680 sive
2309 1626 2499 1679 damna
2526 1634 2580 1680 et
2603 1624 2995 1696 sycophantias,
3019 1624 3132 1679 sive
3160 1624 3299 1679 aliud
3329 1625 3593 1694 quidpiam
3623 1639 3741 1677 mo-

2174 1715 2363 1769 lestum
2407 1715 2682 1769 inferatur.
2728 1714 2853 1769 Hmc
2878 1715 3072 1784 quippe
3098 1722 3283 1769 natura
3312 1729 3403 1769 sua
3436 1730 3541 1769 non
3570 1715 3742 1769 solum

2172 1821 2269 1862 nos
2287 1807 2605 1861 detrimento
2624 1806 2831 1862 afﬁcere
2844 1807 3162 1876 nequeunt‘,
3177 1806 3268 1862 sed
3291 1807 3446 1861 etiam
3460 1805 3745 1860 admodum

2166 1896 2442 1969 juvabunt,
2474 1896 2597 1951 dum
2627 1896 2822 1967 gratias
2857 1896 3060 1967 agendo
3087 1896 3315 1952 feramus
3336 1937 3351 1959 ,
3384 1897 3749 1966 majoremque

2174 1988 2327 2044 nobis
2369 1987 2592 2042 afferent
2620 1987 2938 2042 mercedem.
2982 1987 3139 2043 Vides
3173 1989 3369 2057 quippe
3411 1988 3578 2057 ipsum
3610 1986 3744 2048 Job,

2175 2090 2450 2151 postquam
2479 2080 2744 2149 patientia:
2785 2089 2839 2134 et
2874 2079 3082 2134 virtutis
3109 2094 3306 2133 corona
3336 2079 3611 2133 redimitus
3637 2087 3743 2143 est,

2174 2189 2236 2227 ea
2265 2189 2382 2242 qua:
2407 2174 2656 2227 amiserat
2684 2171 2841 2241 dupla
2872 2173 3158 2242 recepisse.
3186 2172 3264 2225 Tu
3289 2186 3415 2226 vero
3435 2186 3538 2225 non
3562 2171 3744 2239 dupla,

2175 2275 2262 2319 aut
2282 2263 2528 2335 triplicia,
2558 2262 2651 2317 sed
2678 2262 2925 2332 centupla
2950 2262 3124 2317 omnia
3151 2261 3394 2331 recipies,
3422 2262 3463 2316 si
3486 2274 3750 2330 generose

2178 2353 2346 2418 feras,
2387 2362 2440 2407 et
2489 2353 2648 2406 vitam
2680 2364 2931 2407 atternam
2984 2353 3037 2406 in
3090 2351 3450 2406 haereditatem
3500 2351 3750 2418 accipies,

2177 2460 2333 2514 quam
2385 2444 2585 2499 utinam
2633 2458 2818 2499 omnes
2856 2458 3276 2512 consequamur,
3308 2443 3474 2511 gratia
3502 2453 3556 2497 et
3602 2443 3755 2496 beni-

2177 2538 2377 2607 gnitate
2409 2536 2618 2591 Domini
2646 2535 2811 2590 nostri
2841 2533 2968 2590 Jesu
2995 2531 3228 2600 Christi,
3259 2532 3343 2586 cui
3367 2532 3531 2602 gloria
3568 2542 3623 2585 et
3651 2533 3753 2584 im—

2178 2632 2383 2701 perium
2429 2643 2569 2683 nunc
2614 2639 2666 2683 et
2692 2642 2922 2698 semper,
2965 2633 3021 2681 et
3058 2625 3112 2679 in
3155 2623 3343 2680 saecula
3387 2623 3701 2678 smeulorutn
3733 2664 3751 2689 ,

2181 2723 2372 2777 Amen.

2242 2888 2259 2917 ι
2287 2890 2374 2932 Pro
2396 2881 2579 2943 verbis,
2610 2881 2707 2929 sive
2729 2877 2883 2943 utiuti
2916 2874 3163 2943 quidpiam
3205 2872 3461 2943 ngolfstmu
3491 2871 3755 2943 inferatur,

2178 2945 2274 2994 duo
2291 2946 2479 2994 codices
2500 2935 2678 3002 ferunt,
2698 2939 2794 2989 sive
2816 2935 2950 2987 aliud
2970 2935 3212 3002 quoddam
3233 2935 3759 3002 infortmtimnjugruu:

2180 3007 2321 3059 vobis.
2348 3015 2526 3055 Horum
2548 2994 2673 3068 enim
2700 3007 2872 3049 natura
2894 2994 2991 3048 nati
3008 2996 3159 3048 solum
3174 2994 3301 3046 vobis
3322 3006 3412 3043 nou
3434 2994 3630 3050 nocebit,
3657 2999 3757 3040 etc.

3551 3114 3757 3127 —._——--

1159 3202 1374 3308 DE
1427 3203 1615 3311 ΙΝ
1616 3194 3132 3313 COMPREHENSIBILI,

1825 3425 2069 3470 CONTRA
2110 3422 2434 3469 ANOMCEOS
2445 3449 2459 3464 .

1783 3545 2498 3585 WWW

1041 3684 1252 3724 uOIlLlA
1290 3681 1505 3732 QUINTA.

588 3824 641 3880 l.
680 3823 778 3892 Qui
808 3822 1062 3895 prolixius
1088 3832 1452 3892 argumentum
1473 3863 1489 3886 ,
1518 3821 1802 3893 multisque
1827 3824 2091 3879 sermoni—

517 3915 617 3970 bus
643 3929 803 3983 egens
831 3926 1174 3983 aggressurus
1194 3921 1293 3979 est,
1327 3911 1467 3982 quod
1503 3927 1606 3966 non
1629 3927 1734 3966 uno
1760 3911 1963 3968 duobus
1994 3913 2092 3966 tri-

518 4005 683 4061 busve
721 4004 815 4060 sed
865 4005 1016 4073 longe
1047 4004 1285 4073 pluribus
1334 4004 1523 4058 diebus
1567 4003 1842 4060 absolvere
1888 4006 2088 4074 possit,

518 4096 641 4152 huic
667 4096 917 4166 expedire
950 4105 1079 4165 puto
1102 4136 1116 4160 ,
1150 4103 1205 4148 ut
1233 4109 1337 4150 non
1368 4102 1530 4149 totam
1580 4093 1859 4150 confertim
1889 4095 2093 4149 doctri-

519 4203 640 4242 nam
669 4188 721 4241 in
742 4186 1039 4241 auditorum
1066 4187 1272 4240 animos
1300 4184 1553 4249 effundat,
1583 4183 1678 4240 sed
1702 4193 1757 4238 ut
1787 4192 1952 4239 totum
1974 4184 2094 4253 pln-

517 4277 682 4332 resin
708 4285 883 4346 partes
923 4274 1227 4340 dividendo,
1245 4275 1354 4330 hac
1393 4274 1762 4329 distributione
1789 4274 1955 4329 levius
1976 4274 2098 4328 red—

519 4366 884 4421 datoratiunis
910 4380 1063 4418 onus.
1112 4363 1244 4418 Nam
1277 4363 1472 4433 lingua,
1504 4362 1733 4427 auditus,
1766 4372 1819 4417 et
1844 4377 2093 4416 sensuum

523 4465 827 4510 nostrorum
854 4456 1065 4523 singuli,
1097 4454 1335 4519 modum,
1379 4455 1593 4524 regulas.
1617 4455 1972 4523 terminosque
1997 4452 2094 4506 ha-

522 4545 679 4609 bent,
723 4558 856 4614 quos
884 4545 927 4599 si
956 4546 1072 4615 quis
1113 4543 1404 4614 transgredi
1429 4543 1593 4607 velit,
1625 4558 1655 4596 a
1688 4551 1949 4611 praesente
1997 4542 2098 4597 sibi

494 4639 770 4695 facultate
803 4638 1065 4709 dejieitnr.
1110 4637 1245 4705 Quid
1271 4637 1410 4691 enim
1431 4676 1446 4703 ,
1492 4649 1689 4705 qumso,
1716 4635 1833 4688 luce
1857 4633 2101 4688 dulcius?

526 4731 663 4799 Quid
705 4730 854 4784 radio
889 4728 1219 4799 jucundius?
1267 4728 1512 4782 Attamen
1565 4725 1679 4780 ιιωο
1707 4725 1956 4791 suavitas,
1985 4724 2102 4779 haec

527 4823 804 4891 voluptas,
834 4822 877 4875 si
922 4821 1057 4875 ultra
1100 4818 1314 4873 modum
1345 4818 1396 4871 in
1434 4816 1601 4871 oculis
1628 4826 1888 4878 versetur,
1930 4814 2103 4884 gravis

527 4914 856 4982 molestaqne
906 4910 1152 4965 efﬁcitur.
1198 4907 1553 4977 Quamobrem
1600 4907 1737 4960 Dens
1763 4905 1865 4960 diei
1896 4918 2101 4959 nactam

526 5006 814 5062 succedere
856 5005 1039 5071 voluit,
1070 5013 1124 5058 ut
1157 5003 1396 5073 fatigatos
1425 5000 1605 5056 oculos
1630 5000 1875 5055 demissis
1917 4998 2101 5069 palpe-

532 5099 640 5152 bris
668 5096 919 5167 operiret,
978 5095 1203 5164 pupillas
1254 5093 1486 5163 sopiret,
1532 5092 1969 5159 laborantemque
1997 5089 2105 5143 vim

528 5190 804 5246 oculorum
830 5186 992 5259 quieti
1030 5186 1200 5250 daret,
1239 5194 1292 5240 et
1335 5184 1400 5238 ad
1431 5183 1701 5253 sequentis
1738 5182 1843 5236 diei
1875 5181 2105 5235 ofﬁcium

529 5282 787 5352 aptiorem
834 5279 1098 5335 redderet.
1153 5275 1273 5331 ldeo
1316 5274 1490 5345 vigilia
1539 5282 1592 5328 et
1620 5287 1839 5327 somnus
1890 5271 2025 5323 inter
2050 5283 2109 5323 se

530 5372 794 5437 contraria
837 5385 900 5425 ex
931 5369 1204 5424 moderato
1231 5381 1327 5420 usu
1358 5379 1537 5435 parem
1560 5361 1941 5432 jncunditatem
1980 5356 2110 5412 affe-

533 5471 676 5529 runt,
706 5474 930 5529 cumque
952 5461 1123 5514 lucem
1142 5471 1357 5512 suavem
1378 5468 1647 5516 vocemus,
1671 5464 1886 5506 suavem
1911 5449 2112 5518 pariter

534 5568 785 5608 vocamus
813 5568 1057 5607 somnum
1102 5551 1189 5621 qui
1221 5563 1319 5605 nos
1348 5546 1558 5602 abducit
1584 5561 1613 5599 a
1643 5545 1776 5599 luce.
1811 5543 1885 5598 Ita
1914 5542 2108 5595 inuno-

532 5644 752 5708 deratus
774 5658 899 5697 usus
928 5643 1121 5712 ubique
1145 5640 1320 5710 gravis
1350 5639 1707 5706 molestusque
1726 5644 1828 5700 est,
1858 5631 2107 5687 modera-

540 5745 623 5805 tus
644 5740 828 5789 contra
849 5730 1040 5796 dulcis,
1066 5730 1208 5787 utilis
1227 5741 1280 5786 et
1307 5728 1503 5784 suavis.
1528 5724 1728 5784 Idcirco
1752 5737 1845 5783 nos
1869 5732 2109 5796 quartam

2194 3667 2496 3738 quintamve
2522 3664 2662 3718 diem
2684 3658 2885 3715 emensi
2904 3658 2951 3722 ί,
2980 3669 3044 3712 ex
3070 3668 3177 3725 quo
3207 3652 3274 3708 de
3311 3648 3770 3720 incomprehensi-

2195 3758 2289 3813 bili
2317 3770 2473 3826 agere
2500 3752 2757 3822 coepimus
2776 3790 2791 3815 ,
2836 3762 2902 3802 ne
2939 3745 3153 3816 quidem
3176 3742 3331 3797 hodie
3356 3739 3768 3810 disputationem

2197 3848 2475 3902 absolvere
2517 3839 2927 3904 destinavimus,
2965 3835 3060 3891 sed
3084 3843 3360 3904 postquam
3397 3846 3460 3886 ea
3489 3845 3604 3899 qua:
3636 3828 3771 3883 satis

2190 3939 2303 3994 sint
2318 3945 2506 3992 vestrm
2527 3930 2732 3988 caritati
2749 3925 3177 3990 disseruerimus,
3192 3935 3374 3977 rursus
3393 3919 3556 3975 menti
3575 3925 3772 3971 vestras

2199 4027 2435 4084 inducias
2454 4023 2584 4079 dare
2610 4020 2967 4076 decrevimus.
2999 4014 3223 4070 Ubinam
3250 4026 3376 4080 ergo
3395 4023 3565 4079 nuper
3586 4007 3775 4074 dispu-

2201 4118 2344 4175 tandi
2374 4116 2532 4170 ﬁnem
2560 4110 2811 4168 fecimus?
2856 4106 2986 4161 Nam
3014 4104 3136 4159 inde
3158 4115 3456 4157 sermonem
3496 4110 3774 4152 resumere

2200 4205 2485 4272 convenit,
2510 4218 2613 4258 una
2641 4199 2898 4270 siquidem
2947 4205 3029 4251 est
3057 4192 3308 4249 doctrina-
3335 4189 3520 4245 series.
3544 4185 3775 4240 Diceba-

2200 4316 2318 4356 mus
2349 4308 2474 4354 tunc
2499 4296 2615 4352 haec
2639 4308 2756 4348 esse
2782 4291 2871 4346 ﬁlii
2894 4287 3107 4344 tonitrui
3130 4283 3309 4347 verba,
3342 4274 3505 4334 Deum
3531 4293 3674 4332 nemo
3702 4277 3772 4329 vi-

2202 4392 2275 4446 dit
2310 4404 2545 4458 umquam
2572 4402 2590 4440 :
2623 4382 2922 4453 Unigeuitus
2951 4376 3133 4441 Filius,
3156 4374 3240 4443 qui
3266 4371 3411 4426 estin
3435 4370 3550 4424 sinu
3576 4366 3774 4458 Patris,

2203 4486 2310 4553 ipse
2337 4455 2566 4550 exposuit
2595 4475 2769 4546 (Joan.
2804 4473 2848 4525 ι.
2900 4468 3010 4535 18).
3038 4464 3207 4520 Hodie
3232 4478 3336 4531 quo
3365 4461 3484 4514 loco
3506 4458 3625 4553 ipse
3652 4455 3778 4553 uni—

2203 4548 2412 4643 genitus
2436 4568 2604 4622 Filius
2644 4559 2948 4633 exposuerit
2979 4555 3160 4611 dicere
3182 4566 3357 4643 opera:
3386 4548 3613 4643 pretium
3650 4548 3755 4599 erit

2206 4633 2506 4731 chspondit,
2534 4654 2735 4725 inquit,
2765 4649 2962 4704 Judazis
2991 4657 3036 4700 et
3063 4643 3195 4697 dixit
3226 4658 3243 4694 :
3282 4638 3404 4731 Non
3573 4633 3781 4731 [lanam

2206 4721 2323 4807 vidit
2351 4721 2630 4819 quisquam,
2654 4742 2749 4797 nisi
2773 4741 2835 4805 is,
2866 4737 3043 4807 quiest
3070 4749 3132 4788 ea:
3157 4731 3261 4785 Deo
3276 4742 3303 4793 ξ
3323 4729 3403 4781 hic
3426 4725 3547 4780 vidit
3568 4721 3783 4819 Patren:

2207 4814 2394 4916 (Id.
2421 4839 2490 4895 46
2514 4838 2531 4907 )
2551 4878 2567 4893 .
2615 4835 2882 4890 Visionem
2913 4829 2999 4883 hic
3027 4840 3206 4916 rursus
3225 4819 3582 4916 cognitionem
3603 4814 3787 4916 appel-

2211 4909 2283 4989 lat
2314 4949 2326 4985 :
2360 4946 2459 4987 nec
2483 4925 2788 4995 simpliciter
2816 4919 2968 4983 dixit,
3021 4914 3185 4970 Nemo
3215 4913 3335 4966 vidit
3380 4909 3606 4971 Patrem,
3638 4911 3790 4973 post-

2208 5038 2376 5094 eaque
2398 5019 2580 5082 tacuit,
2610 5032 2675 5069 ne
2700 5013 2818 5083 quis
2851 5012 2918 5064 de
2948 5005 3248 5063 hominibus
3288 5010 3491 5094 tantum
3519 4997 3635 5049 haec
3660 5007 3790 5048 eum

2209 5089 2405 5171 dixisse
2434 5116 2667 5179 putaret;
2711 5103 2803 5158 sed
2842 5114 2960 5154 eum
2989 5094 3270 5151 ostendere
3296 5089 3453 5143 vellet
3487 5099 3658 5155 neque
3685 5098 3789 5135 an-

2210 5210 2378 5282 gelos,
2411 5220 2583 5276 neque
2631 5197 2994 5268 archangelos,
3048 5205 3219 5260 neque
3274 5196 3531 5255 supernas
3566 5179 3793 5233 virtutes

2277 5362 2295 5393 ί
2330 5368 2442 5407 Cum
2485 5355 2599 5407 dicit
2636 5353 2993 5414 Chrysostomus
3032 5358 3088 5396 se
3120 5343 3218 5414 jam
3251 5333 3795 5414 quartamﬂquiutariv‘e

2211 5398 2622 5481 eamihi};
2643 5398 2845 5476 iubas
2883 5398 3358 5515 Iummplre'heusibili
3379 5406 3655 5467 sermonem
3692 5403 3799 5461 mo-

2215 5494 2333 5515 ι-ηιαρ
2356 5487 2565 5515 Nummi
2587 5510 2601 5515 -
2626 5486 2743 5515 mm
2777 5478 2922 5515 nutes
2962 5471 3015 5515 in
3077 5479 3135 5515 oc
3167 5472 3381 5515 qumque
3405 5456 3594 5505 dierum
3636 5459 3798 5515 spatio

2356 5456 2766 5540 αἰξὶ--
2777 5456 2930 5537 putes
2944 5456 3015 5518 fin
3042 5456 3140 5540 hoc,
3151 5456 3798 5540 ‘quinguediegumn

2626 5511 2922 5603 En'ciéiiéﬁ
2953 5511 3556 5603 com—preheud‘izmq‘ttapd‘o

2215 5575 3803 5663 sizt'a'a'arerzéaaamaegraecius?sua:

2597 5633 3690 5723 illeui‘rli‘iiio‘secu-udt‘ééeda‘isﬁeutuﬂ-haud
3711 5633 3795 5682 du-

2215 5698 3189 5788 iiiETEo'c"§h31h6i~'iéi'iiiﬁnaiié’uicmn
3210 5706 3413 5770 spatium
3434 5698 3618 5761 Incipit.
