4062 6166
172 273 275 331 735

162 388 424 461 καθάπερ
446 389 505 444 ἓν
530 391 692 462 σῶμα
721 388 1204 466 συνεσφιγμένους,
1236 400 1331 453 καὶ
1356 400 1496 469 μετά
1527 401 1729 473 πολλῆς
1745 402 1844 472 τῆς

163 476 458 549 ἀκριϐείας
482 481 599 543 τοῖς
622 480 940 552 λεγομένοις
967 485 1445 556 προσηλωμένους,
1467 488 1713 544 καθεῖναι
1744 492 1846 562 μέν

163 582 317 629 τινας
350 565 466 619 τῶν
501 566 669 621 αὑτοῦ
694 568 958 624 διακόνων
984 572 1112 635 τοὺς
1143 572 1233 627 διά
1257 575 1568 647 συμϐουλῆς
1598 579 1690 632 καὶ
1712 596 1846 653 παρ-

158 653 427 740 αινέσεως
464 654 774 721 ἀπάξοντας
810 659 953 729 ὑμᾶς
989 660 1090 731 τῆς
1123 663 1443 734 ἀκροάσεως
1483 666 1584 719 οὐκ
1613 667 1844 740 ἐτόλμη-

161 756 288 827 σεν·
324 739 444 811 ᾔδει
469 741 582 814 γάρ
608 744 685 806 ὡς
712 745 887 808 οὐδεὶς
912 746 1069 817 ὑμῶν
1092 748 1342 813 ἀνέξεται
1368 750 1478 804 τῶν
1506 752 1678 806 ταῦτα
1706 739 1845 827 συμ-

160 826 552 884 ϐουλευόντων
576 831 782 903 λῃστάς
808 833 866 886 δέ
892 852 1046 898 τινας
1065 837 1157 889 καὶ
1193 837 1646 912 βαλαντιοτόμους
1675 845 1842 912 ἐγκα-

159 912 396 983 ταμίξας
422 916 504 986 τῷ
537 918 756 989 πλήθει,
790 921 1171 992 παρεσκεύασε
1204 926 1359 996 παρά
1385 927 1597 981 πολλῶν
1635 930 1835 986 πολλά-

158 1017 249 1064 κις
295 1003 408 1056 τῶν
461 1005 699 1059 ἐνταῦθα
754 1008 1164 1081 συλλεγομένων
1215 1014 1459 1083 χρυσίον,
1508 1017 1645 1089 ὅπερ
1694 1016 1838 1090 εἶχον

155 1090 576 1162 ἀποδεδεμένον,
648 1095 977 1164 ὑφελέσθαι’
1044 1100 1141 1152 καὶ
1192 1100 1355 1155 τοῦτο
1416 1103 1677 1169 πολλάκις
1742 1110 1836 1164 καὶ

153 1178 253 1266 ἐπί
508 1181 744 1236 ἐνταῦθα
767 1184 988 1257 συνέϐη.
1016 1187 1111 1240 "lv‘
1136 1183 1230 1241 οῦν
1257 1189 1392 1259 μηδέ
1416 1192 1573 1245 τοῦτο
1595 1196 1832 1266 γίνηται,

156 1265 295 1336 μηδὲ
332 1265 434 1338 τὴν
464 1268 594 1339 περὶ
624 1270 725 1341 τήν
762 1273 1024 1343 ἀκρόασιν
1068 1275 1378 1346 προθυμίαν
1410 1281 1442 1350 ἡ
1477 1280 1587 1334 τῶν
1620 1265 1838 1354 χρημά-

151 1369 263 1406 των
291 1353 469 1424 ζημία
497 1358 807 1431 κατασϐέσῃ
834 1360 912 1426 τῷ
939 1362 1136 1433 χρόνῳ,
1167 1364 1378 1419 πολλῶν
1409 1366 1567 1421 τοῦτο
1599 1353 1836 1442 πασχόν-

150 1456 281 1530 των,
313 1445 572 1513 παραινῶ
595 1446 689 1498 καὶ
717 1447 1069 1517 συμϐουλεύω
1096 1452 1263 1507 πᾶσιν
1286 1453 1434 1524 ὑμῖν,
1470 1457 1673 1527 μηδένα
1701 1476 1834 1530 χρυ·
1866 1484 1871 1489 ί

151 1529 268 1618 σίον
312 1531 716 1603 ἐπιφερόμενον
749 1536 950 1591 ἐσιέναι
980 1538 1236 1603 ἐνταῦθα,
1279 1540 1418 1595 ὥστε
1453 1544 1526 1615 μὴ
1559 1546 1658 1616 τὴν
1693 1529 1833 1618 ὑμε-

147 1616 317 1687 τέραν
349 1621 608 1691 σπουδήν,
645 1621 743 1692 τὴν
777 1625 905 1696 περὶ
929 1626 1026 1690 τὴν
1051 1628 1334 1698 ἀκρόασιν,
1364 1631 1572 1698 ἑφόδιον
1604 1616 1833 1699 ἐκείνοις

146 1704 408 1770 γενέσθαι
440 1708 538 1777 τῆς
578 1710 938 1780 κακουργίας,
983 1714 1118 1783 μηδὲ
1153 1715 1250 1786 τὴν
1279 1717 1472 1787 ἡδονὴν
1521 1719 1617 1791 τὴν
1644 1723 1708 1775 ἐκ
1733 1723 1832 1793 τῆς

145 1794 386 1848 ἐνταῦθα
415 1797 702 1869 διατριϐῆς
732 1800 1096 1881 ἐγγινομένην
1119 1805 1269 1875 ὑμῖν,
1299 1808 1364 1875 τῇ
1394 1806 1504 1860 τῶν
1533 1812 1832 1881 χρημάτων

144 1862 556 1954 ἀμαυρωθῆναζ
580 1862 756 1958 κλοπῇ
773 1862 882 1958 ’(ἑι).
912 1862 1022 1943 ἰςαι
1044 1862 1205 1963 ξλείὸ
1231 1862 1477 1959 δἰάέᾉλος
1511 1862 1833 1953 τ’ἐέῖὲὲζςᾶὲᾷ

145 1971 474 2039 εσκεύασεν,
496 1974 595 2044 οὑχ
616 1976 702 2029 ἵνα
725 1977 870 2046 ὑμᾶς
891 1980 1247 2052 πενεστέρους
1263 1982 1587 2054 ἐργάσηται,
1606 1986 1721 2044 ἀλλ’
1744 1988 1831 2042 ἵνα

145 2060 179 2128 ἡ
210 2058 325 2111 τῶν
361 2062 664 2131 χρημάτων
698 2063 964 2132 ἀπώλεια,
1004 2068 1084 2131 εἰς
1113 2068 1305 2139 ἀηδίαν
1340 2072 1486 2140 ὑμᾶς
1518 2074 1831 2144 ἐμϐαλοῦσα

144 2146 380 2215 πολλὴν,
405 2148 501 2218 τῆς
524 2150 835 2221 προθυμίας
856 2154 1122 2229 ἀπαγάγῃ
1141 2156 1241 2227 τῆς
1271 2158 1399 2229 περὶ
1420 2160 1516 2231 τὴν
1541 2161 1827 2233 ἀκρόασιν.

155 2234 316 2288 Ἐπεὶ
342 2237 435 2288 καὶ¹
467 2238 559 2291 τὸν
598 2238 717 2292 Ἰὼϐ
742 2239 852 2294 τῶν
881 2246 1176 2314 χρημάτων
1206 2246 1524 2317 ἐγύμνωσεν
1551 2251 1826 2320 ἁπάντων,

143 2323 244 2413 οὑχ
278 2323 368 2413 ῖνα
418 2326 745 2398 πενέστερον
790 2330 1116 2402 ἐργάσηται,
1166 2333 1280 2387 ἀλλ’
1311 2335 1399 2388 ἴνα
1438 2338 1701 2411 γυμνώσῃ
1731 2342 1829 2413 τῆς

141 2410 451 2475 εὐσεϐείας.
490 2413 565 2467 Τὸ
603 2415 712 2488 γὰρ
744 2417 1178 2489 σπουδαζόμενον
1208 2421 1422 2493 ἐκείνῳ,
1467 2425 1527 2478 οὑ
1567 2410 1829 2498 χρήματα

140 2503 483 2589 ἀφελέσθαι(
498 2499 607 2559 οἶδε
634 2506 743 2576 γάρ
763 2506 917 2561 οὑδέν
947 2508 1104 2563 τοῦτο
1121 2509 1235 2580 δν),
1273 2512 1387 2565 ἀλλ’
1414 2513 1502 2568 ἴνα
1519 2514 1591 2583 (b)
1619 2516 1707 2569 διὰ
1729 2519 1829 2589 τῆς

130 2587 249 2675 τῶν
271 2588 577 2659 χρημάτων
602 2590 948 2662 ἀφαιρέσεως
969 2593 1049 2656 είς
1072 2594 1349 2667 ἁμαρτίαν
1379 2596 1558 2668 ψυχῆς
1580 2587 1794 2675 ἐμϐάλῃ
1810 2620 1824 2634 ·

132 2674 248 2728 κᾶν
282 2676 360 2746 μὴ
391 2676 553 2730 τοῦτο
591 2677 785 2749 ἰσχύσῃ
822 2680 1066 2750 ποιῆσαι,
1101 2682 1252 2735 οὐδὲν
1296 2684 1559 2756 ἡγήσεται
1607 2674 1827 2760 κατωρ-

139 2762 377 2816 θωκέναι
424 2765 578 2818 ππέ.
624 2765 1008 2830 Εἰδὼςτοίνυν
1051 2769 1218 2822 αὑτοῦ
1255 2771 1354 2841 τὴν
1403 2772 1650 2845 γνώμην,
1683 2776 1828 2844 ἀγα-

140 2850 307 2919 πητέ,
340 2853 473 2906 ὅταν
519 2854 795 2924 ἀφέληταί
826 2871 920 2908 σου
954 2857 1195 2928 χρυσίον,
1226 2858 1258 2930 ἢ
1298 2858 1385 2913 διά
1414 2859 1652 2935 λῃστῶν,
1690 2862 1723 2934 ἡ
1756 2864 1825 2917 δι’

140 2936 336 3008 ἐτέρας
381 2939 532 3003 τινὸς
578 2941 927 3012 προφάσεως,
986 2942 1207 3007 δόξασον
1255 2944 1345 2998 τὸν
1397 2948 1697 3020 Δεσπότην,
1731 2952 1826 3006 καὶ

200 3050 230 3079 ⁸
260 3049 347 3126 εἰς
367 3050 522 3126 ξεῖὶ1;
549 3053 966 3126 et_plurimi‘mss.
1007 3057 1180 3126 Marp].
1216 3061 1302 3117 τὴν
1342 3062 1438 3108 τῶν
1460 3063 1719 3126 χρημάτων
1742 3072 1826 3125 τῆς

142 3114 309 3180 ιειῖενἹ.Δ
321 3114 560 3180 ἐμβαλεῖν.
600 3114 653 3165 Ἀ
660 3120 958 3180 μαυρωθῆναι
973 3122 1174 3177 κλοπήν.

198 3174 229 3218 ι
254 3174 339 3225 Sic
358 3174 512 3226 Sam.
536 3181 590 3227 et
613 3174 822 3228 maxima
844 3174 956 3243 ρει-ε
972 3195 1088 3232 mss.
1112 3174 1282 3232 Morel.
1306 3185 1428 3234 ἀλλὰ
1460 3185 1554 3233 διά.

1205 283 1292 337 DE
1333 284 2025 343 INCOMPREIIENSIBiLI
2063 288 2169 343 DEI
2211 287 2515 346 NATURA.
2558 290 2616 346 ν.

1950 402 2110 457 πλέον
2142 403 2238 476 ἔσῃ
2271 404 2640 476 κεκερδηκὼς,
2672 406 2764 461 καὶ
2783 406 2977 481 διπλῆν
3001 407 3197 473 δώσεις
3216 408 3296 480 τῷ
3321 407 3500 479 ἐχθρῷ
3519 408 3618 480 τὴν

1946 490 2180 562 πληγὴν,
2204 491 2285 544 ὅτι
2309 509 2367 545 τε
2400 493 2501 546 οὐκ
2532 492 2917 566 ἐδυσχέρανας,
2950 496 3045 550 καὶ
3073 497 3155 549 ὄτι
3180 496 3614 567 ηὐχαρίστησας.

1946 582 2043 633 Ἂν
2080 582 2176 651 μὲν
2211 581 2319 652 γὰρ
2355 582 2459 654 ἴδῃ,
2491 583 2572 637 ὅτι
2607 600 2666 636 σε
2694 587 2945 639 ταπεινοῖ
2975 584 3083 640 τῶν
3118 584 3416 657 χρημάτων
3447 584 3481 654 ἡ
3519 582 3619 653 ζη-

1946 669 2062 741 μία,
2094 670 2188 723 καὶ
2228 671 2403 724 πείθει
2440 672 2581 726 κατά
2612 671 2707 725 τοῦ
2760 672 3032 728 Δεσπότου
3074 674 3429 743 δυσχερᾶναι,
3463 667 3616 723 οὐδέ-

1944 774 2072 810 ποτε
2096 757 2461 829 ἀποστήσεται
2496 758 2653 813 τοῦτο
2689 760 3082 832 ἐργαζόμενος⁸
3124 759 3190 814 ἂν
3227 758 3285 812 δέ
3325 758 3613 827 θεάσηται,

1940 844 2020 897 ὅτι
2062 844 2123 897 οὐ
2165 844 2323 915 μόνον
2365 847 2425 899 οὑ
2476 845 2816 917 βλασφημεῖς
2849 849 2941 902 τὸν
2989 847 3329 918 πεποιηκότα
3360 863 3419 899 σε
3454 844 3609 910 Θεὸν,

1939 930 2074 986 ἀλλά
2099 932 2192 986 καὶ
2220 932 2561 1007 εὐχαριστεῖς
2591 933 2739 1006 αὐτῷ
2776 935 2862 1004 ἐφ’
2893 936 3107 1007 ἑκάστῳ
3143 934 3250 988 τῶν
3286 929 3613 1004 συμϐαινόν-

1937 1035 2045 1071 των
2068 1018 2275 1083 δεινῶν,
2303 1022 2381 1073 ἀπ
2392 1024 2670 1093 οστήσεται
2693 1021 2839 1093 [480]
2858 1023 3078 1091 ἐπάγων
3102 1023 3226 1082 τοὺς
3247 1017 3608 1091 πειρασμοὺς,

1938 1104 2093 1168 είδὼς
2122 1106 2202 1160 ὄτι
2227 1108 2574 1179 εὐχαριστίας
2601 1125 2684 1163 σοι
2716 1109 2969 1173 ὑπόθεσις
2994 1109 3202 1178 γίνεται
3228 1107 3334 1161 τῶν
3360 1105 3548 1159 δεινῶν
3573 1105 3607 1173 ἡ

1937 1194 2122 1263 πεῖρα,
2150 1193 2243 1247 καὶ
2268 1194 2680 1267 λαμπροτέρους
2701 1195 2992 1267 ἐργάξεταί
3022 1213 3104 1249 σοι
3129 1196 3257 1258 τοὺς
3286 1191 3607 1262 στεφάνους.

1934 1279 2029 1332 καὶ
2062 1280 2283 1334 πλείονα
2314 1282 2380 1336 τά
2412 1282 2656 1353 βραϐεῖα.
2696 1284 2870 1353 Ὅπερ
2913 1279 3005 1338 οῦν
3054 1283 3147 1337 καὶ
3208 1281 3300 1334 ἐπὶ
3333 1278 3430 1333 τοῦ
3485 1275 3613 1330 Ἰὼϐ

1932 1365 2175 1434 γέγονεν.
2221 1369 2436 1440 Ἐπειδὴ
2482 1369 2591 1442 γὰρ
2637 1369 2968 1441 ἀφελόμενος
3015 1368 3178 1422 αὑτοῦ
3219 1367 3290 1421 τά
3326 1366 3609 1437 χρήματα,

1934 1455 2028 1508 καὶ
2054 1455 2115 1508 τὸ
2144 1455 2304 1526 σῶμα
2329 1458 2594 1525 πατάξας,
2626 1454 2765 1513 εἶδεν
2800 1459 3120 1529 εὐχάριστον
3147 1456 3459 1527 γενόμενον,
3481 1455 3610 1508 οὐκ·

1934 1540 2015 1594 ἐτι
2063 1542 2383 1613 προσελθεῖν
2421 1545 2743 1617 ἐτόλμησεν,
2790 1545 2905 1598 ἀλλ’
2939 1544 3173 1615 αἰσχρὰν
3200 1543 3295 1597 καὶ
3322 1542 3608 1609 ἀσύγγνω-

1935 1646 2060 1682 στον
2085 1630 2383 1701 ὑπομείνας
2404 1628 2571 1705 ἧτταν
2595 1632 2780 1704 ἀπῄει,
2812 1632 3194 1703 λαμπρότερον
3229 1630 3606 1703 ἐργασάμενος

1931 1715 2025 1767 τοῦ
2053 1716 2187 1770 Θεοῦ
2231 1718 2322 1771 τὸν
2348 1719 2607 1790 ἀθλητήν.
2641 1718 2824 1773 Ταῦτα
2869 1714 2961 1772 οῦν
2995 1720 3089 1771 καὶ
3123 1719 3283 1787 ἡμεῖς
3316 1716 3517 1779 εἰδότες
3547 1713 3605 1767 ιν

1935 1807 2094 1878 μόνον
2126 1807 2439 1878 φοϐώμεθα,
2481 1810 2580 1879 τὴν
2632 1809 2926 1880 ἁμαρτίαν,
2961 1806 3029 1861 τὰ
3073 1807 3131 1860 δὲ
3168 1806 3302 1861 ἄλλα
3343 1804 3607 1872 γενναίως

1932 1895 2206 1966 φέρωμεν,
2226 1896 2329 1949 κᾶν
2348 1895 2645 1967 χρημάτων
2666 1895 2858 1967 ζημία,
2892 1896 2997 1949 κᾶν
3019 1895 3173 1958 νόσος
3192 1893 3478 1965 σωμάτων,
3503 1891 3608 1945 κάν

1930 1983 2282 2054 περιστάσεις
2309 1984 2671 2054 πραγμάτων,
2702 1982 2802 2037 κᾶν
2832 1984 3086 2054 ἐ-πήρεια,
3122 1980 3224 2034 κᾶν
3251 1977 3605 2049 συκοφαντία,

1929 2068 2033 2122 κᾶν
2053 2069 2181 2123 ἀλλο
2214 2070 2392 2124 ὁτιοῦν
2421 2070 2692 2141 ἐπάγηται
2718 2069 2889 2124 δεινὸν
2918 2071 3050 2141 ἡμῖν
3081 2068 3173 2140 (σ)·
3200 2067 3410 2121 τούτων
3432 2065 3544 2137 γὰρ
3570 2067 3605 2136 ἡ

1930 2156 2089 2227 φύσις
2116 2157 2176 2210 οὐ
2219 2156 2379 2228 μόνον
2417 2159 2566 2228 ἡμᾶς
2606 2158 2665 2211 οὐ
2699 2156 3081 2228 παραϐλάψει,
3109 2155 3248 2210 ἀλλὰ
3282 2152 3377 2208 καὶ
3404 2152 3472 2207 τὰ
3506 2152 3604 2223 μέ⁴

1927 2261 2090 2314 γιστα
2126 2245 2403 2316 ὠφελῆσαι
2450 2246 2760 2316 δυνήσεται,
2813 2245 2879 2299 ἂν
2930 2244 3046 2314 μετ’
3082 2242 3433 2314 εὐχαριστίας
3466 2238 3607 2294 αὑτά

1928 2331 2203 2401 φέρωμεν,
2252 2335 2347 2386 καὶ
2395 2332 2648 2395 πλείονας
2690 2335 2823 2402 ἡμῖν
2856 2331 3153 2403 ἐργάσεται
3180 2331 3309 2394 τοὺς
3356 2326 3603 2400 μισθούς.

1938 2420 2102 2491 Ὁρᾷς
2148 2420 2279 2490 γοῦν
2326 2421 2422 2474 καὶ
2459 2422 2553 2475 τὸν
2596 2420 2718 2474 Ἰὼϐ
2760 2419 2900 2491 μετὰ
2927 2420 2987 2473 τὸ
3014 2421 3137 2483 τοὺς
3170 2417 3471 2487 στεφάνους
3505 2417 3605 2485 τῆς

1928 2508 2204 2579 ὑπομονῆς
2231 2510 2325 2563 καὶ
2348 2509 2451 2579 τῆς
2477 2509 2727 2580 ἀνδρείας
2752 2508 2999 2571 ἅπαντας
3024 2505 3419 2577 ἀναδήσασθαι,
3440 2502 3606 2557 διπλᾶ

1926 2594 1993 2648 τά
2018 2594 2335 2649 ἀπολωλότα
2364 2594 2706 2667 ἀπειληφότα
2728 2593 2966 2648 ἅπαντα.
2997 2594 3070 2646 Σὺ
3099 2593 3157 2646 δὲ
3175 2591 3296 2663 οὐχὶ
3324 2590 3486 2643 διπλᾶ
3507 2592 3602 2643 καὶ

1925 2682 2149 2753 τριπλᾶ,
2189 2682 2303 2736 ἀλλ’
2335 2681 2867 2737 ἑκατονταπλασίονα
2898 2680 3076 2734 πάντα
3108 2679 3386 2751 ἀπολήψῃ,
3413 2676 3479 2731 ἂν
3507 2677 3603 2746 φέ-

1931 2784 2031 2840 ρῃς
2061 2770 2345 2836 γενναίως,
2375 2770 2467 2823 καὶ
2499 2770 2643 2841 ζωὴν
2671 2768 2888 2823 αίώνιον
2921 2768 3384 2841 κληρονομήσειςο
3414 2760 3484 2838 ἦς
3507 2765 3605 2834 γέ.

1927 2872 2070 2908 νοιτο
2104 2856 2310 2920 πάντας
2344 2858 2489 2927 ἡμᾶς
2534 2858 2831 2926 ἐπιτυχεῖν,
2867 2856 3051 2928 χάριτι
3082 2856 3175 2909 καὶ
3221 2853 3604 2926 φιλανθρωπίᾳ

1930 2941 2025 2994 τοῦ
2053 2942 2260 3013 Κυρίου
2288 2942 2447 3013 ήμῶν
2493 2943 2667 3012 Ἰησοῦ
2696 2942 2955 3015 Χριστοῦ,
2980 2935 3024 3010 ᾧ
3052 2945 3085 3011 ἡ
3109 2940 3237 3006 δόξα
3261 2942 3355 2994 καὶ
3383 2941 3445 2994 τὸ
3468 2939 3605 3011 κρά-

1929 3044 2040 3091 τος,
2066 3027 2161 3082 νῦν
2183 3030 2279 3083 καὶ
2297 3030 2405 3093 ἀεὶ,
2431 3030 2523 3083 καὶ
2544 3031 2625 3093 είς
2650 3030 2774 3093 τοὺς
2795 3029 2997 3093 αἰῶνας
3015 3029 3123 3082 τῶν
3146 3028 3377 3082 αἰώνων.
3409 3027 3601 3099 Ἀμήν.

1994 3134 2016 3162 ο
2041 3131 2192 3198 Savjl.
2213 3133 2373 3198 εξιάυο
2384 3134 2579 3198 codices
2598 3135 2686 3198 κάν
2708 3134 2827 3198 ἄλλη
2851 3151 2921 3190 τις
2944 3134 3053 3198 ὑμῖν
3080 3134 3375 3198 ἐπεγείρηται
3394 3134 3605 3191 δυσκλη⁴

1994 3151 2016 3162 ν
2041 3151 2192 3181 δδγιι.
2213 3151 2373 3183 οιαυο
2384 3151 2579 3183 ρουιοεε
2598 3151 2686 3183 καν
2708 3151 2827 3192 auum
2851 3151 2921 3190 τις
2944 3151 3053 3197 υμιν
3080 3151 3138 3181 επ
3195 3151 3254 3198 εις

1930 3193 2023 3256 ρία.
2053 3194 2246 3243 Τούτων
2269 3196 2358 3259 γὰρ
2375 3197 2405 3253 ἠ
2436 3195 2573 3258 φύσις
2598 3197 2652 3244 οὐ
2680 3196 2821 3259 μόνον
2842 3198 2964 3259 ὑμᾶς
2986 3196 3041 3245 οὑ
3072 3151 3254 3259 algu.

222 3297 3445 3330 Ἥ

1067 3398 1428 3513 ΠΕΡΙ
1481 3400 2658 3526 ΑΚΑΤΑΑΗΠΤΟΥ

1453 3572 1634 3626 ΠΡΟΣ
1672 3575 1848 3629 ΤΟΥΣ
1883 3576 1981 3633 AN
1983 3579 2301 3635 ΟΜΟΙΟΥΣ.

721 3800 913 3869 Λόγος
951 3799 1241 3871 πέμπτος.

201 3895 273 3942 α’.
327 3885 589 3941 Ἐπειδὰν
618 3885 785 3959 μέλλῃ
816 3904 899 3951 τις
928 3889 1258 3961 μικροτέρας
1307 3888 1617 3954 ὑποθέσεως
1663 3892 1827 3946 ἅπτε-

138 3977 294 4037 σθαι,
323 3977 423 4031 καὶ
453 3976 667 4029 πολλῶν
695 3976 956 4047 δεομένης
991 3976 1294 4046 λόγων,καὶ
1308 3978 1492 4033 οὐκ.ὲν
1515 3979 1698 4051 ἡμέρᾳ
1730 3983 1829 4053 μιᾷ

137 4067 230 4120 καὶ
251 4066 348 4120 δύο
376 4066 474 4119 καὶ
494 4064 692 4135 τρισὶν,
720 4065 833 4117 ἀλλ’
866 4067 922 4120 ἐν
958 4064 1135 4136 πολλῷ
1166 4065 1373 4118 πλείοσι
1400 4069 1825 4139 περαιουμένης,

138 4155 439 4222 ἀναγκαῖον
485 4148 624 4206 εἶναι
669 4152 874 4221 νομίζω
916 4151 995 4223 τῷ
1024 4152 1254 4222 τοιούτῳ
1287 4152 1361 4224 μὴ
1404 4154 1586 4207 πᾶσαν
1615 4153 1827 4226 ἀθρόως

142 4241 277 4311 μηδὲ
315 4240 410 4309 ὑφ’
456 4240 514 4292 ἓν
562 4238 864 4292 ἐπιτιθέναι
908 4242 975 4310 τῇ
1017 4239 1129 4291 τῶν
1160 4238 1444 4309 ἀκροατῶν
1481 4240 1693 4312 διανοίᾳ
1722 4242 1825 4313 τὴν

139 4327 512 4390 διδασκαλίαν,
540 4326 657 4380 ἀλλ’
680 4329 759 4389 είς
790 4325 964 4380 πολλά
987 4326 1048 4380 τὸ
1072 4325 1191 4379 ὅλον
1216 4326 1629 4396 κατατέμνοντα
1656 4326 1721 4398 μέ
1732 4345 1823 4401 ρη,

139 4417 345 4486 κοῦφον
380 4415 478 4470 καί
512 4413 780 4485 εὔληπτον
806 4413 885 4485 τῷ
928 4412 1437 4485 κατακερματισμῷ
1462 4411 1620 4468 τοῦτο
1649 4417 1824 4469 ποιεῖν

144 4503 203 4556 τὸ
221 4503 314 4556 τοῦ
345 4501 512 4571 λόγου
534 4502 773 4574 φορτίον.
805 4501 917 4554 Καὶ
939 4500 1048 4572 γὰρ
1074 4501 1166 4553 καὶ
1188 4499 1404 4568 γλῶττα
1439 4501 1535 4555 καὶ
1560 4500 1701 4573 ἀκοὴ
1724 4503 1824 4555 καὶ

148 4590 381 4645 ἕκαστον
409 4588 519 4641 τῶν
547 4580 924 4661 αἰσθητηρίων
952 4591 984 4659 ἡ
994 4588 1108 4659 μῶν
1136 4588 1310 4659 μέτρα
1339 4588 1433 4641 καὶ
1462 4589 1697 4653 κανόνας
1732 4591 1826 4643 καὶ

148 4679 306 4750 ὄρους
332 4675 447 4748 ἔχει
473 4676 784 4747 κειμένους.
811 4675 914 4730 κᾶν
938 4676 1264 4747 ἐπιχειρήσῃ
1292 4692 1373 4739 τις
1401 4676 1626 4740 τούτους
1652 4677 1825 4751 ὑπερ-

147 4766 307 4836 ϐῆναί
336 4782 470 4819 ποτε
513 4764 641 4830 τοὺς
686 4764 867 4835 ὅρους,
912 4764 1135 4833 καὶτῆς
1168 4762 1336 4833 οὔσης
1380 4765 1636 4818 ἐκπίπτει
1660 4766 1826 4821 δυνά-

151 4867 313 4920 μεως.
357 4848 423 4902 Τί
460 4847 569 4921 γάρ
602 4847 936 4919 γλυκύτερον
962 4846 1161 4917 φωτὸς,
1192 4845 1316 4898 εἰπέ
1354 4863 1479 4917 μοι;
1509 4847 1562 4900 τί
1592 4847 1650 4901 δὲ
1674 4848 1823 4920 ἥδιον

145 4940 395 5003 ἀκτῖνοςς
440 4938 558 4992 ἀλλ’
588 4938 738 5009 ὅμως
763 4938 826 4990 τὸ
852 4936 1025 5006 γλυκύ
1056 4939 1215 4993 τοῦτο
1246 4938 1341 4993 καὶ
1366 4937 1487 5008 ἡδὺ,
1526 4937 1655 4991 ὅταν
1684 4938 1825 5010 ὑπὲρ

144 5023 205 5076 τὸ
226 5022 426 5094 μέτρον
454 5023 614 5095 ἡμῶν
640 5022 880 5094 ὁμιλήσῃ
908 5026 1020 5086 τοῖς
1046 5023 1312 5095 ὄμμασιν,
1351 5022 1589 5092 ἐπαχθὲς
1614 5023 1823 5090 γίνεται

148 5114 244 5164 καὶ
288 5111 573 5183 φορτικόν.
636 5109 735 5163 Διὰ
778 5111 945 5183 ’τοῦτο
1000 5113 1096 5166 καὶ
1144 5113 1173 5166 ὁ
1230 5110 1364 5175 Θεὸς
1415 5111 1587 5165 νύκτα
1636 5112 1827 5182 ἐνομο-

151 5198 376 5271 θέτησεν
404 5195 546 5253 εἶναι
587 5198 727 5270 μετά
758 5198 859 5269 τὴν
892 5200 1130 5271 ἡμέραν,
1163 5199 1251 5254 ἵνα
1297 5199 1677 5271 πεπονηκότας
1722 5216 1827 5252 πα-

156 5286 461 5358 ραλαϐοῦσα
502 5289 633 5350 τοὺς
673 5286 1004 5359 ὀφθαλμοὺς,
1052 5286 1383 5359 καταστείλῃ
1426 5286 1495 5340 τά
1556 5286 1823 5358 βλέφαρα,

154 5377 391 5449 κοιμήσῃ
412 5373 514 5439 τὰς
540 5374 730 5448 κόρας,
758 5375 1048 5448 ἀναπαύσῃ
1069 5375 1354 5446 καμοῦσαν
1388 5375 1518 5447 ἡμῖν
1544 5376 1643 5447 τὴν
1667 5376 1821 5429 ὀπτι-

156 5463 250 5534 κὴν
274 5463 527 5534 δύναμιν,
562 5462 658 5515 καὶ
687 5462 823 5533 πρὸς
856 5461 955 5535 τὴν
983 5463 1085 5534 τῆς
1124 5463 1425 5534 μελλούσης
1448 5463 1660 5536 ἡμέρας
1690 5464 1828 5517 θεω-

163 5552 273 5622 ρίαν
300 5551 745 5622 ἐπιτηδειοτέραν
771 5550 1187 5624 παρασκευάσῃ.
1220 5552 1319 5606 Διά
1346 5551 1504 5605 τοῦτο
1533 5552 1628 5604 καὶ
1656 5553 1827 5623 ἐγρή-

160 5655 338 5711 γορσις
374 5640 472 5694 καὶ
506 5637 678 5701 ὕπνος
707 5638 926 5692 ἐναντία
953 5637 1085 5693 ὄντα
1117 5639 1391 5710 ἀλλήλοις,
1422 5639 1531 5694 ἀπὸ
1559 5639 1661 5709 τῆς
1688 5656 1828 5711 συμ-

167 5728 377 5801 μετρίας
420 5725 630 5798 ὁμοίως
673 5724 925 5799 ἀλλήλοις
970 5726 1168 5797 ἡδιστα
1211 5726 1439 5795 γίνεται,
1499 5727 1593 5780 κα)⁸
1652 5726 1825 5795 γλυκὺ

165 5814 442 5880 καλοῦντες
493 5813 572 5887 τὸ,
602 5811 740 5885 φῶς,
789 5813 995 5885 γλυκὺν
1036 5813 1238 5887 ὁμοίως
1283 5813 1554 5885 καλοῦμεν
1590 5815 1684 5868 καὶ
1737 5814 1827 5868 τὸν

1930 3807 2097 3861 ὕπνον
2144 3810 2234 3862 τὸν
2286 3810 2568 3880 ἀπάγοντα
2620 3811 2769 3881 ἡμᾶς
2819 3810 2913 3864 τοῦ
2965 3811 3162 3882 φωτός.
3231 3810 3419 3877 Οὕτως
3453 3810 3609 3887 [48η

1930 3897 1963 3966 ή
2012 3896 2250 3967 ἀμετρία
2302 3898 2580 3969 πανταχοῦ
2618 3896 2755 3970 βαρὺ
2800 3899 2896 3953 καὶ
2925 3899 3182 3969 ἐπαχθὲς,
3231 3901 3327 3954 καὶ
3371 3900 3435 3953 τὸ
3470 3900 3608 3971 σύμ-

1933 3999 2129 4054 μετρον
2183 3984 2279 4054 ἡδὺ
2341 3982 2437 4038 καὶ
2500 3987 2768 4057 χρήσιμον
2822 3987 2954 4057 ἡμῖν
3004 3986 3099 4040 καὶ
3157 3988 3447 4058 προσηνές.
3506 3989 3606 4043 Διά

1928 4070 1992 4141 δὴ
2048 4071 2207 4124 τοῦτο
2255 4073 2349 4126 καὶ
2392 4075 2555 4144 ἡμεῖς
2602 4072 2869 4145 τετάρτην
2903 4073 2934 4144 ἢ
2965 4073 3059 4127 καὶ
3097 4073 3357 4145 πέμπτην
3390 4075 3606 4146 ἡμέραν

1928 4158 2142 4229 ἔχοντες
2192 4158 2401 4224 λοιπὸν,
2444 4160 2503 4224 ἐξ
2540 4154 2601 4214 οῦ
2638 4160 2731 4213 τὸν
2772 4161 2899 4229 περὶ
2930 4160 3318 4232 ἀκαταλήπτου
3347 4161 3606 4233 κινοῦμεν

1926 4245 2102 4314 λόγον,
2140 4246 2350 4299 οὐδέπω
2380 4246 2474 4301 καὶ
2495 4250 2730 4319 τήμερον
2752 4247 2913 4300 αὑτὸν
2937 4247 3237 4318 ἀπαρτίσαι
3269 4250 3609 4320 παρεσκευά·

1929 4329 2123 4400 σμεθα,
2165 4328 2301 4383 ἀλλά
2345 4329 2415 4382 τά
2445 4329 2737 4401 σύμμετρα
2772 4330 2909 4401 πρὸς
2947 4330 3047 4402 τὴν
3076 4330 3349 4403 ὑμετέραν
3379 4330 3605 4404 ἀγάκπην

1926 4412 2190 4476 εἰπόντες,
2221 4412 2380 4467 πάλιν
2408 4414 2720 4467 ἀναπαῦσαι
2751 4415 2850 4484 τὴν
2877 4414 3115 4467 διάνοιαν
3144 4414 3298 4485 ὑμῶν
3334 4414 3602 4486 ἔγνωμεν.

1926 4494 2037 4548 Ποῦ
2074 4494 2252 4551 τοίνυν
2282 4495 2473 4569 πρώην
2502 4497 2593 4550 τὸν
2629 4496 2784 4566 λόγον
2822 4495 3214 4568 κατελίπομεν;
3254 4498 3468 4573 ἀνάγκη
3497 4500 3605 4572 γὰρ

1926 4582 2087 4636 αὑτὸν
2123 4583 2329 4638 ἐκεῖθεν
2380 4584 2663 4639 ἀνελέσθαι
2709 4584 2889 4650 πάλιν,
2934 4584 3119 4657 ἐπειδὴ
3150 4585 3247 4656 μία
3264 4586 3358 4650 τίς
3385 4588 3501 4639 ἐστι
3526 4588 3601 4641 διο

1924 4670 2220 4737 δασκαλίας
2252 4673 2561 4728 ἀκολουθία.
2599 4672 2886 4745 Ἐλέγομεν
2919 4674 3062 4737 τότε,
3098 4674 3180 4727 ὅτι
3202 4674 3300 4743 τῆς
3321 4673 3549 4745 βροντῆς
3575 4675 3606 4728 ὁ

1927 4762 2042 4824 υίὸς
2076 4757 2247 4823 εἶπεν,
2274 4762 2356 4815 ὅτι
2391 4762 2540 4816 Θεὸν
2585 4761 2784 4828 οὐδεὶς
2806 4760 3028 4829 ἑώρακε
3062 4758 3300 4814 πώποτε
3320 4776 3333 4790 ·
3366 4763 3400 4814 δ
3420 4777 3603 4831 μονο-

1927 4848 2110 4920 γενὴς
2155 4851 2309 4916 Υἱός,
2356 4852 2389 4904 ό
2442 4849 2528 4903 ὢν
2569 4850 2639 4903 ἐν
2697 4849 2824 4916 τοῖς
2852 4850 3108 4916 κόλποις
3145 4858 3171 4889 ι
3210 4847 3319 4903 τοῦ
3347 4849 3599 4917 Πατρός,

1924 4938 2107 5005 αὐτὸς
2164 4936 2528 5007 ἐξηγήσατο.
2577 4939 2823 5009 Σήμερον
2880 4934 3175 5005 ἀναγκαῖον
3236 4935 3449 5006 μαθεῖν,
3498 4936 3601 4990 ποῦ

1925 5024 2084 5079 τοῦτο
2107 5024 2269 5089 αὐτὸς
2296 5024 2598 5097 ἐξηγήσατο
2617 5026 2646 5077 ὁ
2676 5024 2967 5096 μονογενὴς
2997 5024 3123 5088 Υἱὸς
3144 5022 3238 5078 τοῦ
3273 5022 3431 5079 Θεοῦ.
3475 5023 3603 5078 Ἁπ-

1925 5114 2155 5183 εκρίθη,
2181 5112 2337 5183 φησὶ,
2370 5113 2492 5180 τοῖς
2532 5112 2856 5180 Ἰουδαίοις,
2875 5112 2974 5167 καί
3008 5108 3206 5168 εἶπεν·
3242 5113 3355 5181 οὐχ
3382 5112 3468 5166 ὅτι
3494 5112 3603 5168 τὸν

1927 5201 2160 5272 Πατέρα
2186 5220 2275 5270 τις
2302 5201 2584 5271 ἑώρακεν,
2618 5205 2670 5256 ει
2685 5202 2772 5271 μὴ
2806 5205 2839 5256 ό
2862 5202 2948 5255 ὢν
2981 5201 3050 5256 ἐκ
3089 5200 3195 5255 τοῦ
3219 5200 3390 5265 Θεοῦ,
3424 5196 3603 5267 οὗτος

1927 5290 2147 5361 ἑώρακε
2170 5291 2277 5346 τόν
2297 5289 2545 5361 Πατέρα.
2580 5291 2811 5363 ’Ὀρασιν
2829 5289 2989 5343 πάλιν
3021 5288 3254 5343 ἐνταῦθα
3275 5291 3372 5361 τὴν
3401 5289 3605 5357 γνῶσιν

1927 5378 2095 5448 λέγει.
2124 5380 2233 5433 Καὶ
2256 5379 2356 5433 οὐκ
2396 5376 2549 5433 εἶπεν
2592 5377 2800 5441 ἁπλῶς,
2837 5378 2920 5430 ὅτι
2950 5376 3158 5443 Οὐδείς
3188 5372 3312 5430 οἵδε
3348 5377 3456 5430 τὸν
3487 5378 3608 5431 Πα-

1934 5466 2093 5535 τέρα,
2151 5468 2246 5520 κα)⁵
2298 5466 2576 5537 ἐσίγησεν,
2607 5466 2692 5519 ἵνα
2718 5466 2794 5536 μή
2845 5481 2933 5527 τις
2957 5463 3084 5534 περὶ
3120 5461 3422 5533 ἀνθρώπων
3446 5462 3607 5518 τοῦτο

1932 5556 2183 5625 λέγεσθαι
2205 5554 2404 5627 νομίζῃ
2440 5554 2620 5625 μόνον,
2648 5552 2784 5606 ἀλλά
2804 5550 3126 5624 βουλόμενος
3147 5549 3337 5618 δεῖξαι,
3377 5552 3459 5605 ὅτι
3481 5550 3605 5608 οὒτε

1988 5759 2198 5871 ξι·ξῖνῆ
2242 5762 2295 5809 et
2318 5757 2516 5821 quidam
2539 5769 2655 5809 mas.
2682 5756 2748 5816 αῖς
2790 5756 2871 5809 τὸν
2910 5758 3107 5821 κόλπον,
3135 5755 3310 5809 Iorel.
3352 5748 3515 5824 eum
3557 5754 3605 5804 ἐν

1988 5840 2034 5871 ἰς
2046 5838 2105 5870 κο
2133 5838 2187 5869 π.

1934 5839 2034 5881 τοις
2046 5838 2187 5871 κοΑπ.
