4062 6166
498 267 597 324 737

488 380 731 452 ἀοργελοι,
769 379 892 435 οὔτε
953 377 1305 451 ἀρχάγγελοι,
1346 376 1471 431 οὔτε
1518 379 1574 432 αἱ
1621 377 1738 433 ἄνω
1772 379 2050 452 δυνάμεις,
2094 385 2161 456 τῇ

488 480 754 549 ἐπαγωγῇ
803 475 961 531 τοῦτο
1013 475 1172 547 δῆλον
1220 475 1495 546 ἐποίησεν.
1528 472 1712 528 Εἰπὼν
1759 474 1888 547 γὰρ,
1931 480 2053 546 Οὐχ
2076 477 2165 532 ὅτι

489 574 597 630 τὸν
616 571 846 641 Πατέρα
871 590 961 638 τις
985 570 1204 639 ἑώρακε
1231 569 1484 636 πώποτε,
1504 572 1805 642 ἐπήγαγεν,
1832 573 1904 625 El
1922 572 2009 641 μὴ
2030 576 2063 627 ό
2080 575 2166 628 ῶν

486 671 558 725 ἐκ
585 669 689 724 τοῦ
715 668 885 734 Θεοῦ,
915 664 1094 735 οὗτος
1148 667 1372 734 ἑώρακε
1409 654 1516 720 τὸν
1536 666 1791 735 Πατέρα.
1826 668 1889 721 EE
1928 668 2025 739 μὲν
2058 668 2167 741 γὰρ

488 759 643 818 εἶπεν
680 761 888 829 ἁπλῶς,
918 761 1134 827 οὐδεὶς,
1179 759 1363 814 πολλοὶ
1411 759 1518 813 τῶν
1561 760 1909 815 ἀκουσάντων
1941 760 2070 825 ῐσως
2102 761 2167 816 ἂν

489 859 736 933 περὶτῆς
758 858 1038 931 ἡμετέρας
1085 857 1343 928 ἐνόμισαν
1373 856 1504 910 αὐτὸ
1536 856 1751 926 φύσεως
1790 856 2042 928 εἰρῆσθαι
2076 858 2170 928 μό-

487 974 605 1012 νον’
626 958 721 1012 νῦν
752 957 806 1011 δὲ
834 956 1023 1021 εἰπὼν,
1059 957 1289 1023 Οὐδεὶς,
1316 957 1412 1009 καὶ
1431 954 1709 1027 προσθεὶς,
1734 957 1803 1009 El
1826 955 1912 1024 μὴ
1941 958 1974 1009 ὀ
2013 955 2165 1023 Υἱὸς,

482 1057 553 1125 τῇ
577 1053 865 1126 προσθήκῃ
882 1053 976 1107 τοῦ
999 1051 1339 1120 Μονογενοῦς
1353 1056 1532 1105 πᾶσαν
1549 1050 1647 1123 τὴν
1658 1051 1833 1105 κτίσιν
1851 1051 2165 1106 ἀπέκλεισε.

486 1145 551 1199 Τί
576 1142 690 1209 οὖν,
719 1145 872 1216 φησὶ,
903 1146 998 1199 καὶ
1044 1144 1105 1198 τὸ
1138 1143 1361 1214 Πνεῦμα
1391 1144 1451 1195 τὸ
1486 1142 1679 1210 ἆγιον;
1722 1140 1989 1212 Οὐδαμῶς
2012 1160 2025 1172 ·
2047 1142 2169 1196 οὐδὲ

485 1240 594 1313 γάρ
630 1242 730 1312 τῆς
754 1241 983 1303 κτίσεως
1007 1239 1165 1293 τοῦτο
1189 1238 1354 1311 μέρος
1372 1254 1386 1269 ·
1414 1238 1474 1291 τὸ
1503 1238 1580 1300 δὲ,
1631 1236 1853 1300 οὐδεὶς,
1892 1236 2050 1290 τοῦτο
2081 1238 2168 1292 ἀεὶ

487 1335 624 1407 πρὸς
656 1334 1060 1404 ἀντιδιαστολὴν
1097 1334 1196 1405 τῆς
1229 1332 1459 1397 κτίσεως
1497 1335 1675 1387 κεῖται
1712 1333 1900 1403 μόνης.

530 1539 666 1592 *Καὶ
692 1536 839 1598 οὗτε,
871 1536 938 1590 ἂν
968 1535 1097 1607 περὶ
1129 1535 1340 1608 Πατρὸς
1366 1534 1614 1606 λέγηται,
1648 1532 1740 1586 τὸν
1776 1531 1909 1585 Υίὸν
1943 1528 2165 1597 ἐξωθεῖο

486 1652 597 1697 ται,
626 1633 771 1697 οὔτε,
809 1633 875 1687 ἂν
925 1634 1054 1704 περὶ
1108 1632 1262 1696 Υίοῦ,
1290 1633 1352 1684 τὸ
1380 1631 1604 1702 Πνεῦμα
1648 1628 1919 1685 ἐκϐάλλει.
1948 1630 2057 1682 Καὶ
2083 1628 2170 1680 ἵνα

487 1732 619 1785 αὐτὸ
646 1731 803 1784 τοῦτο
852 1729 1101 1783 ἐντεῦθεν
1142 1728 1243 1800 ἤδη
1292 1730 1507 1798 ποιήσω
1540 1727 1795 1797 φανερὸν,
1822 1726 1907 1779 ὄτι
1949 1725 2030 1791 τὸ,
2066 1726 2168 1778 οὺ-

484 1828 631 1895 δεὶς,
663 1829 725 1882 ού
765 1827 904 1900 πρὸς
941 1826 1200 1897 ἀθέτησιν
1238 1824 1332 1879 τοῦ
1360 1825 1702 1895 Πνεύματος,
1737 1823 1873 1878 ἀλλὰ
1910 1822 2043 1893 πρὸς
2071 1823 2168 1876 ἀν-

484 1925 822 1996 τιδιαστολὴν
864 1925 963 1995 τῆς
1002 1924 1230 1988 κτίσεως
1274 1923 1514 1994 εἴρηται,
1570 1922 1699 1992 περὶ
1739 1921 1910 1991 αὐτῆς
1964 1918 2170 1990 ταύτης

486 2023 585 2093 τῆς
614 2021 893 2090 γνώσεως,
926 2023 992 2093 ἢν
1042 2020 1206 2091 μόνου
1238 2018 1332 2073 τοῦ
1369 2018 1500 2072 Υίοῦ
1527 2035 1691 2090 φησιν
1725 2013 1885 2081 εἶναι,
1920 2015 2168 2070 ἀκούσω-

488 2130 591 2183 μεν
634 2114 689 2167 τί
718 2113 1097 2183 διαλεγόμενος
1130 2115 1157 2165 6
1189 2110 1400 2175 Παῦλος
1441 2109 1747 2181 Κορινθίοις
1792 2108 1945 2178 φησί.
1980 2107 2045 2161 Τί
2076 2102 2168 2160 οὖν

487 2224 653 2279 φησι;
699 2208 796 2273 Τίς
836 2206 947 2276 γὰρ
994 2202 1117 2260 οἵδε
1170 2218 1196 2246 ι
1245 2204 1319 2258 τὰ
1361 2203 1467 2258 τοῦ
1508 2203 1847 2271 ἀνθρώπου,
1890 2206 1943 2257 εί
1978 2202 2064 2272 μὴ
2100 2201 2168 2255 τὸ

487 2301 725 2369 πνεῦμα
757 2299 863 2354 τοῦ
884 2295 1200 2366 ἀνθρώπου
1234 2295 1298 2350 τὸ
1327 2297 1397 2350 ἐν
1418 2294 1581 2361 αὐτῷ
1603 2295 1802 2361 ;οῦτω
1831 2295 1929 2349 καὶ
1960 2295 2033 2350 τὰ
2061 2294 2168 2349 τοῦ

488 2396 637 2451 Θεοῦ
653 2394 851 2461 οὐδεὶς
868 2390 1050 2459 οἶδεν,
1082 2396 1133 2447 εί
1157 2392 1244 2462 μὴ
1271 2391 1336 2446 τὸ
1358 2391 1604 2461 Πνεῦμα
1622 2391 1729 2445 τοῦ
1762 2391 1931 2445 Θεοῦ.
1956 2391 2168 2463 Ὥσπερ

484 2489 577 2547 οὖν
599 2491 836 2547 ἐνταῦθα
866 2490 926 2545 τὸ
954 2490 1154 2556 οὐδεὶς
1178 2489 1472 2559 λεγόμενον
1493 2488 1594 2542 οὐκ
1623 2487 1876 2541 ἐκϐάλλει
1896 2487 1987 2540 τὸν
2010 2487 2162 2550 Υἰὸν,

484 2587 628 2642 οὕτω
648 2588 742 2642 καὶ
774 2587 866 2641 ἐπὶ
890 2586 983 2640 τοῦ
1016 2584 1251 2657 Χριστοῦ
1274 2584 1334 2637 τὸ
1354 2582 1552 2650 οὐδεὶς
1576 2582 1729 2637 τεθὲν
1758 2584 1858 2636 ούκ
1886 2583 2169 2647 ἐξωθεῖται

483 2685 544 2738 τὸ
570 2684 795 2755 Πνεῦμα
829 2683 890 2736 τὸ
918 2681 1095 2751 ἅγιον.
1130 2680 1295 2734 Ὅθεν
1326 2680 1484 2750 δῆλον
1508 2678 1584 2742 ὡς
1621 2678 1820 2750 ἀληθὲς
1851 2678 1913 2731 τὸ
1938 2677 2166 2750 εἰρημέ-

486 2797 596 2834 νον.
641 2778 836 2849 Είγάρ
872 2778 1069 2846 λέγων,
1122 2776 1203 2829 ὅτι
1252 2775 1461 2841 Οὐδεὶς
1508 2773 1732 2844 ἑώρακε
1769 2774 1876 2827 τὸν
1911 2772 2166 2841 Πατέρα,

485 2879 537 2932 ει
556 2875 642 2947 μὴ
670 2879 703 2931 ὀ
729 2877 798 2929 ἐκ
833 2874 938 2929 τοῦ
975 2873 1123 2954 Θεοῦ
1173 2871 1279 2937 ὢν,
1310 2873 1371 2925 τὸ
1400 2862 1624 2943 Πνεῦμά
1662 2871 1935 2938 ἐξωθεῖτο,
1975 2887 2165 2939 περιτ-

485 2973 612 3038 τῶς,
639 2975 666 3027 6
704 2970 917 3036 Παῦλος
965 2969 1170 3038 ἔλεγεν,
1204 2969 1286 3021 ὅτι
1330 2966 1517 3039 ῶσπερ
1550 2966 1836 3037 ἄνθρωπος
1865 2966 1935 3021 τὰ
1967 2965 2166 3020 ἐαυτοῦ

485 3070 646 3137 οἶδεν,
679 3071 821 3125 οὕτω
853 3069 947 3123 καὶ
990 3066 1052 3121 τὸ
1085 3065 1310 3137 Πνεῦμα
1354 3066 1415 3119 τὸ
1448 3065 1604 3134 ἀγιον
1642 3064 1711 3118 τὰ
1744 3063 1835 3117 τοῦ
1866 3063 2002 3116 Θεοῦ
2028 3054 2169 3133 μετὰ

487 3167 773 3241 ἀκριϐείας
801 3165 1111 3221 ἐπίσταται.
1144 3162 1301 3218 Οὕτω
1330 3163 1424 3216 καὶ
1455 3162 1515 3215 τὸ
1534 3156 1621 3227 εἷς
1648 3161 1897 3233 εἴρηται·
1926 3161 2027 3231 τὴν
2060 3158 2169 3230 γὰρ

488 3266 659 3337 αὐτὴν
713 3263 867 3335 ἰσχὺν
924 3262 1037 3332 ἔχει
1064 3262 1242 3332 τούτῳ
1281 3261 1374 3315 καὶ
1410 3259 1661 3330 δύναμιν.
1704 3258 1904 3312 Σκόπει
1937 3258 2025 3311 δέ·
2062 3245 2170 3315 Εἷς

491 3363 656 3429 Θεὸς,
684 3363 870 3432 φησὶν,
893 3361 1143 3428 όΠατὴρ
1168 3360 1236 3424 ἐξ
1262 3354 1332 3414 οὗ
1365 3359 1437 3412 τὰ
1457 3355 1675 3420 πάντα,
1716 3356 1814 3410 καί
1841 3351 1929 3422 εἷς
1950 3356 2168 3423 Κύριος

500 3456 741 3525 Ἰησοῦς
773 3455 1026 3524 Χριστὸς
1058 3454 1132 3507 δι’
1162 3450 1234 3509 οὗ
1272 3452 1345 3506 τὰ
1373 3451 1588 3506 πάντα.
1628 3451 1692 3506 Εἰ
1728 3451 1837 3523 γὰρ
1870 3451 1931 3504 τὸ
1958 3450 2056 3503 ἕνα
2083 3449 2170 3502 λέ-

490 3551 680 3621 γεσθαι
717 3549 852 3604 Θεὸν
880 3549 972 3603 τὸν
1007 3549 1249 3620 Πατέρα,
1284 3548 1536 3602 ἐκϐάλλει
1568 3547 1658 3601 τὸν
1689 3548 1818 3601 Υίὸν
1849 3547 1948 3619 τῆς
1977 3546 2169 3617 θεότη-

488 3664 602 3714 τος,
633 3646 813 3700 καὶτὸ
836 3646 933 3699 ἕνα
960 3645 1215 3714 λέγεσθαι
1248 3645 1454 3717 Κύριον
1484 3644 1637 3717 [482]
1665 3645 1756 3699 τὸν
1786 3644 1933 3708 Υἱὸν,
1966 3643 2169 3697 ἐκϐάλ-

490 3742 571 3796 λει
596 3740 689 3795 τὸν
720 3740 940 3811 Πατέρα
975 3740 1072 3810 τῆς
1101 3739 1451 3811 κυριότητος·
1482 3737 1618 3791 ἀλλά
1647 3737 1752 3810 μὴν
1786 3738 1886 3791 οὐκ
1918 3736 2169 3791 ἐκϐάλλει

488 3838 588 3909 τῆς
614 3837 937 3907 κυριότητος
958 3835 1049 3888 τὸν
1071 3834 1289 3906 Πατέρα
1315 3834 1376 3888 τὸ
1400 3833 1674 3904 λέγεσθαι,
1697 3836 1778 3889 ὅτι
1813 3829 1920 3901 Εἷς
1958 3834 2171 3903 Κύριος

502 3932 736 4001 Ἰησοῦς
784 3931 1078 4002 Χριστός’
1124 3931 1227 3984 οὐκ
1270 3931 1379 4002 ἄρα
1436 3930 1557 3985 οὐδὲ
1590 3931 1685 3985 τὸν
1734 3931 1862 3985 Υίὸν
1918 3930 2170 3987 ἐκϐάλλει

486 4029 585 4103 τῆς
610 4028 863 4100 θεότητος
904 4027 966 4082 τὸ
1002 4026 1278 4096 λέγεσθαι,
1312 4027 1396 4079 ὄτι
1432 4020 1511 4090 εἷς
1542 4024 1675 4090 Θεὸς
1696 4027 1725 4079 6
1750 4027 1961 4097 Πατήρ.

560 4124 624 4197 β’.
646 4126 711 4189 Et
730 4125 787 4179 δὲ
820 4125 1026 4195 λέγοιεν
1056 4123 1241 4189 πάλιν,
1274 4125 1355 4178 ὅτι
1387 4122 1475 4176 διὰ
1503 4122 1662 4177 τοῦτο
1688 4119 1768 4187 εἷς
1799 4123 1930 4187 Θεὸς
1950 4122 2169 4192 λέγεται

486 4224 516 4276 6
540 4222 750 4294 Πατὴρ,
783 4222 970 4293 ἐπειδὴ
1002 4220 1134 4284 Θεὸς
1167 4220 1266 4291 μέν
1307 4222 1455 4274 ἐστιν
1488 4221 1517 4272 6
1561 4220 1711 4285 Υίὸς,
1742 4220 1804 4273 ού
1833 4220 2075 4286 τοιοῦτος
2113 4221 2169 4274 δὲ

487 4319 641 4384 Θεὸς,
672 4315 783 4383 οἷος
816 4322 845 4373 6
877 4317 1088 4390 Πατὴρ,
1133 4318 1327 4373 ἕπεται
1368 4320 1545 4372 ἐκεῖνο
1576 4320 1772 4383 είπεῖν,
1807 4318 1868 4384 ἐξ
1905 4313 1982 4373 ὧν
2009 4320 2167 4373 αὐτοὶ⁸

486 4415 702 4470 τιθέασι
755 4415 1062 4485 λημμάτων
1109 4416 1190 4486 (ού
1224 4415 1333 4488 γάρ
1357 4414 1421 4485 δὴ
1461 4417 1624 4487 ήμεῖς
1655 4413 1721 4469 ἂν
1760 4415 2058 4486 εἴποιμεν),
2086 4417 2170 4469 ὅτι

487 4510 575 4565 διὰ
595 4502 751 4566 τοῦτο
778 4510 995 4579 λέγεται
1029 4507 1108 4576 εἷς
1144 4513 1349 4584 Κύριος
1373 4515 1401 4566 6
1421 4512 1569 4577 Υἱὸς,
1605 4512 1795 4583 ἐπειδὴ
1830 4513 2036 4583 Κύριος
2071 4514 2169 4583 μὲν

488 4607 518 4658 6
544 4605 755 4678 Πατὴρ,
786 4607 847 4660 οὐ
870 4607 1112 4673 τοιοῦτος
1130 4608 1187 4661 δέ
1214 4608 1437 4679 Κύριος,
1469 4603 1580 4672 οἷος
1602 4608 1631 4657 6
1668 4608 1810 4672 Υἱός.
1842 4609 1905 4662 El
1938 4609 1995 4663 δὲ
2012 4609 2171 4662 τοῦτο

488 4704 707 4771 ἀσεϐὲς,
741 4704 863 4759 οὐδὲ
890 4704 951 4758 τὸ
983 4705 1249 4776 πρότερον
1293 4705 1359 4758 ἂν
1387 4705 1501 4779 ἔχοι
1532 4704 1689 4773 λόγον
1710 4723 1722 4736 ·
1760 4704 1876 4758 ἀλλ’
1899 4704 2088 4777 ῶσπερ
2109 4706 2170 4758 τὸ

484 4797 590 4868 Εἲς
615 4803 830 4870 Κύριος
890 4802 993 4854 οὐκ
1035 4801 1315 4866 ἐξωθεῖται
1352 4802 1444 4854 τὸν
1479 4801 1703 4873 Πατέρα
1768 4802 1867 4873 τῆς
1907 4801 2169 4874 ἀκριϐοῦς

489 4898 831 4970 κυριότητος,
861 4896 982 4952 οὐδὲ
1013 4899 1091 4960 είς
1116 4896 1205 4951 τὸν
1228 4897 1359 4951 Υίὸν
1386 4898 1728 4970 περιίστησιν
1753 4900 1925 4971 αὐτὴν
1966 4900 2127 4971 μόνον
2151 4916 2164 4929 ·

490 4992 664 5057 οὓτως
695 4992 815 5046 οὐδὲ
836 4992 896 5046 τὸ
924 4987 1030 5060 Εἷς
1054 4992 1197 5059 Θεὸς
1228 4992 1481 5047 ἐκϐάλλει
1511 4992 1602 5048 τὸν
1636 4995 1763 5048 Υίὸν
1800 4995 1900 5066 τῆς
1933 4995 2170 5069 ἀληθοῦς

489 5093 585 5146 καὶ
610 5092 841 5163 γνησίας
880 5092 972 5146 καὶ
997 5090 1335 5165 ἀκραιφνοῦς
1372 5092 1401 5133 ιι
1438 5092 1713 5165 θεότητος,
1756 5092 1877 5146 οὐδὲ
1929 5093 2024 5148 τοῦ
2059 5096 2169 5149 Πα-

490 5190 619 5263 τρὸς
652 5190 786 5245 αὐτὸ
818 5191 976 5262 μόνον
1001 5190 1532 5245 ἀποδείκνυσιν.”οτι
1549 5192 1660 5263 γὰρ
1681 5191 1815 5254 Θεὸς
1834 5195 1861 5245 6
1886 5192 2033 5256 Υίὸς,
2074 5195 2169 5246 καὶ

492 5290 729 5355 τοιοῦτος
755 5289 890 5354 Θεὸς
913 5284 1025 5354 οἷος
1055 5291 1085 5345 6
1120 5288 1331 5362 Πατήρ,
1375 5289 1551 5360 μένων
1580 5291 1766 5363 μέντοι
1794 5291 1941 5355 Υἱὸς,
1981 5291 2040 5356 ἐξ
2068 5292 2168 5345 αὐ-

556 5465 761 5538 ‘_§avi_l_.
789 5471 841 5517 et
860 5454 1069 5538 [paxima
1096 5481 1221 5538 ,ρει-νβ
1246 5482 1359 5538 quas.
1399 5469 1685 5538 ἀκούσωμεν
1706 5469 2101 5538 τί-διαλεγόμεενος
2139 5473 2166 5519 6

491 5530 689 5601 Παῦλος
711 5530 972 5601 Κοριῄίοις
1148 5531 1207 5601 Τί
1230 5530 1312 5601 οῦν
1334 5548 1478 5601 φησιξ
1703 5531 1819 5601 οἶδε.
1848 5530 2023 5601 ωσι-ει.
2049 5546 2168 5601 νει-ς)

492 5588 1017 5665 ξυκούσωμεντίηδιάοτρ
1041 5592 1161 5665 οἶδε-
1182 5588 1483 5665 λεγόμενονό
1516 5588 1706 5662 Παῦλος
1742 5596 1843 5665 Κορ
1863 5593 2003 5665 νθίοιῇς
2033 5595 2164 5665 and?

492 5651 819 5729 132315;.
833 5651 1306 5729 ‘ngiliiscrj'plgrairr‘n
1333 5653 1475 5729 ηεξὸὶε
1494 5652 1728 5729 ιίξοίρεεικε⁸
1742 5651 2008 5729 νὶεὺηρέςξ.
2032 5651 2163 5705 Eon.

560 5711 592 5755 ι
611 5711 749 5773 nec,
768 5712 850 5761 καὶ
872 5711 1169 5777 ἀκραιφνοῦς,
1180 5713 1232 5763 in
1255 5714 1437 5767 Savilio
1459 5721 1511 5765 et
1528 5716 1578 5764 in
1600 5711 1827 5778 'plurimis
1846 5716 1956 5766 aYiis
1965 5718 2162 5771 desunt.

1273 261 1333 318 ε.
1374 260 1658 318 JOANNIS
1695 259 2183 320 CIIRYSOSTOMI
2225 267 2523 324 ARCHII‘IP
2585 266 3138 327 CONSTANTINOP.

3821 284 3917 343 758

2269 386 2366 457 τῆς
2390 385 2489 457 τῆς
2527 387 2833 459 προσθήκης
2851 387 3029 459 δῆλον.
3069 388 3135 441 Εἰ
3174 386 3282 459 γὰρ
3320 387 3379 441 τὸ
3416 390 3559 455 Θεὸς
3592 391 3757 465 ὄνομα
3780 397 3926 455 τοῦτο

2266 476 2361 528 τοῦ
2406 476 2616 547 Πατρὸς
2653 476 2812 547 μόνον
2870 472 2960 548 ἦν,
3007 477 3102 529 καὶ
3151 476 3318 547 ἀλλην
3353 478 3450 532 οὐκ
3492 479 3719 550 ἠδύνατο
3745 484 3925 555 δηλοῦν

2269 565 2399 635 ήμῖν
2441 563 2757 630 ὑπόστασιν,
2803 564 2917 618 ἀλλ’
2958 564 3175 635 ἐκείνην
3206 564 3375 635 μόνην
3405 565 3505 638 τὴν
3529 566 3815 640 ἀγέννητον
3836 574 3922 628 καὶ

2268 652 2515 725 πρώτην,
2571 655 2646 719 ὡς
2703 655 2833 709 ἴδιον
2887 656 3061 724 αὐτῆς
3110 656 3280 726 μόνης
3321 654 3379 708 ὃν
3416 658 3511 708 καὶ
3564 662 3923 729 γνωριστικὸν,

2271 742 2604 815 περιττῶςή
2648 742 2741 796 τοῦ
2780 743 2995 815 Πατρὸς
3037 746 3214 796 κεῖται
3267 743 3587 815 προσθήκη·
3631 745 3785 815 ήρκει
3826 748 3923 820 γὰρ

2270 832 2442 884 εἰπεῖν
2477 826 2581 895 Εἷς
2611 830 2775 897 Θεὸς,
2829 832 2921 884 καὶ
2955 830 3323 901 ἐγνωρίζομεν
3351 830 3436 894 τίς
3465 826 3533 901 ἦν
3566 832 3595 883 ό
3621 831 3924 901 λεγόμενος·

2271 918 2383 972 ἀλλ’
2424 919 2612 991 ἐπειδὴ
2635 920 2697 972 τὸ
2720 918 2849 982 Θεὸς
2881 919 3052 988 ὄνομα
3092 919 3269 973 κοινὸν
3298 918 3513 991 Πατρὸς
3535 920 3628 974 καὶ
3660 920 3808 987 Υίοῦ,
3835 926 3921 979 καὶ

2271 1005 2441 1059 εἰπὼν
2480 1003 2583 1073 Εἷς
2620 1006 2783 1071 Θεὸς.
2811 1007 2913 1060 οὐκ
2940 1006 3131 1077 ἐδήλου
3160 1006 3285 1059 τίνα
3333 1006 3499 1075 φησὶν
3527 1007 3556 1059 6
3584 1007 3814 1072 Παῦλος.
3845 1011 3925 1066 διὰ

2270 1094 2427 1148 τοῦτο
2448 1094 2641 1166 ἐδεήθη
2695 1096 2795 1166 τῆς
2822 1094 2915 1147 τοῦ
2947 1093 3162 1164 Πατρὸς
3209 1091 3552 1165 προσθήκης,
3585 1093 3672 1148 ῐνα
3708 1094 3923 1169 δηλώσῃ,

2270 1183 2350 1237 ὅτι
2377 1184 2509 1254 περὶ
2545 1184 2645 1253 τῆς
2686 1181 2911 1252 πρώτης
2942 1182 3294 1244 ὑποστάσεως
3323 1181 3419 1233 καὶ
3458 1182 3754 1253 ἀγεννήτου
3773 1184 3922 1252 λέγει,

2269 1265 2345 1328 ὡς
2372 1267 2472 1319 οὐκ
2502 1265 2780 1337 ἀρκούσης
2823 1266 2922 1335 τῆς
2954 1264 3050 1317 τοῦ
3088 1263 3223 1317 Θεοῦ
3263 1263 3637 1336 προσηγορίας
3671 1266 3829 1337 αὐτὴν
3856 1269 3925 1321 ἐν-

2271 1352 2565 1421 δείξασθαι,
2595 1354 2785 1423 ἐπειδὴ
2813 1351 2991 1406 κοινὸν
3023 1350 3183 1404 τοῦτο
3202 1350 3350 1422 αὐτῷ
3375 1350 3513 1421 πρὸς
3539 1350 3632 1405 τὸν
3654 1351 3794 1407 Υἱόν.
3816 1354 3924 1408 Τῶν

2270 1443 2379 1515 γάρ
2420 1442 2704 1512 όνομάτων
2723 1440 2792 1494 τὰ
2821 1441 2919 1511 μέν
2946 1441 3062 1492 ἐστι
3086 1439 3263 1498 κοινὰ,
3287 1440 3355 1491 τὰ
3375 1438 3434 1492 δέ
3467 1438 3575 1491 τδια
3593 1456 3606 1469 ⁸
3636 1441 3783 1495 κοινά
3814 1442 3924 1512 μὲν,

2272 1529 2359 1582 ἵνα
2391 1529 2452 1582 τὸ
2474 1527 2892 1599 ἀπαράλλακτον
2927 1527 3078 1599 δείξῃ
3117 1525 3218 1597 τῆς
3246 1525 3458 1591 οὐσίας,
3488 1524 3597 1579 ίδια
3634 1525 3708 1592 δὲ,
3736 1528 3816 1582 Eva
3838 1528 3927 1601 τήν

2275 1618 2512 1689 ἰδιότητα
2533 1617 2916 1690 χαρακτηρίσῃ
2942 1616 3053 1672 τῶν
3076 1614 3457 1671 ὑποστάσεων.

2342 1810 2416 1863 Τὸ
2444 1809 2544 1880 μὲν
2563 1805 2656 1864 οὖν
2682 1809 2872 1882 Πατὴρ
2914 1810 3009 1864 xal
3055 1809 3205 1874 Υἱὸς,
3261 1808 3394 1864 [διον
3442 1811 3679 1882 ἑκάστης
3717 1800 3925 1868 ὐττςοστά⁸

2276 1914 2439 1961 σεως,
2472 1898 2532 1951 τὸ
2564 1897 2621 1950 δέ
2648 1897 2782 1961 Θεὸς
2821 1898 2916 1952 καὶ
2954 1884 3176 1969 Κύριος,
3208 1898 3410 1952 κοινόν.
3451 1898 3605 1952 Ἐπεὶ
3629 1894 3718 1953 οὖν
3740 1900 3924 1954 τέθεικε

2270 1986 2448 2038 κοινὸν
2470 1986 2644 2056 ὄνομα
2666 1985 2726 2038 τὸ
2751 1980 2856 2050 Εἷς
2878 1984 3043 2051 Θεὸς,
3073 1984 3266 2057 ἐδεήθη
3293 1986 3390 2038 καὶ
3415 1984 3510 2039 τοῦ
3544 1986 3837 2053 ίδιάζοντος,
3854 1989 3927 2041 ἶνα

2269 2075 2545 2145 γνωρίσῃς
2563 2073 2686 2127 τίνα
2710 2073 2896 2143 φησὶν,
2922 2073 3064 2127 ὥστε
3090 2077 3122 2144 ή
3131 2077 3235 2145 μᾶς
3257 2075 3331 2144 μὴ
3348 2077 3616 2145 ἐμπεσεῖν
3638 2077 3714 2139 είς
3732 2075 3821 2147 τήν
3841 2076 3926 2128 h-

2270 2160 2486 2213 ϐελλίου
2511 2162 2733 2231 μανίαν.
2766 2161 2888 2215 Ὅτι
2923 2161 3032 2232 γὰρ
3060 2161 3182 2215 οὒτε
3203 2162 3261 2214 τὸ
3285 2162 3439 2228 Θεὸς
3469 2162 3638 2233 ὄνομα
3664 2163 3923 2232 μεῖζοντοῦ

2268 2249 2507 2316 Κύριος,
2523 2246 2648 2301 οὔτε
2670 2247 2731 2300 τὸ
2751 2248 2968 2316 Κύριος
2985 2248 3202 2302 ἔλαττον
3232 2248 3325 2302 τοῦ
3351 2250 3524 2316 Θεὸς,
3540 2249 3694 2319 δῆλον
3706 2248 3908 2302 ἐκεῖθεν.

2282 2336 2370 2389 Ἐν
2394 2338 2461 2407 τῇ
2498 2335 2718 2406 Παλαιᾷ
2742 2335 2895 2407 πάσῃ
2930 2335 3171 2406 συνεχῶς
3193 2338 3221 2389 6
3250 2336 3450 2408 Πατὴρ
3480 2336 3681 2406 Κύριος
3700 2336 3921 2405 λέγεται·

2267 2423 2482 2490 Κύριος
2505 2425 2537 2476 ό
2566 2423 2711 2489 Θεός
2726 2436 2866 2489 σου,
2894 2422 3048 2493 φησὶ,
3080 2423 3295 2491 Κύριος
3314 2418 3411 2489 εἷς
3429 2424 3600 2478 ἐστιν
3620 2441 3632 2454 ’
3655 2424 3746 2476 καὶ
3767 2423 3918 2489 πάλιν,

2267 2510 2489 2577 Κύριον
2538 2510 2647 2563 τὸν
2694 2511 2842 2563 Θεόν
2902 2526 3021 2563 σου
3086 2510 3585 2578 προσκυνήσεις,
3651 2510 3746 2564 καὶ
3788 2509 3922 2574 αὐτῷ

2262 2597 2430 2665 μόνῳ
2495 2597 2885 2665 λατρεύσεις·
2967 2599 3062 2651 καὶ
3107 2599 3305 2662 πάλιν,
3380 2597 3582 2667 Μέγας
3654 2600 3689 2652 ό
3740 2599 3921 2667 Κύριος

2266 2684 2458 2753 ἡμῶν,
2492 2685 2590 2738 καὶ
2617 2686 2853 2755 μεγάλη
2877 2687 2915 2755 ἢ
2941 2686 3125 2754 ἰσχὺς
3148 2686 3358 2751 αὑτοῦ,
3401 2685 3626 2755 καὶτῆς
3649 2684 3921 2749 συνέσειις

2268 2772 2454 2826 αὑτοῦ
2480 2775 2591 2827 οὐκ
2622 2773 2796 2828 ἐστιν
2826 2774 3073 2843 ἀριθμός
3092 2792 3107 2807 ο
3142 2775 3235 2828 καὶ
3268 2774 3461 2841 πάλιν,
3505 2775 3826 2829 Γνὼτωσαν
3849 2772 3921 2825 ὅτι

2270 2858 2458 2929 ὄνομά
2488 2876 2587 2913 σοι
2625 2861 2842 2928 Κύριος
2862 2876 2875 2890 ο
2909 2860 2991 2914 σὺ
3023 2857 3084 2915 εἶ
3098 2863 3289 2931 μόνος
3320 2861 3592 2930 ὕψιστος
3628 2862 3722 2915 ἐπὶ
3745 2859 3922 2915 πᾶσαν

2268 2945 2382 3015 τὴν
2406 2946 2544 3015 γῆν.
2570 2948 2760 3000 Καίτοι
2791 2963 2853 3015 γε
2882 2948 2931 2999 εί
2956 2948 3177 3001 ἔλαττον
3207 2948 3302 3002 τοῦ
3335 2949 3492 3015 Θεὸς
3518 2945 3584 3020 ἢν
3607 2948 3697 3001 καὶ⁵
3728 2945 3916 3010 ἀνάξιον

2268 3037 2367 3105 τῆς
2401 3033 2589 3097 οὐσίας
2623 3035 2857 3104 ἐκείνης,
2898 3035 2998 3087 οὐκ
3039 3035 3149 3088 ἔδει
3179 3035 3465 3104 λέγεσθαι,
3507 3035 3824 3092 Γνώτωσαν
3847 3034 3919 3087 ὅτι

2270 3123 2457 3193 ὄνομά
2478 3138 2575 3177 σοι
2602 3126 2833 3192 Κύριος.
2862 3123 3030 3177 Πάλιν
3058 3126 3106 3178 εἰ
3133 3124 3194 3177 τὸ
3225 3124 3377 3190 Θεὸς
3407 3123 3591 3195 μεῖζον
3636 3120 3701 3196 ἦν
3732 3122 3815 3177 τοῦ
3829 3123 3922 3177 Κύ-

2260 3227 2395 3279 ριος
2434 3211 2527 3264 καὶ
2560 3211 2904 3282 σεμνότερον,
2935 3211 3036 3265 οὐκ
3062 3211 3168 3264 ἔδει
3194 3211 3283 3265 τὸν
3313 3213 3444 3266 κατ’
3467 3214 3662 3276 αὐτοὺς
3695 3210 3918 3265 ἐλάττονα

2270 3299 2397 3355 Υίὸν
2417 3298 2525 3352 ἀπὸ
2542 3298 2636 3352 τοῦ
2668 3300 3040 3370 προσήκοντος
3067 3300 3333 3370 ὀνόματος
3367 3300 3447 3372 τῷ
3467 3301 3634 3371 Πατρὶ
3651 3298 3915 3358 καλεῖσθαι,

2269 3385 2298 3439 ὃ
2325 3386 2420 3440 καὶ
2454 3386 2613 3458 μόνον
2642 3386 2771 3440 ἴδιον
2798 3382 2866 3458 ἦν
2901 3387 3132 3440 ἐκείνου.
3188 3387 3327 3440 Ἀλλ’
3356 3389 3464 3441 οὐκ
3490 3388 3604 3441 ἐστι
3636 3387 3813 3451 ταῦτα,
3837 3386 3917 3438 οὐκ

2270 3474 2434 3528 ἐστιν.
2498 3473 2635 3527 Οὔτε
2688 3475 2799 3546 γὰρ
2830 3476 2858 3527 ό
2900 3473 3029 3538 Υἱὸς
3065 3474 3158 3528 τοῦ
3187 3473 3342 3547 [485]
3386 3475 3598 3547 Πατρὸς
3640 3474 3918 3529 ὑποδεέστε-

2272 3578 2363 3634 ρος
2391 3573 2439 3629 α,
2496 3560 2622 3615 οὔτε
2659 3561 2721 3615 τὸ
2766 3560 2968 3633 Κύριος
3022 3562 3195 3630 ὄνομα
3243 3562 3337 3616 τοῦ
3370 3564 3504 3629 Θεὸς
3555 3564 3913 3633 εὐτελέστερον.

2269 3648 2369 3703 Διά
2397 3650 2556 3704 τοῦτο
2584 3651 2680 3704 καὶ
2700 3650 2793 3702 ἐπὶ
2818 3650 3031 3720 Πατρὸς
3069 3651 3164 3704 καὶ
3202 3651 3297 3704 ἐπὶ
3321 3652 3423 3705 τοῦ
3454 3652 3582 3707 Υίοῦ
3612 3652 3914 3723 ἀδιαφόρως,

2268 3738 2496 3802 ταύταις
2522 3738 2786 3811 κέχρηται
2816 3740 2935 3802 ταῖς
2959 3739 3359 3811 προσηγορίαις
3383 3743 3415 3812 ἡ
3442 3742 3652 3813 Γραφή.
3691 3740 3919 3807 Καθάπερ

2269 3820 2364 3879 οὖν
2384 3823 2655 3894 ἠκούσατε
2689 3823 2893 3896 Κύριον
2927 3825 3018 3878 τὸν
3052 3826 3272 3895 Πατέρα
3301 3828 3660 3899 καλούμενον,
3691 3825 3813 3897 φέρε
3836 3823 3920 3877 δεί-

2271 3913 2452 3984 ξωμεν
2474 3914 2606 3983 ὑμῖν
2636 3913 2731 3966 καὶ
2768 3912 2859 3965 τὸν
2887 3912 3015 3967 Υίὸν
3044 3912 3336 3985 λεγόμενον
3364 3916 3517 3974 Θεόν.
3565 3914 3705 3970 Ἰδοὺ
3736 3916 3770 3982 ἡ
3796 3928 3919 3980 παρ·

2270 4000 2444 4067 οένος
2482 4001 2553 4055 ἐν
2592 4000 2803 4070 γαστρί
2831 4000 2975 4066 ἕξει,
3026 4001 3127 4054 καὶ
3173 4001 3409 4067 τέξεται
3440 4005 3594 4067 υἱὸν,
3642 4002 3735 4057 καί
3764 3999 3916 4055 καλέ·

2270 4101 2455 4142 σουσι
2484 4088 2551 4142 τὸ
2582 4087 2770 4157 ὄνομα
2801 4088 3417 4160 αὐτοῦἙμμανουὴλ,
3444 4090 3480 4143 ὅ
3507 4092 3637 4146 ἐστι
3658 4094 3916 4159 μεθερμη-

2269 4176 2765 4245 νευόμενον,Μεθ’
2782 4175 2951 4245 ἡμῶν
2972 4179 3006 4230 ό
3025 4178 3192 4244 Θεός.
3219 4173 3380 4243 Εἶδες
3406 4178 3526 4243 πῶς
3553 4177 3737 4248 καὶτῷ
3765 4174 3917 4243 Πατρὶ

2271 4263 2444 4334 ὄνομα
2465 4264 2526 4317 τὸ
2541 4265 2781 4331 Κύριος,
2802 4262 2897 4317 καί
2920 4264 2996 4334 τῷ
3018 4264 3133 4333 Υίῷ
3161 4265 3333 4336 ὄνομα
3353 4266 3414 4320 τὸ
3429 4269 3594 4333 Θεός;
3615 4266 3808 4334 Ὠσπερ
3825 4263 3917 4330 γὰρ

2270 4352 2390 4404 ἐκεῖ
2405 4369 2559 4423 φησι,
2579 4352 2918 4406 Γνὼτωσαν
2934 4351 3024 4407 ὅτι
3042 4353 3231 4419 ὄνομα
3245 4370 3345 4408 σοι
3360 4356 3592 4424 Κύριος,
3604 4354 3737 4407 οὕτω
3749 4350 3831 4404 καὶ
3845 4350 3918 4399 ἐν·

2270 4437 2446 4491 ταῦθά
2470 4454 2625 4509 φησι,
2657 4438 3004 4493 Καλέσουσι
3040 4440 3105 4494 τὸ
3129 4440 3317 4510 ὄνομα
3336 4442 3522 4495 αὑτοῦ
3552 4432 3910 4510 Ἐμμανουήλ·

2270 4527 2380 4580 Kal
2394 4526 2577 4590 πάλιν,
2592 4527 2838 4581 Παιδίον
2847 4528 3138 4599 ἐγεννήθη
3160 4527 3461 4598 ἡμῖὶςυίὸς
3477 4530 3575 4585 καὶ
3591 4527 3756 4594 ἐδόδη
3769 4524 3905 4593 ήμῖνι

2270 4610 2373 4666 καὶ
2404 4609 2672 4665 καλεῖται
2703 4611 2770 4663 τὸ
2813 4612 2999 4681 ὄνομα
3032 4614 3219 4667 αὑτοῦ
3258 4614 3535 4685 μεγάλης
3569 4608 3792 4679 ,βουλῆς
3818 4607 3909 4676 dr-

2269 4702 2466 4768 γελος,
2504 4698 2650 4765 Θεὸς
2696 4699 2965 4769 ἰσχυρὸς,
3000 4700 3432 4770 ἐξουσιαστής.
3488 4702 3596 4756 Καὶ
3631 4698 3804 4754 σκόπει
3832 4707 3910 4765 μοι

2271 4786 2567 4859 προφητῶν
2609 4785 2849 4851 σύνεσιν,
2885 4788 2979 4841 καί
3012 4788 3391 4861 πνευματικὴν
3432 4788 3645 4858 σοφίαν.
3686 4787 3791 4839 Ἵνα
3816 4780 3908 4850 γὰρ

2273 4874 2348 4946 μή
2376 4874 2562 4938 ἁπλῶς
2608 4874 2850 4939 εἰπόντες
2894 4875 3062 4939 Θεὸν,
3103 4876 3401 4946 νομισθῶσι
3438 4876 3567 4947 περὶ
3608 4872 3696 4928 τοῦ
3724 4866 3907 4938 Πατρὺς

2269 4963 2468 5032 λέγειν,
2489 4964 2588 5035 τῆς
2607 4963 2917 5033 οἰκονομίας
2948 4961 3212 5035 πρότερον
3246 4963 3579 5035 μέμνηνται·
3603 4961 3661 5014 ού
3686 4958 3784 5027 γάρ
3806 4953 3862 5022 δὴ
3884 4952 3907 5002 ὃ

2269 5053 2461 5124 Πατὴρ
2496 5052 2583 5106 διά
2628 5053 2898 5124 παρθένου
2946 5052 3230 5124 ἐγεννήθη,
3286 5053 3407 5106 οὐδὲ
3454 5051 3660 5106 παιδίον
3699 5043 3904 5115 ἐγένετο.
3930 5080 3963 5090 .-

2270 5141 2441 5196 nam
2469 5140 2655 5212 ἕτερος
2703 5141 2992 5212 προφήτης
3023 5139 3223 5194 οὑτωσί
3259 5139 3377 5204 πώς
3416 5155 3545 5210 φησι
3589 5135 3710 5207 περὶ
3732 5126 3904 5186 αὐτοῦ’

2272 5224 2462 5294 Οὗτος
2486 5232 2519 5282 ὁ
2568 5228 2711 5295 Θεὸς
2754 5227 2942 5299 ἡμῶν,
2977 5230 3051 5282 οὐ
3081 5226 3517 5299 λογισθήσεται
3548 5225 3739 5293 ἕτερος
3776 5214 3908 5285 πρὸς

2267 5317 2475 5371 αὐτόν.
2528 5316 2639 5369 Kal
2666 5315 2796 5386 περ).
2827 5316 2972 5380 τίνος
2994 5315 3152 5369 τοῦτό
3178 5332 3344 5386 φησιν
3371 5332 3387 5380 ;
3444 5310 3552 5386 ἄρα
3578 5311 3649 5384 μή
3682 5306 3799 5377 περὶ
3824 5300 3906 5354 τοῦ

2269 5404 2510 5475 Πατρός;
2556 5402 2855 5474 Οὐδαμῶς*
2915 5403 3146 5457 ἄκουσον
3190 5403 3299 5476 γὰρ
3331 5401 3451 5466 πῶς
3499 5401 3592 5454 καὶ
3627 5388 3771 5457 οὗτος
3795 5388 3906 5476 περὶ

2267 5491 2368 5562 τῆς
2394 5474 2720 5561 οἰκονομίας
2767 5491 3048 5564 ἐμνήσθηο
3106 5474 3279 5547 εἰπὼν
3319 5488 3451 5564 γὰρ,
3503 5481 3683 5551 οὗτος
3709 5482 3743 5539 δ
3776 5474 3903 5541 Θεὸς

2335 5722 2357 5751 ο
2384 5718 2589 5780 Quidam
2608 5721 2987 5784 καταδεέστερος.
