4062 6166
235 225 329 297 7.57
1141 234 1228 289 DE
1269 230 1941 288 INCOMPREHENSIBILI
1990 230 2100 285 DEI
2131 230 2434 287 narum.
2471 228 2535 285 v.

232 361 348 403 uim
379 344 563 401 videre
594 360 784 416 posse,
818 345 869 400 id
899 344 1257 400 additamento
1299 344 1388 397 illo
1430 344 1601 413 palam
1642 343 1806 399 fecit:

230 453 346 492 cum
376 437 521 491 enim
553 438 814 495 dixisset.
846 435 1050 490 Patrem
1081 452 1223 489 nemo
1248 436 1368 489 uidit
1393 452 1651 505 umquam,
1683 435 1815 490 sub-

230 530 418 593 iunxit,
477 528 597 582 Nisi
643 529 686 583 is
738 529 824 598 qui
857 538 935 579 est
967 544 1029 582 ea:
1070 527 1213 590 Deo;
1244 527 1324 580 hic
1348 527 1471 581 vidit
1499 526 1727 581 Patrem.
1759 526 1814 581 Si

229 621 369 674 enim
400 619 713 688 simpliciter
740 618 978 682 dixisset,
1007 634 1150 671 nemo
1173 658 1187 684 ,
1218 617 1368 671 multi
1395 632 1460 671 ex
1486 618 1816 672 auditoribus

230 710 279 763 id
326 710 396 763 de
445 721 634 763 natura
680 718 877 763 tantum
910 719 1088 763 nostra
1117 709 1315 763 dictum
1348 717 1660 777 putassent:
1703 709 1813 777 jam

230 814 376 864 vero,
405 814 525 853 eunt
551 810 830 868 postquam
858 799 1085 864 dixerat,
1109 815 1273 863 nemo,
1297 798 1477 864 addat,
1506 799 1602 851 nisi
1626 797 1811 862 Filius,

228 887 333 942 hoc
347 888 603 957 unigeniti
632 880 989 943 additamento
1006 902 1220 942 onmem
1247 898 1544 942 creaturam
1568 889 1812 942 exclusit.

228 978 365 1046 Quid
393 994 545 1048 ergo,
562 978 730 1044 dices,
760 978 1012 1048 numquid
1043 987 1095 1032 et
1120 977 1374 1049 Spiritum
1402 982 1682 1032 sanctum?
1711 979 1816 1033 Ne-

228 1084 514 1138 quaquam,
539 1085 713 1138 neque
740 1070 882 1126 enim
909 1069 997 1123 ille
1027 1084 1148 1138 pars
1168 1078 1528 1124 creaturarum
1553 1079 1654 1124 est.
1686 1070 1815 1124 Illud

232 1175 382 1225 vero,
415 1175 562 1212 nemo
582 1199 597 1224 ,
626 1159 694 1213 ad
718 1170 1077 1214 creaturarum
1108 1169 1311 1215 tantum
1351 1161 1634 1215 discrimen
1675 1176 1817 1216 sem-

230 1265 327 1317 per
359 1249 593 1318 ponitur.

295 1338 469 1393 Filius
513 1349 561 1392 et
607 1338 831 1411 Spiritus
880 1339 944 1393 S.
980 1339 1188 1394 Patrem
1234 1343 1449 1412 perfecte
1487 1348 1715 1395 noscunt.
1744 1369 1817 1379 —

228 1429 339 1484 Nec
378 1430 424 1483 si
469 1429 537 1484 de
579 1430 737 1485 Patre
764 1429 990 1495 dicatur,
1026 1428 1215 1483 Filium
1242 1429 1474 1484 excludit
1499 1471 1513 1496 ,
1548 1444 1645 1483 nec
1675 1428 1815 1495 side

224 1519 399 1586 Filio,
443 1518 700 1589 Spiritum
740 1529 999 1574 sanctum.
1024 1518 1095 1576 Ut
1123 1529 1300 1575 autem
1329 1520 1412 1574 vel
1436 1519 1558 1573 inde
1587 1519 1813 1574 demon-

226 1621 396 1665 strem
444 1611 602 1675 illud,
636 1627 814 1676 nemo,
857 1626 961 1665 non
1008 1610 1076 1665 ad
1104 1611 1332 1681 Spiritus
1374 1610 1580 1675 sancti,
1612 1610 1705 1663 sed
1746 1609 1813 1663 ad

223 1711 490 1756 creatura:
529 1701 889 1757 cxclusionem
919 1701 1115 1755 dictum
1160 1716 1313 1767 esse,
1363 1701 1430 1755 de
1468 1701 1653 1755 eadem
1702 1700 1813 1769 ipsa

226 1794 555 1862 cognitione,
606 1807 764 1862 quam
812 1793 978 1846 solius
1021 1792 1137 1846 Filii
1178 1806 1297 1846 esse
1346 1792 1506 1857 dicit,
1541 1791 1815 1845 audiamus

227 1884 355 1952 quid
398 1897 532 1937 voce
555 1924 569 1949 ,
611 1884 777 1946 novit,
815 1882 1046 1937 adhibita
1084 1883 1278 1937 Paulus
1305 1882 1596 1937 Corinthiis
1633 1882 1810 1936 dicat:

227 1972 355 2036 Quis
375 1972 509 2025 enim
534 1974 666 2026 novit
681 1974 697 2003 ¹
715 1988 827 2041 qua:
845 1981 960 2026 sunt
981 1972 1217 2036 hominis,
1232 1973 1329 2026 nisi
1350 1973 1556 2042 spiritus
1576 1971 1811 2035 hominis,

225 2063 315 2131 qui
339 2072 410 2115 est
438 2063 489 2115 in
515 2061 669 2132 ipso?
690 2060 773 2114 Ita
799 2073 846 2115 et
875 2077 987 2131 qua:
1010 2061 1099 2115 Dei
1120 2072 1233 2116 sunt
1255 2063 1423 2116 nullus
1447 2064 1693 2133 cognovit,
1718 2062 1815 2115 nisi

227 2152 458 2221 Spiritus
485 2152 577 2206 Dei
604 2154 678 2224 (1.
712 2151 830 2207 Cor.
858 2152 910 2217 2.
947 2154 1052 2223 11).
1076 2154 1221 2209 Sient
1260 2152 1526 2223 igiturhic
1563 2170 1663 2207 vox
1695 2154 1810 2219 illa,

224 2260 399 2308 nemo,
435 2260 542 2298 non
571 2245 805 2303 excludit
834 2246 1061 2310 Filium;
1090 2245 1167 2300 sie
1191 2254 1244 2299 et
1271 2260 1390 2299 eum
1419 2245 1482 2298 de
1503 2245 1714 2300 Christo
1736 2245 1815 2300 di—

221 2334 386 2400 citur,
422 2351 530 2388 vox
559 2336 745 2391 eadem
764 2378 779 2401 ,
811 2352 955 2390 nemo
974 2379 988 2402 ,
1017 2352 1121 2390 non
1147 2337 1380 2391 excludit
1405 2336 1656 2406 Spiritum
1688 2351 1812 2390 san-

220 2434 391 2480 ctum.
422 2427 577 2482 Patet
601 2443 730 2497 ergo
755 2443 941 2482 verum
979 2442 1098 2483 esse
1124 2427 1263 2498 quod
1294 2429 1543 2482 diximus.
1581 2428 1635 2482 Si
1670 2428 1810 2482 enim

219 2531 349 2570 cum
391 2517 616 2580 dicitur,
646 2516 809 2571 Nemo
839 2519 971 2572 novit
1001 2517 1213 2573 Patrem
1236 2559 1250 2583 ,
1282 2518 1381 2572 nisi
1425 2519 1468 2571 is
1507 2518 1593 2587 qui
1618 2534 1680 2571 ea:
1712 2517 1813 2571 Deo

220 2617 319 2671 est,
351 2607 586 2675 Spiritus
615 2618 827 2662 sanctus
860 2608 1253 2674 excluderetur,
1280 2608 1471 2662 frustra
1500 2607 1694 2662 Paulus
1729 2608 1813 2661 di-

219 2706 408 2764 oeret,
442 2698 589 2753 Sicut
628 2699 787 2753 homo
816 2715 931 2769 qua:
957 2709 1076 2754 Snnt
1103 2715 1195 2754 sua
1220 2700 1381 2764 novit,
1410 2701 1485 2755 sic
1511 2709 1564 2754 ct
1587 2699 1812 2769 Spiritus

220 2800 446 2844 sanctus
484 2806 605 2860 qua:
642 2801 765 2845 sunt
791 2792 882 2846 Dei
912 2804 1159 2845 accurate
1187 2792 1351 2848 novit.
1374 2791 1575 2846 Eodem
1604 2807 1813 2863 quoque

217 2881 385 2937 modo
416 2897 518 2936 vox
550 2882 658 2948 illa,
690 2898 835 2947 unus,
868 2882 1077 2945 dicitur,
1111 2882 1354 2937 eamdem
1395 2884 1590 2952 quippe
1616 2884 1720 2937 vim
1758 2893 1812 2939 et

219 2981 548 3040 potestatem
580 2972 755 3027 habet.
788 2972 921 3027 lllud
952 2989 1078 3027 vero
1115 2973 1421 3028 consideres
1453 2975 1606 3027 velim
1626 3016 1640 3037 ,
1672 2972 1814 3030 Unus

220 3062 363 3117 Deus
390 3062 572 3127 Pater,
606 3064 809 3132 inquit,
841 3080 904 3117 ea:
939 3080 1036 3134 quo
1076 3065 1245 3117 omnia
1272 3073 1357 3117 :et
1398 3080 1530 3117 unus
1568 3063 1813 3119 Dominus

215 3154 375 3210 Jesus
406 3155 658 3222 Christus,
691 3172 778 3224 per
826 3172 968 3225 quem
998 3156 1166 3209 omnia
1216 3153 1326 3229 ('Id.
1372 3157 1423 3210 8.
1458 3155 1534 3226 6).
1584 3156 1715 3210 Nam
1768 3157 1813 3211 si

216 3261 285 3301 eo
313 3246 465 3317 quod
489 3262 627 3302 unus
644 3248 850 3303 dicatur
873 3263 992 3303 esse
1014 3249 1151 3303 Deus
1172 3248 1347 3315 Pater,
1372 3249 1538 3304 Filius
1560 3265 1588 3303 a
1616 3249 1814 3304 deitate

216 3339 633 3404 excluderetur;
663 3339 823 3394 etiam
862 3339 1004 3410 quod
1045 3356 1178 3394 unus
1208 3339 1415 3394 dicatur
1444 3340 1698 3394 Dominus
1727 3339 1814 3394 Fi-

216 3432 325 3487 lius
345 3474 361 3495 ,
397 3431 560 3486 Pater
605 3445 635 3484 a
674 3431 1040 3486 dominatione
1065 3429 1471 3486 excluderetur:
1501 3432 1641 3500 atqui
1673 3431 1812 3500 quod

212 3525 459 3590 dicatur,
479 3524 628 3581 Unus
652 3525 906 3579 Dominus
930 3524 1087 3579 Jesus
1107 3522 1368 3586 Christus,
1394 3524 1444 3578 id
1474 3524 1683 3579 Patrem
1706 3540 1811 3578 non

211 3613 465 3669 excludit
488 3629 521 3669 a
560 3614 949 3679 dominatione;
972 3628 1098 3684 ergo
1126 3629 1296 3684 neque
1327 3613 1493 3668 Filius
1517 3613 1813 3669 excluditur

209 3722 239 3759 a
275 3707 491 3761 deitate
517 3720 635 3761 cum
655 3705 869 3772 dicitur,
895 3705 1059 3759 Deum
1085 3720 1205 3759 esse
1225 3705 1453 3760 Patrem.

281 3795 343 3850 2.
379 3794 538 3861 Quod
559 3796 601 3849 si
630 3796 820 3849 iterum
841 3793 1041 3857 dicant,
1072 3794 1193 3850 ideo
1218 3795 1426 3848 Patrem
1451 3810 1611 3849 unum
1640 3795 1807 3851 Deum

210 3887 345 3951 dici,
374 3885 524 3956 quod
549 3886 712 3940 Filius
741 3887 863 3941 licet
880 3882 1047 3951 Deus,
1079 3902 1183 3940 non
1213 3885 1331 3939 talis
1354 3896 1525 3939 tamen
1553 3886 1694 3940 Deus
1714 3887 1800 3948 sit,

211 3979 402 4048 qualis
418 3977 599 4043 Pater,
620 3992 688 4031 ex
713 3992 898 4032 eorum
923 3976 1353 4032 distinctionibus
1374 3977 1502 4032 illud
1524 3977 1806 4032 dicendum

210 4068 550 4138 relinquitur
575 4068 786 4137 (neque
814 4068 954 4122 enim
981 4083 1076 4123 nos
1098 4068 1149 4121 id
1180 4083 1426 4138 umquam
1454 4067 1802 4141 dixerimus),

212 4174 423 4226 nempe
447 4156 570 4212 ideo
596 4156 788 4211 Filium
810 4158 989 4213 vocari
1021 4157 1324 4223 Dominum,
1357 4158 1479 4226 quia
1505 4158 1625 4211 licet
1652 4158 1808 4213 Pater

208 4250 282 4303 sit
312 4248 604 4311 Dominus,
628 4263 733 4301 non
766 4255 943 4309 tamen
971 4248 1089 4301 talis
1123 4248 1378 4302 Dominus
1399 4289 1413 4313 ,
1446 4249 1615 4316 qualis
1641 4247 1806 4304 Filius

209 4350 319 4395 est.
370 4340 528 4409 Quod
574 4340 617 4394 si
659 4341 760 4395 hoc
799 4340 1017 4410 impium
1044 4348 1157 4403 est,
1189 4355 1361 4408 neque
1385 4341 1528 4409 prius
1551 4341 1676 4395 illud
1706 4340 1810 4394 diei

212 4436 417 4503 possit.
446 4433 553 4487 Sed
576 4432 1020 4503 quemadmodum
1047 4432 1197 4498 illud,
1225 4431 1367 4487 Unus
1392 4431 1639 4486 Dominus
1659 4475 1672 4498 ,
1705 4449 1808 4487 non

215 4523 471 4578 excludit
512 4522 721 4577 Patrem
763 4537 795 4576 a
832 4521 1062 4591 perfecta
1091 4520 1453 4577 dominatione
1477 4561 1491 4586 ,
1524 4536 1695 4590 neque
1720 4521 1809 4576 uni

216 4623 435 4666 tantum
465 4611 607 4666 Filio
644 4612 790 4666 illam
830 4610 1120 4678 adscribit;
1165 4610 1235 4665 ita
1271 4625 1445 4680 neque
1478 4610 1630 4676 illud,
1667 4608 1813 4665 Unus

211 4702 367 4758 Deus
388 4744 402 4767 ,
434 4703 627 4757 Filium
656 4702 891 4758 excludit
917 4717 944 4756 a
974 4718 1102 4757 vera
1122 4743 1137 4768 ,
1174 4717 1423 4773 germana
1464 4712 1519 4757 et
1559 4702 1765 4758 sincera
1789 4704 1810 4735 '

212 4794 423 4851 deitate
446 4834 461 4859 ,
492 4810 665 4864 neque
691 4794 757 4849 ad
784 4794 995 4849 Patrem
1036 4793 1206 4848 solum
1247 4792 1516 4863 pertinere
1556 4794 1808 4849 ostendit.

212 4887 382 4954 Quod
409 4886 552 4942 enim
579 4887 716 4942 Deus
740 4887 809 4942 sit
830 4886 1012 4954 Filius,
1035 4897 1089 4943 et
1110 4887 1230 4942 talis
1252 4888 1415 4952 Deus,
1438 4889 1609 4958 qualis
1631 4888 1806 4944 Pater.

212 4978 356 5032 dum
386 4985 567 5031 tamen
590 4975 755 5032 Filius
778 4987 958 5032 manet
982 5019 996 5044 ,
1027 4992 1091 5032 ex
1121 4976 1239 5047 ipso
1267 4977 1627 5033 additamento
1653 4978 1812 5049 liqui-

208 5070 353 5124 dum
393 5077 498 5123 est.
538 5067 671 5122 Nam
702 5069 745 5123 si
778 5069 907 5123 illud
934 5084 1128 5124 nomen
1149 5111 1164 5136 ,
1194 5070 1367 5136 Deus,
1408 5069 1580 5125 Patris
1607 5079 1808 5126 tantum

210 5169 389 5225 esset,
420 5173 598 5228 neque
620 5158 777 5213 aliam
811 5159 963 5215 nobis
1000 5158 1310 5231 hypostasin
1348 5159 1648 5231 signiﬁcare
1685 5176 1810 5231 pos-

270 5374 292 5443 }
333 5371 478 5423 savii.
505 5381 558 5424 et
589 5374 930 5443 maximapars
948 5372 1360 5443 tussvgudiamus
1382 5373 1509 5443 quod
1538 5370 1805 5443 corinthios

202 5433 466 5494 alloquens
489 5434 669 5485 Paulus
697 5433 859 5496 dicit:
880 5433 1002 5494 Quid
1032 5433 1181 5496 igitur
1199 5434 1316 5484 dicit
1332 5434 1475 5496 :Quis
1498 5434 1626 5496 enim
1652 5434 1812 5485 novit?

205 5504 314 5567 etc.
323 5493 954 5567 ⁸ειυς-ᾕδεις),,τηιαὶαῃωςς
971 5493 1098 5565 quod
1120 5495 1493 5567 cirncugverbum,
1516 5495 1663 5560 novit,
1690 5506 1818 5547 Pau-

209 5556 567 5620 lusicorintniis
590 5556 710 5620 dicit
735 5571 754 5609 :
777 5556 889 5620 (tuis
910 5556 1214 5620 enimnon}?
1232 5565 1326 5607 etc.

278 5619 304 5651 ⁸
340 5624 505 5685 Voces,
528 5625 577 5671 et
598 5617 814 5684 sincera,
838 5619 1016 5670 desunt
1038 5619 1087 5669 in
1110 5617 1327 5682 plurimis
1349 5619 1474 5670 aliis.

3400 233 3503 290 738

1919 350 2024 409 set,
2053 342 2154 396 nisi
2181 342 2322 397 illam
2352 343 2523 398 solum
2551 342 2838 414 ingenitam
2863 351 2916 398 et
2942 343 3201 414 primam;
3228 352 3408 415 utpote
3430 347 3503 401 illi

1918 435 2016 489 soli
2060 435 2335 505 proprium
2383 442 2437 489 et
2478 434 2594 504 ejus
2633 435 3062 505 signiﬁcativum,
3095 433 3267 492 Patris
3297 438 3504 490 addita—

1921 536 2160 580 mentum
2191 525 2456 596 superflue
2476 526 2701 595 jaceret.
2731 527 2875 581 Satis
2904 528 3047 582 enim
3090 539 3235 583 esset
3272 528 3504 592 dixisse,

1923 612 2068 670 Unus
2091 615 2225 670 Deus
2245 657 2258 679 ,
2287 625 2344 670 nt
2369 616 2437 671 de
2466 602 2572 687 quo
2597 616 2873 673 diceretur
2915 617 3335 689 intelligeremus
3367 636 3380 672 :
3413 618 3505 673 sed

1919 704 2040 773 quia
2072 705 2198 759 illud
2226 722 2443 772 nomen,
2476 707 2635 771 Deus,
2672 722 2957 763 commune
2987 717 3072 763 est
3096 708 3235 763 Patri
3263 717 3317 762 et
3340 708 3502 772 Filio,

1919 807 1974 851 et
2015 813 2137 852 cum
2184 798 2378 853 Paulus
2422 798 2643 863 dicens,
2690 797 2832 855 Unus
2867 799 3026 867 Deus,
3055 816 3161 855 non
3184 800 3507 869 significaret

1919 889 1986 944 de
2015 904 2119 959 quo
2149 890 2429 959 loquatur;
2459 890 2581 945 ideo
2614 891 2784 946 Patris
2817 892 3180 967 additamento
3218 908 3349 948 usus
3392 901 3503 959 est,

1920 989 1977 1033 ut
2007 980 2266 1034 indicaret
2290 995 2349 1033 se
2374 980 2439 1034 de
2467 982 2634 1049 prima
2663 990 2716 1035 ct
2757 981 2988 1051 ingenita
3021 983 3294 1054 hypostasi
3326 983 3503 1051 loqui,

1920 1071 2063 1141 quod
2093 1071 2264 1127 solum
2295 1071 2389 1126 Dei
2419 1087 2614 1127 nomen
2645 1073 2810 1142 ipsam
2845 1073 3117 1129 declarare
3149 1091 3252 1127 non
3287 1084 3500 1142 posset:

1918 1163 2040 1232 quia
2081 1162 2213 1217 illud
2239 1178 2524 1218 commune
2553 1164 2622 1218 sit
2650 1164 2810 1219 etiam
2852 1164 2990 1219 Filio
3014 1181 3026 1217 :
3053 1166 3265 1219 nomina
3305 1165 3503 1233 quippe

1919 1255 2019 1307 alia
2048 1264 2172 1308 sunt
2196 1255 2519 1322 communia,
2548 1254 2650 1308 alia
2682 1255 2913 1324 propria.
2938 1254 3252 1310 Communia
3297 1265 3353 1308 ut
3396 1271 3501 1309 non

1916 1344 2135 1399 ditl‘erre
2163 1322 2513 1399 substantiam
2547 1322 2859 1401 ostendatur
2876 1362 2894 1412 ;
2923 1347 3137 1417 pr0pria
3170 1356 3230 1401 ut
3260 1347 3502 1417 proprie-

1920 1442 2003 1488 tas
2032 1435 2399 1506 hyposlasium
2430 1435 2755 1490 declaretur.
3302 1452 3313 1457 ’

1991 1520 2157 1589 Illud,
2183 1523 2321 1577 Deus
2338 1532 2382 1577 et
2408 1524 2556 1589 illud,
2579 1525 2849 1588 Dominus,
2876 1522 3020 1577 Patri
3046 1533 3092 1577 et
3122 1523 3260 1579 Filio
3281 1542 3505 1579 commu-

1918 1615 2026 1668 nia.
2051 1643 2123 1653 —
2147 1614 2277 1667 Illud
2309 1614 2501 1684 itaque,
2529 1615 2688 1669 Pater
2713 1624 2767 1669 et
2798 1616 2982 1679 Filius,
3007 1616 3315 1672 alterutrins
3338 1617 3507 1688 hypo-

1918 1714 2125 1760 staseos
2155 1706 2425 1775 proprium
2457 1715 2570 1770 est;
2596 1707 2720 1761 illud
2746 1723 2873 1761 vero
2899 1749 2913 1772 ,
2942 1709 3081 1764 Deus
3118 1717 3172 1762 et
3214 1708 3499 1774 Dominus,

1917 1809 2200 1850 commune
2226 1806 2326 1851 est.
2365 1796 2496 1862 Quia
2546 1798 2704 1873 igitur
2730 1812 3013 1854 commune
3052 1812 3244 1851 nomen
3290 1798 3499 1866 posuit,

1923 1885 2065 1940 Unus
2094 1884 2253 1953 Deus,
2283 1887 2499 1956 proprio
2526 1888 2741 1942 nomine
2780 1903 2916 1957 opus
2953 1888 3152 1952 habuit,
3205 1898 3262 1942 ut
3299 1903 3500 1961 cogno-

1918 1992 2096 2033 sceres
2124 1977 2190 2032 de
2214 1994 2320 2046 quo
2350 1979 2676 2048 loqueretur,
2711 1995 2778 2034 ne
2810 1980 2859 2032 in
2887 1979 3101 2034 Sahellii
3134 1979 3389 2034 insaniam
3417 1979 3500 2034 in-

1916 2066 2232 2122 cidercnms.
2259 2067 2407 2135 Quod
2438 2068 2578 2122 enim
2614 2068 2739 2121 illud
2771 2083 2985 2134 nomen,
3020 2067 3172 2133 Deus,
3204 2068 3375 2137 majus
3396 2084 3499 2123 non

1917 2155 1987 2210 sit
2015 2157 2136 2218 illo,
2167 2155 2414 2211 Dominus
2433 2199 2447 2223 ,
2480 2173 2651 2227 neque
2681 2157 2808 2211 illud
2831 2200 2847 2224 ,
2875 2158 3144 2222 Dominus,
3174 2157 3342 2227 majus
3371 2158 3500 2223 illo,

1917 2243 2075 2312 Deus,
2106 2245 2228 2300 hinc
2255 2246 2590 2300 manifestum
2620 2255 2721 2302 est.
2748 2246 2803 2300 In
2828 2246 3004 2301 Veteri
3038 2247 3376 2301 Testamento
3404 2247 3501 2301 Pa-

1918 2344 2002 2391 ter
2032 2338 2336 2407 frequenter
2361 2338 2615 2393 Dominus
2643 2347 2864 2392 vocatur
2894 2356 2907 2391 :
2942 2337 3190 2392 Dominus
3228 2338 3389 2402 Deus,
3417 2338 3501 2393 iu-

1917 2428 2050 2495 quit,
2093 2426 2337 2482 Dominus
2365 2445 2493 2482 unus
2532 2436 2602 2482 est
2643 2430 2660 2498 (
2690 2427 2855 2483 Exod.
2886 2427 2977 2482 20.
3016 2427 3085 2499 2)
3112 2446 3126 2481 :
3157 2443 3220 2482 ac
3263 2442 3499 2495 rursum,

1917 2514 2190 2571 Dominum
2210 2517 2372 2571 Deum
2391 2528 2527 2570 tuum
2549 2518 2805 2581 adorabis,
2829 2528 2872 2571 ct
2898 2519 2974 2571 illi
2997 2518 3091 2571 soli
3118 2519 3298 2571 seruies
3319 2516 3498 2587 (Deut.

1917 2604 1970 2659 6.
2006 2605 2107 2679 15)
2137 2625 2150 2661 :
2182 2608 2448 2678 itemque,
2479 2607 2701 2679 Magnus
2736 2608 2982 2662 Dominus
3022 2619 3189 2663 noster
3231 2620 3275 2663 et
3318 2626 3502 2680 magna

1916 2698 2073 2750 virtus
2094 2699 2221 2765 eius,
2245 2709 2290 2752 et
2309 2701 2568 2768 sapientia:
2589 2700 2696 2770 ejus
2717 2717 2817 2753 non
2838 2709 2906 2754 est
2928 2717 3162 2754 numerus
3180 2700 3348 2769 (Psal.
3373 2701 3497 2756 146.

1918 2788 1973 2859 5)
2002 2807 2015 2842 :
2044 2790 2360 2859 iterumque,
2390 2790 2707 2861 Cognoscant
2731 2792 2852 2861 quia
2894 2808 3072 2845 nomen
3104 2792 3191 2845 tibi
3215 2791 3499 2858 Dominus;

1917 2891 1971 2936 tu
1996 2881 2134 2936 solus
2158 2881 2431 2935 altissimus
2461 2883 2511 2935 in
2542 2884 2678 2935 omni
2703 2892 2835 2936 terra
2861 2882 2880 2954 (
2902 2882 3043 2936 Psal.
3072 2883 3161 2938 8'2.
3187 2883 3309 2953 19).
3342 2884 3500 2952 Atqui

1917 2974 1959 3027 si
2006 2972 2094 3026 illa
2138 2987 2237 3026 vox
2288 2972 2462 3026 minor
2503 2983 2659 3027 esset-
2684 2988 2847 3039 voce,
2884 2973 3056 3039 Deus,
3087 2982 3142 3028 et
3168 2973 3379 3043 indigna
3412 2974 3499 3028 illa

1917 3064 2204 3119 substantia
2234 3105 2250 3131 ,
2284 3079 2386 3119 n0n
2418 3065 2697 3120 dicendum
2728 3075 2844 3119 erat
2865 3105 2881 3130 ,
2920 3063 3234 3135 Cagnoscant
3263 3066 3380 3135 quia
3408 3082 3499 3119 no-

1917 3171 2032 3208 men
2073 3155 2160 3209 tibi
2200 3154 2470 3210 Dominus.
2501 3156 2730 3210 llursum
2761 3156 2804 3210 si
2833 3170 2934 3209 vox
2963 3155 3046 3209 illa
3066 3194 3082 3222 ,
3122 3154 3292 3221 Deus,
3331 3155 3502 3225 major

1916 3254 2059 3299 esset
2103 3246 2191 3300 illa
2216 3288 2230 3312 ,
2258 3245 2537 3309 Dominus,
2568 3256 2622 3301 et
2653 3246 3033 3310 honorabilior,
3075 3259 3179 3299 non
3228 3252 3498 3314 oporteret

1918 3336 2131 3399 Filium,
2162 3338 2451 3392 secundum
2484 3339 2602 3391 illos
2633 3338 2918 3402 minorem,
2949 3337 3166 3391 nomine
3190 3336 3328 3406 quod
3355 3335 3496 3390 Patri

1917 3431 2196 3483 Conveniat
2239 3431 2448 3493 vocari,
2477 3429 2737 3499 siquidem
2776 3429 2851 3483 illi
2894 3429 2990 3484 soli
3025 3429 3294 3498 proprium
3331 3437 3497 3483 esset.

1918 3520 1986 3571 At
2012 3533 2115 3572 non
2146 3520 2214 3572 ita
2244 3535 2373 3573 sane
2398 3535 2486 3575 res
2509 3534 2566 3573 se
2592 3519 2772 3574 habet.
2798 3519 2978 3590 Neque
3005 3520 3144 3573 enim
3169 3518 3334 3574 Filius
3352 3519 3498 3574 Patri

1918 3607 2158 3674 inferior,
2204 3624 2377 3678 neque
2420 3609 2625 3662 Domini
2672 3623 2867 3663 nomen
2914 3610 3127 3664 nomine
3179 3609 3271 3664 Dei
3318 3608 3494 3664 vilius.

1915 3698 2268 3767 Quamobrem
2297 3700 2442 3753 etde
2485 3700 2638 3754 Patre
2666 3708 2720 3753 et
2754 3699 2821 3754 de
2860 3698 2995 3752 Filio
3037 3698 3496 3754 indiseriminatim

1918 3789 2000 3843 his
2028 3790 2475 3858 appellationibus
2515 3790 2677 3844 utitur
2706 3789 2998 3859 Scriptura.
3035 3789 3494 3856 Quemadmbdnm

1917 3880 2076 3950 igitur
2099 3880 2323 3935 audistis
2351 3881 2561 3936 Patrem
2588 3882 2866 3935 Dominum
2894 3881 3170 3949 appellari,
3199 3896 3293 3951 age
3317 3890 3497 3936 osten-

1915 3970 2100 4025 damus
2132 3971 2319 4025 Filium
2343 3974 2502 4026 etiam
2527 3972 2690 4025 Deum
2718 3971 2894 4026 vocari
2924 3988 2937 4025 :
2967 3968 3099 4023 Ecce
3123 3972 3261 4039 virgo
3284 3971 3335 4023 in
3356 3980 3498 4023 utero

1918 4061 2132 4127 habebit,
2158 4073 2204 4116 et
2231 4063 2390 4130 pariet
2416 4062 2597 4131 ﬁlium,
2624 4071 2671 4115 et
2696 4060 2938 4115 r'ocabunt
2960 4075 3138 4114 nomen
3159 4060 3267 4128 ejus
3286 4057 3494 4110 Emma-

1917 4153 2054 4216 nuel,
2087 4155 2223 4222 quod
2243 4163 2316 4206 est
2344 4155 2741 4233 interpretatum,
2770 4152 3026 4205 nobiscum
3048 4149 3190 4204 Deus
3211 4147 3415 4221 (Hesai.
3436 4149 3488 4203 7.

1918 4243 2006 4297 M.
2037 4241 2221 4295 Matth.
2255 4243 2305 4296 1.
2332 4243 2403 4298 25
2494 4241 2682 4296 Vidisti
2711 4249 2767 4294 et
2799 4240 2938 4294 Patri
2969 4254 3160 4294 nomen
3192 4238 3318 4292 illud
3338 4279 3353 4303 ,
3390 4237 3498 4292 Do-

1916 4338 2114 4404 minus,
2144 4346 2196 4391 et
2233 4336 2373 4391 Filio
2407 4350 2599 4390 nomen
2627 4334 2755 4410 illud
2794 4332 2933 4388 Deus
2957 4332 3204 4387 adscribi.
3235 4332 3500 4400 Quemad-

1919 4430 2134 4485 modum
2165 4428 2304 4484 enim
2330 4427 2436 4480 illic
2455 4428 2528 4479 ait
2551 4443 2564 4478 :
2591 4425 2904 4495 Cognoscant
2929 4425 3048 4494 quia
3073 4440 3252 4477 nomen
3276 4423 3364 4477 tibi
3382 4422 3494 4478 Do-

1918 4522 2082 4575 minus
2105 4518 2276 4589 (Psal.
2306 4517 2395 4573 82.
2429 4516 2550 4585 t9);
2583 4517 2661 4570 sic
2687 4525 2739 4570 et
2767 4515 2869 4570 hoc
2913 4516 3029 4569 loco
3055 4514 3202 4575 dicit.
3240 4513 3496 4569 Vocabunt

1918 4628 2100 4665 nomen
2129 4611 2236 4682 ejus
2266 4609 2603 4672 Emmanuel;
2629 4622 2689 4660 ac
2714 4622 2946 4671 rursum,
2977 4604 3109 4658 Puer
3131 4614 3278 4658 natus
3298 4616 3371 4658 est
3400 4622 3497 4658 no-

1918 4702 2011 4768 bis,
2041 4711 2088 4754 et
2115 4702 2253 4770 ﬁlius
2282 4700 2430 4753 datus
2468 4705 2539 4753 est
2582 4697 2723 4750 nobis
2741 4736 2757 4761 ,
2796 4705 2842 4751 et
2884 4695 3138 4751 vocabitur
3162 4709 3341 4747 nomen
3365 4694 3494 4763 ejus,

1918 4793 2088 4862 magni
2116 4791 2313 4845 consilii
2338 4790 2568 4860 angelus,
2598 4787 2739 4842 Deus
2774 4788 2949 4858 fortis,
2981 4795 3157 4858 potens
3184 4788 3201 4856 (
3228 4783 3406 4838 Hesai.
3438 4784 3492 4839 9.

1920 4880 1997 4952 6).
2028 4880 2405 4935 Animadverte
2434 4879 2562 4933 mihi
2594 4877 2972 4947 prophetarum
3000 4875 3356 4946 prudentiam,
3381 4875 3493 4945 spi-

1919 4973 2270 5042 ritualemque
2299 4972 2632 5041 sapientiam.
2655 4970 2786 5025 Nam
2817 4984 2885 5024 ne
2918 4969 3230 5038 simpliciter
3254 4966 3492 5023 dicentes

1918 5061 2114 5129 Deum,
2137 5062 2204 5118 de
2230 5061 2388 5117 Patre
2419 5062 2562 5131 loqui
2592 5069 2932 5131 putarentur,
2961 5059 3347 5123 oeconomiam,
3377 5057 3414 5111 i.
3443 5073 3490 5112 ε.

1922 5153 2338 5208 incarnationem
2358 5193 2374 5219 ,
2409 5153 2553 5222 prius
2591 5159 3118 5207 commemorarent:
3151 5162 3323 5219 neque
3351 5148 3493 5202 enim

1915 5246 2075 5301 Pater
2098 5245 2166 5301 de
2194 5245 2409 5316 Virgine
2442 5253 2598 5299 natus
2626 5252 2744 5309 est,
2789 5257 2960 5312 neque
2988 5257 3118 5311 puer
3144 5239 3263 5296 fuit.
3293 5241 3500 5296 Rursus

1919 5338 2055 5392 alter
2080 5336 2336 5406 propheta
2362 5336 2439 5391 sic
2465 5335 2532 5390 de
2560 5336 2674 5404 ipso
2705 5333 2936 5401 loquitur
2961 5349 2975 5386 :
3010 5330 3110 5386 Hic
3129 5330 3270 5385 Deus
3298 5336 3496 5392 uoster,

1918 5445 2019 5482 non
2042 5426 2369 5482 estimabitur
2402 5424 2533 5479 alius
2560 5424 2800 5478 adversus
2826 5438 2942 5476 eum
2979 5419 2999 5494 (
3020 5420 3145 5476 Bar.
3173 5422 3227 5476 5.
3255 5421 3324 5477 56
3344 5418 3386 5491 ).
3418 5420 3493 5475 De

1919 5533 2148 5589 quonam
2191 5517 2307 5572 haec
2347 5516 2457 5571 ait?
2488 5513 2624 5569 Num
2652 5513 2722 5570 de
2747 5513 2943 5568 Patre?
2969 5512 3329 5583 Nequaquam.
3358 5512 3495 5568 Audi

1917 5610 2060 5667 enim
2087 5624 2191 5680 quo
2220 5616 2373 5678 pacto
2407 5615 2460 5663 et
2503 5605 2617 5677 ipse
2654 5601 3005 5662 meonomiam
3042 5612 3342 5661 memoret:
3371 5615 3495 5659 eum
