4062 6166
537 346 645 402 739
697 388 699 390 ς
1258 333 1316 389 S.
1355 327 1629 387 JOANNIS
1667 316 2133 380 CIIRYSOSTOMI
2176 311 2492 372 ABCIHEP.
2519 295 3068 362 CONSTANTINOP.

548 460 686 516 enim
714 444 955 510 dixisset.
991 449 1088 504 Hic
1117 447 1248 502 Deus
1276 454 1460 507 noster,
1494 458 1593 495 non
1635 435 1962 492 testintabitur
1988 431 2120 483 alius

548 550 784 602 adversus
809 561 941 606 eum,
972 543 1040 595 ita
1071 539 1258 610 pergit,
1289 534 1487 589 Invenit
1508 544 1704 584 onmem
1730 527 1858 580 viam
1885 520 2122 584 scientiis,

549 649 594 694 et
621 637 757 691 dedit
799 650 908 689 eam
953 631 1114 685 Jacob
1157 644 1309 700 puero
1350 642 1476 688 suo,
1513 632 1558 676 et
1600 618 1763 673 Israel
1805 615 1984 669 dilecto
2014 627 2126 664 suo.

553 728 682 783 Post
707 727 813 779 hinc
840 724 892 776 in
921 721 1065 776 terris
1094 720 1328 783 visusest
1352 756 1367 780 ,
1396 723 1443 768 et
1468 728 1582 765 cum
1609 705 1891 763 hominibus
1927 717 2134 756 conver-

552 827 690 874 satus
719 823 791 869 est
821 811 1045 886 (Baruch
1071 807 1222 863 3.57.
1247 801 1577 873 '58).Paulus
1593 813 1720 853 vero
1771 814 1786 851 :
1835 793 1922 848 Ea:
1957 791 2134 861 quibus

555 907 782 963 Christus
807 899 1078 956 secundum
1107 911 1309 950 carnem
1329 934 1345 960 ,
1384 892 1470 962 qui
1504 898 1575 943 est
1615 903 1764 957 super
1802 884 1970 937 omnia
1996 879 2136 933 Deus

559 995 843 1050 benedictus
867 993 920 1044 in
948 986 1168 1053 stecula,
1198 1001 1345 1039 amen
1377 984 1394 1052 (
1422 983 1572 1037 Rom.
1601 979 1654 1035 9.
1683 975 1754 1048 5)
1780 993 1793 1028 :
1821 984 1876 1029 et
1904 985 2132 1033 rursum,

562 1085 740 1139 Omnis
767 1082 1062 1152 fornicator,
1108 1087 1197 1130 aut
1238 1089 1420 1128 avarus
1451 1087 1551 1124 non
1593 1067 1788 1122 habebit
1816 1062 2139 1117 hereditatem

560 1181 611 1230 in
639 1150 792 1246 regno
817 1172 1004 1230 Christi
1028 1179 1075 1224 et
1110 1169 1200 1222 Dei
1226 1169 1245 1238 (
1267 1165 1456 1234 Ephes.
1487 1164 1540 1218 5.
1565 1160 1635 1232 5)
1657 1179 1670 1217 :
1696 1161 2010 1224 iterumque,
2039 1150 2143 1204 Per

562 1241 831 1322 adventum
869 1263 1041 1334 magni
1085 1259 1179 1314 Dei
1225 1269 1272 1313 et
1316 1255 1596 1312 Saluatoris
1626 1251 1781 1305 nostri
1807 1247 1932 1300 Jesu
1959 1241 2144 1298 Christi

568 1361 586 1426 (
632 1357 740 1412 Tit.
793 1355 848 1410 2.
909 1354 978 1409 15
1020 1353 1060 1424 ).
1094 1352 1326 1406 Joannes
1354 1352 1562 1417 quoque
1598 1345 1676 1399 sic
1716 1341 1956 1396 nominat
1979 1349 2100 1391 eum
2126 1374 2142 1398 ,

566 1467 684 1502 cum
716 1447 866 1509 dicit,
899 1443 967 1498 In
1009 1442 1262 1511 principio
1292 1449 1401 1494 erat
1440 1437 1687 1498 Verbum,
1717 1443 1762 1488 et
1799 1429 2014 1485 Verbum
2040 1433 2146 1480 erat

568 1538 705 1609 apud
726 1536 910 1602 Deum,
934 1545 980 1588 et
1006 1532 1144 1587 Deus
1171 1540 1275 1586 erat
1311 1529 1524 1582 Verbum
1553 1525 1728 1597 (Joan.
1763 1523 1814 1576 1.
1843 1520 1917 1592 1).

643 1629 694 1682 5.
723 1627 836 1680 Hoc
867 1625 1055 1691 fateor,
1085 1622 1293 1692 inquies
1317 1662 1331 1687 ,
1360 1619 1453 1673 sed
1482 1617 1607 1671 illud
1643 1613 1865 1668 ostende
1887 1651 1902 1674 ,
1934 1608 2149 1664 ubinam

573 1727 695 1765 cum
724 1711 882 1764 Patre
912 1707 1105 1761 Filium
1137 1705 1484 1774 conjungens,
1513 1699 1795 1754 Dominum
1823 1695 2032 1750 Patrem
2054 1705 2148 1759 apo

579 1805 756 1873 pellet.
789 1803 898 1871 Ego
919 1816 1046 1855 vero
1077 1815 1182 1853 non
1211 1797 1262 1851 id
1291 1805 1494 1850 tantum
1518 1790 1820 1852 ostendam,
1847 1785 1940 1840 sed
1968 1784 2150 1846 etiam,

577 1898 716 1968 quod
740 1897 1014 1952 Dominum
1037 1894 1268 1956 Patrem,
1297 1898 1351 1944 et
1378 1887 1657 1943 Dominum
1683 1882 1876 1937 Filium
1897 1876 2151 1949 appellet,

578 1965 847 2057 etiamque
877 1986 1084 2040 Patrem
1117 1983 1280 2036 Deum
1309 1988 1363 2034 et
1387 1977 1581 2032 Filium
1611 1975 1797 2037 Deum,
1827 1977 2048 2037 utraque
2079 1965 2156 2019 si-

579 2082 690 2134 mul
721 2078 931 2133 nomina
967 2090 1190 2146 ponens.
1227 2069 1452 2128 Ubinam
1482 2068 1596 2121 haec
1634 2058 2004 2133 reperiuntur?
2026 2055 2156 2110 Cum

580 2171 779 2228 Juda‘is
815 2166 1099 2238 aliquando
1135 2165 1410 2233 disputans
1448 2159 1691 2236 Christus
1720 2155 1830 2208 ait:
1862 2150 1998 2218 Quid
2023 2146 2160 2202 vobis

584 2263 776 2314 videtur
797 2261 858 2313 de
882 2232 1121 2313 Dltristo?
1148 2232 1303 2320 Cuius
1331 2232 1476 2319 ﬁlius.
1497 2247 1606 2302 est?
1639 2243 1825 2298 Dicunt
1855 2241 1898 2294 ei
1925 2256 1944 2294 :
1971 2236 2156 2291 David.

591 2351 722 2403 Dicit
747 2350 816 2402 eis
839 2365 857 2401 :
891 2345 1153 2413 Quomodo
1192 2359 1308 2413 ergo
1339 2339 1504 2393 David
1545 2339 1599 2391 in
1640 2335 1819 2405 spiritu
1868 2337 2010 2384 vocat
2051 2343 2162 2380 eum

591 2441 882 2505 Dominum,
912 2439 1116 2490 dicens:
1145 2433 1284 2487 Diatit
1312 2431 1559 2485 Dominus
1590 2425 1806 2479 Domino
1832 2438 1961 2487 meo,
1991 2418 2107 2473 sede
2133 2433 2164 2469 a

589 2533 778 2586 dextris
807 2530 927 2584 meis
959 2526 1179 2600 (Matth.
1223 2523 1315 2577 22.
1355 2521 1425 2575 42
1445 2517 1628 2588 -44)?
1648 2516 1790 2570 Ecce
1827 2511 2084 2567 Dominus
2113 2517 2167 2563 et

594 2625 870 2678 Dominus.
904 2620 1065 2674 Visne
1104 2616 1312 2670 discere
1350 2611 1437 2665 ubi
1464 2611 1676 2664 Patrem
1703 2615 1758 2662 et
1784 2605 1976 2661 Filium
2006 2600 2167 2656 simul

595 2716 790 2786 positos
817 2713 982 2766 Deum
1010 2718 1062 2764 et
1088 2709 1252 2762 Deum
1281 2702 1472 2758 vocet?
1501 2700 1636 2756 Audi
1662 2696 1975 2769 prophetam
1998 2690 2164 2746 David

594 2817 648 2863 et
675 2804 971 2875 apostolum
1000 2799 1221 2856 Paulum
1251 2797 1352 2850 hoc
1400 2795 1571 2864 ipsum
1606 2789 1759 2844 nobis
1797 2787 2165 2843 declarantes:

597 2897 828 2951 Thr-onus
853 2904 966 2947 tuus
990 2891 1125 2945 Deus
1147 2890 1200 2943 in
1225 2887 1465 2943 saeculum
1490 2883 1680 2950 sceculi,
1702 2883 1842 2951 virga
1863 2877 2167 2940 directionis,

611 2983 758 3050 virga
794 2977 940 3046 regni
972 2977 1067 3029 tui.
1095 2974 1345 3027 Dilexisti
1363 2971 1626 3041 justitiam
1652 2978 1702 3023 et
1734 2968 1897 3023 odisti
1926 2966 2178 3037 iniquita-

597 3081 734 3124 tem:
759 3077 1034 3138 propterea
1058 3065 1207 3118 unxit
1234 3072 1282 3117 te
1303 3061 1466 3126 Deus,
1502 3061 1641 3114 Deus
1666 3067 1807 3136 tuus,
1832 3057 1944 3112 oleo
1969 3055 2174 3111 lcetitiaz

593 3179 705 3234 prae
723 3159 1049 3216 consortibus
1073 3158 1178 3211 tuis
1201 3156 1377 3224 (Psal.
1395 3153 1556 3220 44.7;
1573 3151 1702 3206 Heb.
1725 3153 1774 3204 1.
1797 3151 1852 3205 8.
1876 3149 1952 3219 9).
1974 3147 2178 3201 Paulus

599 3269 818 3309 rursum
854 3252 958 3306 hoc
974 3248 1346 3305 testimonium
1372 3245 1594 3300 adducit
1613 3244 1700 3298 his
1731 3241 1948 3297 verbis:
1977 3238 2057 3294 Ad
2080 3255 2178 3292 an-

598 3348 736 3418 gelos
762 3345 972 3416 quidem
995 3341 1160 3395 dicit:
1183 3339 1287 3406 Qui
1305 3339 1434 3409 facit
1458 3337 1671 3408 angelos
1703 3351 1826 3388 suos
1854 3332 2096 3401 spiritus;
2114 3329 2180 3383 ad

596 3438 802 3493 Filium
820 3444 1022 3490 autem:
1040 3433 1282 3488 Thronus
1303 3440 1445 3497 tuus,
1468 3429 1632 3494 Deus,
1648 3429 1703 3482 in
1722 3425 1975 3482 sccculum
1995 3422 2180 3479 sazculi

598 3528 785 3600 (Hebr.
820 3529 872 3582 1.
920 3528 953 3580 7
983 3527 1103 3596 -9).
1141 3525 1260 3592 Qua
1293 3523 1362 3578 de
1397 3536 1563 3578 causa
1602 3520 1714 3585 hic,
1769 3518 1970 3588 inquit,
2013 3516 2181 3570 Deum

609 3618 825 3672 Patrem
847 3616 1083 3670 vocavit.
1108 3613 1304 3668 Filium
1329 3627 1462 3666 vero
1489 3611 1776 3666 Dominum
1800 3609 1823 3662 ?

678 3701 835 3756 Pauli
861 3699 1127 3771 prudentia
1160 3698 1212 3750 in
1256 3695 1496 3748 docendo.
1522 3723 1592 3732 —
1615 3693 1729 3747 Non
1759 3701 1975 3755 temere,
2007 3685 2179 3758 neque

607 3792 800 3847 frustra
831 3789 883 3844 id
913 3789 1015 3842 hoc
1039 3787 1159 3842 loco
1187 3785 1340 3850 fecit;
1370 3783 1466 3838 sed
1508 3783 1630 3852 quia
1677 3780 1930 3835 adversus
1954 3779 2179 3848 gentiles

609 3883 798 3952 agebat
824 3880 1044 3934 deorum
1075 3874 1476 3945 multiplicitatis
1517 3871 1703 3926 morbo
1745 3871 2066 3925 laborantes.
2103 3868 2180 3922 Ne

611 3976 788 4043 itaque
829 3972 928 4041 ipsi
972 3970 1208 4024 dicerent
1239 3984 1253 4022 :
1287 3967 1421 4020 Dum
1453 3981 1548 4019 nos
1579 3964 1789 4018 incusas
1816 3960 1954 4031 quod
1985 3960 2180 4012 multos

608 4067 739 4122 deos
764 4065 1022 4130 dicamus,
1050 4070 1103 4116 et
1130 4060 1322 4115 multos
1347 4057 1610 4120 dominos,
1640 4065 1695 4108 tu
1726 4055 1838 4124 ipse
1864 4050 2048 4106 iisdem
2075 4050 2180 4104 cri-

611 4159 839 4213 minibus
879 4154 1144 4212 obnoxius
1190 4150 1642 4222 deprehenderis,
1692 4146 1818 4200 dum
1863 4144 2027 4208 deos,
2076 4158 2180 4196 non

611 4255 770 4308 deum
811 4249 986 4303 dicis:
1021 4247 1141 4302 ideo
1171 4244 1380 4300 illorum
1427 4238 1720 4295 inﬁrmitati
1764 4251 1883 4291 sese
1920 4243 2183 4302 attempe-

612 4359 737 4399 rans
777 4341 1000 4406 Filium,
1031 4339 1137 4392 vim
1181 4336 1419 4392 eamdem
1464 4333 1780 4394 habentem,
1824 4330 1929 4383 alio
1969 4327 2185 4381 nomine

614 4436 838 4497 vocavit.
873 4432 1024 4500 Quod
1050 4441 1224 4485 autem
1249 4427 1375 4483 illud
1407 4427 1475 4480 sit
1504 4441 1708 4490 verum,
1737 4424 1781 4478 si
1813 4423 1986 4477 locum
2027 4419 2186 4473 altius

614 4535 914 4596 repetamus
959 4525 1102 4578 clare
1143 4521 1478 4591 intelligetis,
1525 4533 1628 4572 non
1674 4532 1742 4572 ex
1785 4524 1963 4569 nostra
1993 4513 2186 4582 quippe

616 4618 918 4686 conjectura
947 4615 1210 4684 loquimur
1234 4631 1247 4665 :
1278 4613 1356 4665 De
1376 4613 1435 4664 iis
1457 4620 1653 4676 autem,
1683 4625 1794 4680 qua:
1817 4607 1965 4660 idolis
1993 4603 2189 4671 sacriﬁ-

615 4720 830 4777 cautur,
876 4709 1060 4762 scimus
1095 4705 1330 4776 quoniam
1356 4718 1528 4757 omnes
1581 4699 1838 4754 scientiam
1889 4695 2184 4750 habemus‘.

619 4801 840 4857 Scientia
867 4799 1041 4867 inﬂat,
1073 4796 1258 4849 caritas
1290 4809 1404 4846 vero
1438 4791 1676 4860 cedi/icat.
1714 4788 1787 4842 De
1828 4788 1951 4842 escis
1979 4794 2186 4851 autem,

616 4908 728 4962 qme
771 4889 922 4943 idolis
954 4887 1326 4954 sacriﬁcantur,
1367 4884 1552 4936 scimus
1581 4881 1815 4949 quoniam
1841 4877 1967 4931 nihil
1980 4885 2052 4930 est
2077 4876 2193 4930 ido-

619 4985 722 5034 lum
749 4983 799 5034 in
818 4979 1025 5039 mundo,
1049 4986 1093 5030 et
1109 4975 1344 5046 quoniam
1365 4971 1534 5026 nullus
1554 4970 1687 5023 Deus
1709 4969 1806 5022 nisi
1829 4984 1955 5021 unus
1975 4968 2048 5038 (1.
2069 4966 2186 5018 Cor.

620 5074 672 5128 8.
710 5073 759 5127 l.
791 5071 870 5139 4).
909 5067 1065 5124 Vides
1099 5082 1220 5121 eum
1268 5064 1519 5118 adversus
1559 5077 1650 5116 eos
1694 5061 1854 5129 loqui,
1884 5059 1971 5128 qui
2016 5057 2190 5126 plures

617 5166 748 5219 deos
772 5178 893 5218 esse
919 5159 1200 5232 putarent?
1222 5157 1360 5211 Nam
1389 5157 1480 5210 etsi
1505 5164 1620 5210 sunt
1651 5154 1814 5219 multi,
1846 5152 1930 5219 qui
1956 5152 2192 5204 dicuntur

619 5256 709 5321 dii,
758 5264 802 5307 et
849 5252 1039 5306 domini
1065 5251 1228 5311 multi.
1253 5250 1354 5302 sive
1379 5247 1430 5300 in
1459 5247 1606 5310 cwlo,
1637 5246 1740 5298 sive
1762 5245 1812 5296 in
1842 5254 1972 5295 terra
2016 5239 2189 5313 (Ibid.

617 5361 665 5402 ν.
706 5343 796 5417 5);
819 5357 1003 5398 rursus
1023 5355 1114 5397 eos
1131 5341 1200 5394 ita
1227 5340 1496 5410 impugnat
1521 5354 1534 5390 :
1561 5335 1628 5392 Ut
1653 5344 1783 5389 certe
1803 5342 1917 5387 sunt
1937 5333 2006 5386 dii
2028 5331 2189 5398 multi,

623 5446 668 5489 et
696 5437 888 5490 domini
914 5434 1098 5500 multi;
1129 5432 1180 5487 id
1213 5441 1312 5497 est,
1339 5431 1428 5502 qui
1460 5431 1539 5485 sic
1562 5428 1832 5492 dicuntur,
1861 5426 2001 5479 nobis
2027 5433 2192 5477 tamen

624 5545 755 5582 unus
775 5529 912 5583 Deus
937 5526 1115 5593 Pater,
1139 5540 1202 5580 ea:
1226 5541 1321 5595 quo
1342 5523 1509 5578 omnia
1532 5538 1550 5576 :
1571 5531 1617 5575 et
1633 5535 1761 5574 unus
1781 5517 2026 5571 Dominus
2045 5513 2077 5568 J
2083 5531 2194 5570 esus

630 5662 1009 5781 ἱηῆαἶτθέωῗιεε.
1043 5660 1227 5711 habent
1272 5675 1286 5710 :
1321 5659 1370 5711 si
1409 5656 1657 5710 scientiam
1701 5655 1958 5717 habentes,
1990 5653 2190 5705 scientia

765 5763 779 5788 ,
826 5755 920 5771 νυν.

3705 290 3801 348 ῚιΊ

2237 425 2486 487 Christus,
2516 437 2603 491 per
2631 435 2773 488 quem
2801 416 2988 470 omnia.
3021 412 3140 467 Ideo
3172 408 3300 465 illud
3331 408 3504 469 etiam,
3539 422 3683 469 unus,
3713 406 3798 460 ad-

2232 518 2356 585 jecit
2403 529 2469 567 ne
2509 526 2717 566 rursum
2764 508 2837 561 illi
2883 502 3328 572 multiplicitatem
3373 498 3592 552 deorum
3636 495 3802 551 induci

2239 611 2518 674 putarent:
2550 613 2816 668 unumque
2865 597 3030 650 Deum
3071 593 3283 647 Patrem
3336 587 3572 650 vocavit,
3613 600 3712 639 non
3752 596 3805 638 ut

2239 696 2453 765 cjiceret
2479 692 2666 746 Filium
2695 705 2724 744 a
2755 688 2951 743 deitate
2981 703 2996 752 ;
3026 685 3160 739 sicut
3182 690 3236 736 et
3267 679 3453 749 Filium
3481 719 3495 742 ,
3526 692 3684 730 unum
3708 674 3806 728 Do-

2241 787 2462 852 minum,
2489 800 2592 837 non
2622 791 2679 838 ut
2704 781 2922 850 ejiceret
2949 777 3156 830 Patrem
3185 789 3214 826 a
3235 759 3618 832 dominatione,
3640 765 3729 819 sed
3759 774 3810 818 ut

2243 880 2451 935 illorum
2486 876 2844 930 inﬁrmitatem
2871 869 3200 931 emendaret,
3226 865 3535 931 nullamque
3563 859 3665 913 illis
3685 874 3805 927 pra:-

2243 969 2394 1024 beret
2433 981 2634 1020 ansam.
2676 961 2830 1032 Quod
2875 963 3046 1031 ipsum
3078 958 3127 1011 in
3166 970 3322 1010 causa
3355 953 3457 1006 fuit
3485 965 3578 1004 cur
3604 947 3810 1012 inda-is,

2245 1076 2353 1114 non
2397 1058 2540 1112 clare
2581 1064 2633 1110 et
2673 1053 2979 1118 manifeste,
3011 1049 3106 1105 sed
3141 1048 3367 1102 obscure
3406 1054 3632 1110 raroque
3656 1038 3814 1092 Filius

2247 1151 2338 1205 Dci
2385 1165 2415 1203 a
2460 1147 2732 1218 prophetis
2761 1142 3168 1213 significaretur.
3197 1137 3327 1191 Cum
3367 1133 3511 1187 enim
3559 1143 3720 1198 nuper
3754 1125 3816 1179 ab

2248 1256 2430 1296 errore
2458 1239 2684 1309 plurium
2713 1235 2933 1290 deorum
2957 1229 3172 1286 abducti
3200 1233 3401 1288 essent,
3427 1223 3471 1276 si
3505 1234 3709 1275 rursum
3731 1233 3816 1271 au-

2249 1334 2473 1396 dissent,
2492 1329 2650 1385 deum
2675 1337 2726 1382 et
2747 1326 2927 1389 deum,
2951 1336 3134 1378 rursus
3158 1320 3207 1373 in
3230 1316 3479 1373 eumdem
3494 1312 3817 1372 recidissent,

2252 1425 2514 1478 morbum.
2543 1419 2670 1476 Ideo
2701 1417 3010 1487 frequenter
3039 1411 3314 1483 propheta:
3351 1406 3558 1466 dicunt,
3596 1401 3731 1456 Unus
3758 1407 3820 1451 est

2256 1516 2409 1581 Deus,
2441 1523 2486 1568 et
2516 1521 2695 1583 praeter
2715 1526 2830 1564 eum
2858 1507 3026 1560 nullus
3055 1514 3124 1558 est
3150 1501 3324 1571 (Deut.
3350 1499 3405 1553 4.
3431 1497 3520 1551 55.
3548 1492 3718 1547 llesai.
3737 1490 3819 1544 45.

2255 1609 2308 1664 5.
2332 1607 2446 1676 21).
2465 1604 2580 1659 Non
2606 1601 2748 1672 quod
2771 1599 2962 1654 Filium
2994 1602 3216 1665 negent;
3242 1588 3405 1655 absit,
3432 1586 3524 1642 sed
3547 1593 3603 1639 ut
3624 1583 3823 1637 illorum

2257 1698 2616 1753 infirmitatem
2644 1699 2915 1755 curarent,
2949 1688 3184 1758 ipsisque
3214 1682 3430 1737 interim
3454 1677 3752 1736 suaderent,
3774 1681 3826 1725 ut

2257 1806 2286 1845 a
2315 1789 2600 1844 multorum
2631 1800 2729 1840 nec
2755 1797 2879 1837 vere
2913 1777 3284 1834 exsistentium
3329 1775 3554 1826 deorum
3595 1765 3826 1836 opinione

2259 1881 2602 1937 absisterent.
2634 1877 2766 1932 Cum
2795 1875 2953 1944 igitur
2975 1870 3186 1932 audies,
3215 1881 3350 1919 unus
3375 1871 3432 1917 et
3455 1858 3625 1914 nullus
3643 1899 3656 1923 ,
3683 1865 3734 1910 et
3759 1855 3825 1909 si-

2261 1975 2426 2038 milia,
2457 1988 2526 2026 ne
2554 1968 2827 2025 Trinitatis
2847 1964 3064 2036 gloriam
3096 1961 3304 2014 minuas
3325 1997 3340 2020 ,
3388 1953 3483 2008 sed
3521 1956 3714 2020 quanto
3756 1947 3827 1999 in-

2264 2065 2536 2122 tervalloa
2562 2070 2802 2116 creatura
2845 2057 3005 2111 distet
3048 2054 3172 2107 hinc
3217 2048 3449 2105 ediscas.
3481 2041 3686 2097 Etenim
3713 2037 3826 2092 alibi

2261 2171 2472 2228 quoque
2494 2153 2620 2209 dicit
2651 2171 2664 2206 :
2699 2150 2823 2214 Quis
2851 2147 2982 2201 enim
3007 2144 3142 2198 novit
3166 2154 3369 2196 sensum
3400 2133 3605 2188 Domini
3629 2131 3646 2200 (
3666 2128 3825 2183 llesai.

2265 2225 2354 2307 i0.
2382 2225 2471 2304 15.
2516 2245 2668 2300 Rom.
2696 2244 2786 2297 11.
2821 2237 2970 2313 '54)?
3006 2234 3156 2304 Quod
3195 2241 3375 2286 autem
3419 2242 3487 2281 ne
3507 2225 3592 2278 hic
3637 2234 3827 2292 quoque

2264 2345 2454 2401 Filium
2483 2343 2563 2396 vel
2586 2339 2836 2410 Spiritum
2868 2342 3107 2390 sanctum
3133 2331 3199 2386 ab
3227 2328 3317 2383 illa
3346 2324 3646 2396 cognitione
3665 2319 3828 2376 exclu-

2267 2437 2378 2500 dat,
2404 2436 2512 2504 jam
2543 2409 2699 2501 supra
2728 2429 3147 2483 demonstratum
3179 2429 3259 2477 est
3282 2461 3298 2485 ,
3334 2415 3546 2488 quando
3574 2413 3670 2466 hoc
3699 2409 3831 2464 testi-

2267 2527 2505 2583 monium
2531 2521 2846 2578 adduximus
2877 2536 2889 2571 :
2927 2517 3050 2584 Quis
3077 2513 3208 2568 enim
3233 2511 3374 2564 novit
3403 2521 3516 2577 qua:
3541 2514 3653 2558 sunt
3685 2501 3832 2555 homi-

2271 2622 2377 2687 nis,
2409 2618 2506 2672 nisi
2532 2617 2738 2688 spiritus
2777 2610 2993 2666 homiuis
3013 2649 3027 2675 ,
3058 2609 3142 2678 qui
3169 2613 3240 2658 est
3277 2604 3330 2656 in
3380 2600 3534 2669 ipso?
3575 2596 3597 2650 1
3607 2606 3655 2649 to
3680 2604 3720 2648 et
3743 2607 3840 2662 quis

2273 2684 2370 2766 Dei
2393 2717 2506 2765 sunt
2535 2684 2706 2761 nullus
2730 2703 2975 2774 cognovit,
3004 2701 3099 2753 nisi
3128 2697 3351 2765 Spiritus
3410 2692 3506 2746 Dei
3547 2690 3630 2758 (1.
3658 2689 3763 2742 Cor.
3789 2684 3837 2737 2.

2272 2800 2363 2874 11)
2389 2818 2402 2856 :
2431 2814 2494 2854 ac
2521 2811 2731 2853 rursum
2763 2794 2927 2848 Filius
2952 2791 3027 2843 ait
3055 2807 3068 2842 :
3102 2785 3268 2840 Nemo
3312 2783 3460 2837 novit
3496 2779 3714 2842 Filium,
3755 2774 3839 2826 nisi

2275 2867 2429 2949 Pater
2456 2909 2476 2947 .°
2501 2907 2655 2962 neque
2683 2887 2886 2941 Patrem
2912 2885 3022 2956 quis
3050 2881 3183 2936 novit
3201 2921 3216 2945 ,
3246 2879 3342 2932 nisi
3387 2875 3552 2930 Filius
3578 2871 3733 2942 (Luc.
3760 2867 3836 2923 10.

2273 2985 2397 3056 9.2).
2439 2984 2525 3038 Sic
2546 2959 2721 3036 ethoc
2744 2979 2864 3032 loco
2887 2993 2900 3029 :
2926 2974 3044 3028 Non
3070 2975 3184 3043 quia
3216 2968 3432 3023 Patrem
3461 2967 3569 3037 quis
3589 2963 3729 3027 vidit,
3752 2959 3840 3012 nisi

2273 3049 2364 3150 qui
2383 3085 2454 3128 est
2481 3089 2543 3127 ea:
2571 3071 2675 3125 Deo
2705 3086 2723 3123 :
2749 3070 2829 3122 hic
2859 3067 2980 3119 vidit
3011 3063 3217 3118 Patrem
3245 3059 3438 3131 (Joan.
3465 3057 3516 3112 6.
3546 3056 3652 3126 46).
3685 3049 3835 3108 Simul

2276 3169 2416 3222 enim
2445 3173 2499 3220 et
2523 3162 2756 3234 perfecte
2785 3159 2931 3214 illum
2959 3169 3150 3218 nosse,
3190 3160 3245 3207 et
3287 3165 3513 3205 causam
3543 3161 3635 3201 cur
3658 3155 3837 3212 cogno-

2275 3267 2410 3325 scat,
2439 3256 2675 3326 apponit.
2703 3252 2955 3320 Quaenam
3002 3247 3116 3301 haec
3176 3241 3384 3298 eausa?
3413 3239 3665 3308 Quoniam
3693 3249 3757 3290 e1
3782 3245 3837 3285 eo

2279 3361 2359 3406 εει
2391 3367 2404 3403 Ξ
2435 3364 2502 3403 ex
2543 3361 2608 3400 00
2637 3353 2813 3399 autem
2841 3355 2962 3396 esse
2989 3350 3205 3393 rursum
3233 3335 3635 3389 demonstratur
3659 3341 3724 3381 ex
3750 3337 3834 3386 eo,

2278 3438 2419 3510 quod
2446 3439 2618 3508 ipsum
2650 3440 2957 3505 cognoscat.
2988 3428 3193 3482 Idcirco
3217 3434 3400 3479 autem
3435 3423 3576 3478 illum
3601 3419 3733 3474 clare
3755 3430 3838 3468 no-

2278 3533 2372 3595 vit,
2395 3529 2518 3600 quia
2545 3542 2610 3582 ex
2642 3527 2757 3596 ipso
2782 3531 2900 3588 est;
2947 3521 3158 3590 signum
3187 3531 3315 3571 vero
3342 3513 3492 3584 quod
3529 3527 3592 3566 ex
3633 3509 3740 3577 ipso
3781 3505 3838 3557 sit

2280 3621 2566 3686 illud-est,
2609 3595 2752 3688 quod
2798 3615 2940 3670 clare
2981 3616 3266 3681 cognoscat
3309 3607 3509 3676 ipsum.
3556 3595 3838 3658 Substantia

2281 3714 2474 3784 quippe
2499 3709 2848 3767 substantiam
2873 3706 3204 3776 superiorem
3236 3715 3342 3754 non
3385 3697 3552 3768 probe
3581 3706 3730 3747 nosse
3757 3702 3838 3757 po-

2283 3778 2388 3859 tesi
2450 3801 2660 3857 etiamsi
2687 3814 2851 3870 parvo
2877 3794 3156 3851 intervallo
3182 3793 3365 3846 distet.
3395 3789 3531 3844 Audi
3566 3785 3698 3841 enim
3727 3778 3837 3851 quid

2283 3897 2351 3952 de
2380 3896 2582 3966 angelis
2609 3892 2866 3962 pr0pheta
2897 3889 3059 3952 dicat,
3093 3885 3354 3952 simulque
3394 3881 3461 3936 de
3499 3879 3715 3932 humana
3753 3885 3837 3925 na—

2285 3997 2436 4052 tura,
2485 3983 2624 4054 quod
2669 3981 2935 4036 modicum
2984 3978 3051 4032 sit
3095 3976 3234 4028 inter
3279 3981 3564 4038 utramque
3617 3971 3837 4018 naturam

2284 4050 2594 4133 discrimen.
2636 4072 2766 4128 Cum
2811 4071 2952 4124 enim
2973 4057 3238 4130 'dixisset,
3267 4063 3406 4127 Quid
3430 4071 3502 4116 est
3532 4059 3693 4121 homo,
3721 4050 3840 4122 quod

2285 4186 2474 4223 memor
2511 4184 2562 4220 es
2609 4166 2755 4237 ejus?
2804 4172 2890 4216 aut
2933 4163 3069 4229 ﬁlius
3117 4156 3372 4220 hominis,
3401 4153 3634 4224 quoniam
3657 4154 3838 4215 reputas

2286 4277 2396 4314 eum
2423 4257 2592 4330 (Psal.
2702 4256 2755 4310 5.
2783 4254 2872 4323 6)?
2900 4249 3093 4320 adjecit
3121 4266 3134 4302 :
3166 4245 3397 4300 Minuisti
3433 4258 3545 4296 eum
3585 4235 3727 4308 paulo
3751 4231 3837 4284 mi-

2287 4369 2382 4406 nus
2407 4351 2467 4404 ab
2497 4347 2706 4420 angelis.
2735 4321 2979 4400 Attamen
3013 4342 3138 4396 licet
3167 4337 3382 4408 paulum
3410 4335 3477 4388 sit
3503 4321 3836 4385 discriminis,

2287 4447 2408 4517 quia
2453 4452 2632 4498 tamen
2671 4437 2882 4506 aliquod
2933 4435 3150 4488 interest
3195 4427 3515 4489 discrimen,
3557 4417 3866 4502 angelorum;

2289 4536 2638 4594 substantiam
2667 4546 2771 4585 non
2800 4535 3045 4583 accurate
3090 4523 3357 4582 novimus,
3400 4519 3624 4585 licetque
3665 4504 3839 4563 millies

2291 4627 2750 4703 philosophemur,
2784 4622 3021 4691 reperire
3050 4633 3155 4672 non
3188 4625 3490 4685 possumus.
3859 4597 3862 4605 ’

2361 4723 2414 4776 4.
2447 4690 2565 4773 Non
2619 4715 2921 4786 Angelorum
2970 4708 3146 4774 modo,
3205 4705 3292 4760 sed
3341 4719 3402 4756 ne
3439 4699 3618 4754 animae
3660 4690 3840 4786 quidem

2293 4821 2475 4868 nostra:
2503 4808 2834 4865 substantiam
2881 4794 3354 4857 novimus.—-Sed
3401 4807 3494 4847 cur
3543 4788 3608 4842 de
3660 4777 3839 4849 angelis

2293 4907 2480 4975 loquor
2507 4943 2522 4969 ,
2570 4915 2689 4955 cum
2722 4913 2791 4952 ne
2819 4894 3009 4949 animm
3039 4889 3251 4962 quidem
3280 4894 3474 4940 nostrte
3517 4870 3838 4935 substantiam

2295 4998 2431 5053 bene
2457 5005 2739 5048 noscamus
2762 5032 2777 5057 ,
2809 4989 2917 5041 imo
2945 4999 3074 5041 vero
3098 4977 3428 5037 nullatenus?
3455 4972 3600 5041 Quod
3625 4969 3666 5023 si
3694 4964 3759 5019 illi
3786 4973 3836 5013 se

2296 5100 2454 5141 nosse
2483 5080 2840 5145 contendant,
2872 5078 3133 5143 interroga
3159 5087 3277 5142 qua:
3303 5069 3371 5122 sit
3399 5065 3584 5118 animae
3609 5057 3835 5145 substan:

2296 5178 2366 5231 tia
2387 5217 2402 5242 ,
2431 5189 2554 5228 num
2585 5187 2676 5226 aer
2703 5210 2720 5236 ,
2752 5183 2877 5223 num
2906 5165 3142 5236 spiritus,
3165 5177 3229 5214 an
3259 5168 3444 5213 ventus
3467 5195 3481 5219 ,
3533 5165 3598 5204 an
3643 5135 3839 5212 ignts‘?

2297 5268 2432 5324 Nihil
2449 5281 2631 5322 eorum
2659 5262 2834 5316 dicent
2857 5276 2871 5313 :
2904 5233 3015 5311 haec
3051 5254 3243 5324 quippe
3267 5247 3438 5303 omnia
3467 5249 3678 5308 corpora
3699 5233 3834 5324 S'Itll,

2297 5361 2384 5418 illa
2414 5373 2540 5413 vero
2568 5357 2896 5423 incorporea.
2930 5348 3158 5416 Angelos
3185 5358 3288 5398 non
3337 5339 3618 5396 noverunt,
3648 5338 3738 5380 nec
3763 5319 3835 5386 ip:

2297 5467 2384 5507 sas
2434 5450 2636 5503 animas
2668 5457 2790 5498 suas
2840 5447 3097 5502 noscunt,
3135 5435 3320 5488 herum
3360 5436 3531 5483 autem
3585 5415 3834 5507 dominum

2299 5553 2352 5600 et
2379 5549 2671 5617 creatorem
2717 5551 2776 5591 se
2803 5531 3032 5605 perfecte
3084 5542 3243 5583 nosse
3272 5516 3589 5580 contendunt
3624 5495 3838 5573 :ecquid

2367 5707 2384 5740 ⁸
2419 5707 2580 5762 Deest,
2605 5713 2668 5751 an
2698 5694 2838 5762 ignis,
2861 5695 2909 5744 in
2934 5691 3149 5756 plurimis
3173 5677 3528 5745 manuscript'ts.
