4062 6166
226 402 413 471 ήμῶν,
459 404 536 458 οὐ
566 403 998 474 λογισθήσεται
1032 404 1232 472 ἕτερος
1269 405 1420 472 πρὸς
1449 406 1657 466 αὐτὸν,
1690 406 1899 476 ἐπήγα-

224 507 344 557 γεν·
410 490 655 558 Ἔξεῦρε
703 490 910 545 πᾶσαν
947 489 1091 544 ὁδὸν
1120 491 1478 561 ἐπιστήμης,
1527 493 1626 546 καί
1679 493 1901 547 ἔδωκεν

222 577 420 645 αὐτὴν
453 578 656 631 Ἰακὼό
685 577 766 644 τῷ
797 578 963 634 παιδί
994 579 1203 644 αὑτοῦ,
1237 579 1337 634 καί
1377 580 1620 649 Ἰσραὴλ
1653 578 1732 645 τῷ
1756 580 1900 650 ήγα-

222 667 470 734 πημένῳ
506 666 608 719 ὐπ’
647 667 855 721 αὐτοῦ.
897 665 1058 720 Μετὰ
1095 667 1280 723 ταῦτα
1312 668 1411 721 ἐπὶ
1437 667 1548 736 τῆς
1585 667 1700 738 γῆς
1730 668 1897 737 ὤφθη

222 751 318 805 καί
342 753 469 818 τοῖς
495 753 827 821 ἀνθρώποις
851 753 1342 823 συνανεστράρη.
1377 757 1436 808 '0
1465 755 1676 819 Παῦλος
1696 756 1774 822 δὲ,
1802 755 1898 820 Ἐξ

220 832 306 892 ὧν
338 843 374 893 ό
402 840 677 908 Χριστὸς,
708 841 774 894 τὸ
798 842 949 894 κατὰ
980 841 1198 909 σάρκα,
1232 843 1416 912 φησὶν,
1452 845 1484 896 ό
1511 841 1596 895 ὢν
1621 843 1717 896 ἐπὶ
1749 843 1898 896 πάν-

222 944 340 979 των
370 928 516 994 Θεὸς
533 929 862 998 εὐλογητὸς
897 931 984 995 είς
1009 930 1153 996 τοὺς
1180 928 1422 995 αἰῶνας,
1455 929 1649 999 ἀμήν·
1677 931 1770 983 καλ⁸
1792 931 1896 983 πά-

221 1015 322 1078 λιν,
346 1015 473 1082 Πᾱς
498 1018 722 1085 πόρνος
755 1016 793 1085 ἢ
820 1016 1189 1084 πλεονέκτης
1203 1020 1315 1071 οὐκ
1341 1018 1465 1086 ἕχει
1491 1019 1897 1087 κληρονομίαν

219 1102 290 1155 ἐν
319 1102 400 1170 τῇ
435 1103 724 1170 βασιλείᾳ
752 1103 858 1157 τοῦ
890 1102 1148 1171 Χριστοῦ
1190 1103 1289 1156 καί
1337 1104 1484 1158 Θεοῦ
1504 1119 1518 1134 ⁶
1569 1105 1665 1156 καὶ
1694 1104 1855 1158 πάλιν
1878 1121 1891 1133 ’

218 1192 388 1245 Κατὰ
423 1191 540 1260 τὴν
565 1193 919 1260 ἐπιφάνειαν
955 1191 1062 1244 τοῦ
1091 1190 1360 1260 μεγάλου
1397 1191 1545 1245 Θεοῦ
1573 1193 1671 1245 καί
1699 1189 1895 1259 Σωτῆ-

210 1294 321 1346 ρος
369 1277 540 1347 ήμῶν
581 1280 774 1346 Ἰησοῦ
824 1278 1103 1348 Χριστοῦ.
1159 1279 1272 1332 Καὶ
1314 1279 1566 1349 Ἰωάννης
1619 1279 1676 1332 δὲ
1722 1279 1894 1344 οὕτως

218 1364 385 1418 αὐτὸν
414 1365 568 1419 καλεῖ
594 1365 797 1434 λέγων·
858 1366 954 1418 Ἐν
985 1365 1144 1434 ἀρχῇ
1174 1361 1253 1435 ἦν
1289 1369 1321 1419 ό
1353 1366 1564 1435 Λόγος,
1595 1365 1695 1420 καὶ
1722 1369 1758 1420 ό
1784 1365 1894 1421 Λό-

214 1469 324 1523 γος
353 1449 432 1522 ἦν
457 1453 607 1521 πρὸς
635 1452 742 1506 τὸν
769 1449 936 1517 Θεὸν,
969 1453 1068 1506 καί
1095 1454 1240 1520 Θεὸς
1261 1450 1341 1522 ἦν
1373 1456 1406 1506 ό
1439 1455 1649 1522 Λόγος.

284 1547 358 1610 γ’.
376 1542 502 1606 Nal,
530 1541 696 1612 φησίν
711 1556 722 1569 ⁸
747 1541 860 1594 ἀλλ’
880 1543 1056 1594 ἐκεῖνο
1073 1539 1267 1605 δεῖξον,
1287 1541 1388 1594 ποῦ
1413 1540 1549 1610 μετά
1569 1540 1662 1593 τοῦ
1683 1541 1893 1610 Πατρὸς

213 1627 380 1681 αὐτὸν
403 1628 771 1681 συντάττουσι
803 1630 836 1699 ή
865 1629 1077 1700 Γραφὴ,
1109 1628 1312 1697 Κύριον
1349 1627 1438 1680 τὸν
1469 1627 1690 1698 Πατέρα
1715 1629 1889 1682 καλεῖ.

223 1713 371 1784 ’Ἐγὼ
412 1715 472 1768 δὲ
509 1716 570 1768 06
601 1715 761 1768 10610
802 1715 1048 1784 δείκνυμι
1092 1716 1272 1786 μόνον,
1302 1715 1416 1768 ἀλλ’
1444 1716 1524 1769 ὅτι
1564 1716 1657 1767 καὶ
1688 1715 1892 1785 Κύριον

212 1801 306 1856 τὸν
335 1802 558 1874 Πατέρα
596 1802 770 1866 καλεῖ,
812 1802 906 1856 καὶ
935 1801 1142 1873 Κύριον
1189 1803 1282 1856 τὸν
1311 1803 1460 1868 Υίὸν,
1507 1803 1600 1856 καὶ
1646 1803 1728 1856 ὅτι
1761 1803 1894 1856 Θεὸν

213 1890 306 1944 τὸν
330 1891 557 1961 Πατέρα
594 1893 766 1956 καλεῖ,
798 1891 893 1944 καὶ
939 1891 1020 1943 ὅτι
1059 1890 1195 1944 Θεὸν
1239 1893 1330 1945 τὸν
1372 1891 1522 1956 Υἰὸν,
1560 1889 1696 1962 ὁμοῦ
1723 1889 1894 1954 τιθεὶς

215 1979 455 2049 ἑκάτερα
477 1980 546 2032 τά
573 1981 834 2050 ὀνόματα.
865 1979 974 2032 Ποῦ
1006 1976 1100 2032 οῦν
1131 1980 1295 2033 τοῦτο
1321 1978 1467 2032 ἐστιν
1506 1981 1723 2050 εύρεῖνς
1763 1980 1891 2031 Δια-

213 2066 505 2138 λεγόμενός
539 2087 669 2122 ποτε
701 2071 813 2132 τοῖς
847 2069 1122 2132 Ἰουδαίοις
1154 2069 1182 2121 ὁ
1211 2069 1444 2140 Χριστός
1461 2086 1590 2140 φησι
1612 2085 1625 2098 ·
1665 2067 1727 2122 Τί
1751 2066 1894 2137 ὑμῖν

217 2155 388 2209 δοκεῖ
409 2155 542 2224 περὶ
571 2155 676 2210 τοῦ
698 2156 992 2225 Χριστοῦ;
1023 2157 1187 2222 τίνος
1213 2156 1343 2222 υίός
1371 2157 1542 2210 ἐστιν
1559 2173 1579 2220 ;
1615 2159 1680 2210 Ol
1709 2154 1776 2210 δὲ
1795 2155 1895 2209 λέ-

214 2261 434 2314 γουσιν
463 2243 623 2310 αὐτῷ
645 2261 662 2277 ο
713 2245 824 2298 Τοῦ
854 2244 1060 2300 Δαυΐδ.
1129 2242 1300 2314 Λέγει
1339 2243 1543 2308 αὐτοῖς
1565 2261 1580 2276 ο
1622 2244 1756 2309 Πῶς
1781 2240 1895 2300 οὖν

215 2333 394 2387 Δαυῒδ
421 2334 493 2386 ὲν
521 2334 815 2402 πνεύματι
837 2333 1057 2404 Κύριον
1081 2332 1269 2385 αὑτὸν
1296 2332 1473 2387 καλεῖ
1486 2331 1682 2402 λέγων
1700 2349 1713 2362 ’
1742 2329 1894 2387 Εϊπε

216 2424 249 2476 ό
272 2423 493 2491 Κύριος
519 2421 600 2488 τῷ
633 2421 828 2491 Κυρίῳ
851 2439 996 2491 μου,
1027 2421 1214 2476 κάθου
1234 2423 1302 2475 ἐκ
1327 2421 1544 2486 δεξιῶν
1562 2439 1683 2490 μου
1697 2437 1717 2486 ;
1761 2422 1892 2477 Ἰδοὺ

216 2510 419 2582 Κύριος
454 2511 549 2563 καὶ
578 2509 801 2581 Κύριος.
853 2508 1043 2562 Βούλει
1083 2509 1274 2577 μαθεῖν
1314 2508 1418 2561 ποῦ
1463 2508 1596 2562 Θεὸν
1635 2508 1729 2564 καί¹
1760 2508 1893 2564 Θεὸν

216 2600 370 2654 καλεί
395 2600 490 2654 τὸν
519 2600 741 2670 Πατέρα
768 2599 863 2653 καί
881 2599 974 2651 τὸν
1009 2597 1137 2652 Υίὸν
1162 2590 1299 2668 ὁμοῦ
1329 2597 1537 2651 τιθεῖσα
1560 2601 1594 2669 ἡ
1618 2597 1809 2669 Γραφή
1829 2611 1890 2667 ι;

215 2689 448 2743 ἄκουσον
479 2687 690 2742 καὶτοῦ
718 2688 997 2759 προφήτου
1019 2684 1184 2740 Δαυῒδ
1203 2687 1296 2739 καὶ
1318 2684 1412 2739 τοῦ
1435 2685 1732 2740 ἀποστόλου
1746 2685 1893 2741 Παύ-

216 2777 303 2831 λου
328 2777 490 2830 τοῦτο
519 2777 650 2830 αὐτὸ
670 2775 972 2847 δηλούντων
999 2777 1131 2847 ἡμῖν
1149 2791 1162 2804 ·
1191 2774 1252 2828 '0
1281 2775 1494 2844 θρόνος
1507 2789 1648 2838 σου,
1673 2777 1707 2828 ό
1723 2775 1890 2843 Θεὸς,

215 2870 297 2932 εἰς
316 2865 429 2919 τὸν
449 2863 635 2918 αἰῶνα
648 2865 755 2918 τοῦ
785 2862 1020 2927 αἰῶνος,
1035 2862 1261 2930 ῥάϐδος
1278 2862 1602 2930 εὐθύτητος
1618 2864 1656 2932 ἡ
1667 2862 1893 2931 ῥάϐδος

217 2955 322 3022 τῆς
367 2956 695 3020 βασιλείας
737 2970 873 3008 σου.
933 2951 1280 3022 Ἠγάπησας
1319 2951 1736 3022 δικαιοσύνην,
1789 2954 1890 3008 καί

217 3044 517 3112 ἐμίσησας
549 3043 834 3112 ἀνομίαν·
886 3041 984 3096 διὰ
1020 3041 1196 3096 τοῦτο
1238 3040 1449 3110 ἔχρισέ
1488 3057 1563 3096 σε
1593 3046 1625 3098 ό
1653 3045 1818 3110 Θεὸς,
1858 3047 1892 3097 ὀ

217 3133 358 3199 Θεός
391 3148 532 3194 σου,
561 3132 769 3185 ἔλαιον
799 3130 1211 3200 ἀγαλλιάσεως
1241 3132 1400 3198 παρὰ
1422 3130 1565 3198 τοὺς
1591 3133 1890 3202 μετόχους

215 3238 345 3275 σου.
395 3221 508 3273 Καὶ
551 3221 578 3272 ό
609 3218 819 3281 Παῦλος
874 3217 1036 3272 πάλιν
1074 3217 1176 3287 τὴν
1210 3217 1516 3289 μαρτυρίαν
1549 3218 1755 3290 ταύτην
1784 3220 1886 3274 ἐπ-

217 3309 390 3380 ήγαγε
426 3307 624 3376 λέγων,
677 3304 830 3378 [484]
856 3306 938 3359 ὅτι
973 3305 1003 3345 ι)
1054 3304 1211 3374 Πρὸς
1253 3305 1371 3374 μὲν
1421 3305 1564 3371 τοὺς
1591 3306 1890 3376 ἀγγέλους

213 3396 396 3452 αὐτοῦ
429 3410 656 3465 φησιν·
700 3394 763 3447 '0
791 3392 977 3448 ποιῶν
1004 3393 1147 3460 τοὺς
1173 3393 1470 3463 ἀγγέλους
1501 3395 1688 3450 αὑτοῦ
1713 3397 1893 3451 πνεύ-

212 3503 395 3554 ματαο
451 3485 600 3553 πρὸς
637 3483 707 3538 δὲ
741 3483 850 3537 τὸν
886 3484 1058 3538 Υίόνο
1121 3482 1182 3536 '0
1208 3484 1422 3551 θρόνος
1460 3496 1600 3548 σου,
1647 3487 1680 3538 ό
1723 3485 1888 3552 Θεὸς,

212 3577 288 3639 εἰς
318 3574 430 3627 τὸν
472 3573 659 3626 αἰῶνα
697 3571 803 3625 τοῦ
830 3570 1067 3637 αἰῶνος.
1103 3570 1261 3634 Τίνος
1296 3565 1390 3624 οῦν
1416 3571 1607 3625 ἕνεκεν
1630 3571 1888 3637 ἐνταῦθα,

211 3663 361 3734 φησὶ,
384 3661 479 3714 τὸν
505 3662 603 3731 μὲν
633 3660 765 3713 Θεὸν
785 3658 1006 3730 Πατέρα
1031 3658 1281 3725 ἐκάλεσε,
1303 3659 1395 3713 τὸν
1425 3659 1625 3714 δέΥἰὸν
1649 3659 1887 3732 Κύριον;

276 3840 393 3908 Οὐχ
431 3836 621 3901 ἁπλῶς
663 3836 783 3890 οὐδὲ
823 3835 946 3907 εἰκῆ
996 3834 1230 3889 ἐνταῦθα
1267 3834 1427 3890 τοῦτο
1471 3836 1747 3906 ἐποίησεν,
1774 3837 1892 3893 ἀλλ’

211 3927 396 3996 ἐπειδὴ
420 3924 839 3996 πρὸςἜλληνας
855 3919 924 3995 ἦν
950 3925 978 3977 ὁ
993 3921 1150 3992 λόγος
1172 3923 1319 3995 αὐτῷ
1345 3924 1637 3979 πολυθεῖαν
1669 3927 1892 3982 νοσοῦνο

207 4016 430 4079 τας.Ἵν’
462 4009 558 4067 06v
591 4012 666 4084 μὴ
688 4012 941 4081 λέγωσιν,
979 4012 1062 4065 ὅτι
1092 4013 1226 4082 ἡμῖν
1257 4012 1508 4080 ἐγκαλῶν
1544 4013 1622 4077 ὼς
1660 4015 1893 4082 πολλοὺς

210 4102 362 4167 θεοὺς
401 4101 626 4170 λέγουσι
663 4100 760 4154 καὶ
792 4099 1022 4162 πολλοὺς
1054 4099 1299 4170 κυρίους,
1339 4101 1502 4166 αὐτὸς
1538 4103 1740 4174 ἁλίσκῃ
1777 4107 1893 4170 τοῖς

208 4191 518 4261 ἐγκλήμασι
546 4187 758 4252 τούτοις
786 4187 943 4252 θεοὺς
973 4187 1167 4256 λέγων,
1206 4191 1300 4243 καὶ
1327 4191 1389 4242 06
1422 4189 1586 4243 Gadv'
1621 4190 1711 4246 διὰ
1731 4192 1894 4248 τοῦτο

208 4276 663 4348 συγκαταϐαίνων
681 4275 861 4330 αὐτῶν
883 4278 950 4347 τῇ
985 4275 1262 4350 ἀσθενείᾳ,
1293 4279 1465 4350 ἑτέρῳ
1486 4279 1643 4332 καλεί
1658 4279 1750 4335 τὸν
1764 4281 1894 4338 Υίὸν

204 4365 430 4436 ὀνόματι
459 4365 559 4436 τὴν
590 4364 760 4435 αὐτὴν
786 4364 1017 4435 δύναμιν
1051 4365 1248 4436 ἔχοντι.
1308 4368 1418 4422 Καὶ
1443 4369 1526 4420 ὅτι
1552 4368 1707 4423 τοῦτό
1744 4371 1893 4427 ἐστιν

207 4453 426 4523 ἀληθὲς,
460 4451 668 4507 ἄνωθεν
693 4451 1020 4522 ἀναγνῶμεν
1051 4453 1182 4506 αὐτὸ
1213 4454 1276 4508 τὸ
1308 4455 1528 4526 χωρίον,
1561 4456 1656 4510 καὶ
1678 4456 1891 4512 εἴσεσθε

209 4543 395 4612 σαφῶς
415 4542 500 4594 ὅτι
530 4541 628 4610 οὐχ
661 4540 930 4612 ἡμέτερός
969 4542 1086 4594 ἐστι
1119 4543 1426 4612 στοχασμὸς
1467 4543 1527 4596 τὸ
1567 4543 1888 4614 λεγόμενον·

205 4629 344 4698 Περί
365 4627 435 4681 δὲ
459 4627 579 4681 τῶν
597 4628 1010 4683 εἰδωλοθύτων
1033 4629 1283 4698 οἴδαμεν
1301 4629 1390 4683 ὅτι
1416 4630 1638 4697 πάντες
1665 4633 1892 4700 γνῶσιν

208 4716 441 4785 ἔχομεν.
459 4714 754 4785 Ἠγνῶσις
765 4717 981 4786 φυσιοῖ
999 4729 1046 4782 ο,
1070 4719 1108 4786 ἡ
1120 4717 1188 4770 δὲ
1197 4718 1396 4788 ἀγάπη
1413 4719 1728 4788 οἰκοδομεῖ.
1750 4722 1889 4788 Περί

208 4802 313 4872 τῆς
321 4803 611 4872 ,βρώσεως
631 4801 746 4860 οὖν
767 4804 888 4860 τῶν
902 4804 1312 4861 εἰδωλοθύτων
1333 4807 1581 4877 οἰδαμεν
1604 4808 1692 4862 ὅτι
1708 4809 1891 4863 οὐδὲν

205 4890 459 4946 εἰδωλον
479 4891 548 4944 ἐν
563 4893 790 4962 κόσμῳ.
803 4895 902 4947 καί
919 4893 1008 4948 ὅτι
1023 4893 1223 4962 οὐδείς
1237 4895 1381 4961 Θεὸς
1395 4894 1598 4964 ἕτερος
1609 4898 1658 4950 εἰ
1676 4896 1764 4966 μὴ
1777 4892 1884 4964 εἷς.

214 4978 377 5050 Ὁρᾷς
398 4980 483 5033 ὅτι
514 4980 652 5050 πρὸς
678 4981 922 5046 ἐκείνους
945 4983 1366 5054 ἀποτεινόμενος
1391 4984 1566 5038 ταῦτα
1585 4985 1733 5054 λέγει
1761 4987 1888 5051 τοὺς

204 5065 432 5130 πολλοὺς
450 5061 589 5120 εῖναι
615 5068 939 5138 νομίζοντας
964 5068 1149 5134 θεούς;
1190 5069 1301 5125 Καὶ
1321 5071 1612 5141 γὰρείπερ
1643 5072 1763 5126 εἰσί
1789 5077 1890 5128 λε-

207 5153 441 5221 γόμενοι
457 5154 578 5208 θεοί
593 5155 835 5220 πολλοὶ,
855 5154 977 5227 [καί
998 5157 1192 5226 κύριοι
1210 5158 1474 5232 πολλοί,]
1490 5159 1610 5215 είτε
1627 5161 1696 5214 ἐν
1711 5164 1888 5230 οὐρα-

205 5237 443 5322 νῷ,είτε
456 5240 555 5293 ἐπὶ
584 5243 694 5309 τῆς
721 5240 836 5311 γῆς
855 5241 1040 5314 (πάλιν
1070 5245 1203 5316 πρὸς
1225 5247 1468 5312 ἐκείνους
1487 5248 1742 5322 μάχεται)
1764 5249 1885 5304 ὥσ-

206 5336 312 5391 περ
330 5318 450 5378 οὗν
475 5325 596 5378 εἰσι
617 5325 740 5379 θεοί
761 5327 982 5381 πολλοὶ
1001 5328 1101 5382 καί
1127 5331 1320 5400 κύριοι
1347 5318 1749 5400 πολλοί,ήτοῦτ’
1769 5333 1885 5388 ἐστι

208 5411 517 5482 λεγόμενον
560 5412 702 5467 ἀλλ’
739 5413 888 5483 ἡμῖν
925 5408 1014 5482 εἷς
1047 5414 1194 5481 Θεὸς
1224 5419 1258 5472 ό
1303 5418 1510 5489 Πατὴρ
1533 5460 1548 5486 ,
1584 5419 1654 5485 ἐξ
1693 5415 1767 5477 οὗ
1812 5422 1886 5476 τὰ

260 5562 280 5631 ξ
304 5564 423 5631 ᾌεε.
446 5564 676 5631 nonuqlli
701 5566 824 5631 δμοῦ
841 5569 1013 5631 τιθείς

1254 288 1341 345 DE
1379 288 2078 348 INCOIIPBEIIENSIBILI
2114 288 2226 344 DEI
2261 287 2569 346 NATURA.
2613 288 2678 344 γ.

3569 291 3675 349 7ιο

2007 404 2239 470 πάντα,
2270 404 2370 458 καί
2408 399 2497 470 εἷς
2540 404 2753 471 Κύριος
2813 401 3042 470 Ἰησοῦς
3080 403 3354 472 Χριστὸς,
3395 403 3470 457 δι’
3501 401 3574 462 οὗ
3607 408 3683 464 τὰ

2007 493 2222 546 πάντα.
2251 491 2353 545 Διά
2382 491 2539 544 τοῦτο
2573 491 2666 544 καὶ
2696 489 2760 544 τὸ
2789 485 2876 556 εἷς
2901 489 3261 561 προσέθηκεν,
3290 493 3379 548 ἵνα
3413 493 3488 564 μὴ
3515 495 3680 547 πολυ-

2007 580 2156 634 θεῒαν
2187 580 2502 649 εἰσάγεσθαι
2536 578 2697 633 πάλιν
2725 578 2921 632 ἐκεῖνοι
2951 577 3246 647 νομίζωσι,
3287 580 3382 633 καὶ
3415 580 3511 634 ἕνα
3543 581 3676 634 Θεὸν

2003 668 2096 722 τὸν
2129 669 2349 738 Πατέρα
2381 668 2660 732 ἐκάλεσεν,
2693 667 2793 720 ούκ
2824 666 3104 720 ἐκϐάλλειν
3141 667 3234 720 τὸν
3262 668 3390 720 Υίὸν
3427 670 3527 739 τῆς
3555 669 3675 722 θεό-

2002 773 2183 826 τητος,
2219 755 2408 827 ὥσπερ
2438 751 2530 809 οὖν
2567 755 2663 808 καὶ
2691 755 2786 808 ἕνα
2811 753 3016 824 Κύριον
3043 754 3135 807 τὸν
3162 755 3311 816 Υἰὸν,
3346 755 3446 808 οὐκ
3479 756 3677 810 ἐκϐάλ-

2002 843 2110 896 λων
2133 844 2234 912 τῆς
2258 843 2576 912 κυριότητος
2593 842 2685 894 τὸν
2715 841 2953 910 Πατέρα.
2981 840 3116 894 ἀλλά
3143 842 3244 912 τὴν
3271 843 3494 896 ἐκείνων
3519 843 3678 897 ἀσθέ-

2003 946 2149 982 νειαν
2176 928 2582 1000 διορθούμενος,
2623 928 2717 981 καὶ
2755 927 3022 998 μηδεμίαν
3068 928 3250 990 αὐτοῖς
3279 927 3462 983 δοῦναι
3505 929 3677 999 λαϐὴν

2005 1015 2340 1086 βουλόμενος.
2373 1014 2542 1068 Τοῦτο
2566 1013 2696 1082 γοῦν
2725 1016 2820 1067 καί
2847 1015 3016 1068 αἴτιον
3037 1015 3225 1083 γέγονε
3252 1015 3345 1068 τοῦ
3377 1017 3454 1086 μὴ
3487 1015 3675 1084 σαφῶς

2005 1103 2140 1173 μηδὲ
2171 1101 2438 1173 φανερῶς,
2474 1100 2589 1154 ἀλλ’
2618 1101 2873 1171 ἀμυδρῶς
2900 1119 3016 1164 πως
3041 1103 3134 1154 καί
3183 1103 3424 1166 σπανίως
3452 1103 3541 1156 διά
3564 1103 3676 1156 τῶν

2001 1192 2296 1264 προφητῶν
2345 1191 2712 1261 γνωρισθῆναι
2759 1192 2871 1253 τοῖς
2925 1191 3198 1254 Ἰουδαίοις
3254 1191 3346 1243 τὸν
3400 1191 3530 1244 Υίὸν
3578 1190 3676 1244 τοῦ

2001 1279 2154 1333 Θεοῦ.
2191 1281 2349 1349 ’Ἄρτι
2381 1279 2488 1349 γὰρ
2520 1278 2619 1348 τῆς
2674 1276 2933 1330 πολυθέου
2970 1277 3178 1346 πλάνης
3224 1277 3672 1346 ἀπαλλαγέντες,

2001 1369 2049 1420 εἰ
2089 1366 2250 1418 πάλιν
2285 1366 2522 1436 ἤκουσαν
2553 1364 2685 1416 Θεὸν
2716 1365 2811 1418 καὶ
2839 1363 2991 1425 Θεὸν,
3031 1363 3168 1434 πρὸς
3219 1365 3316 1434 τὴν
3347 1365 3518 1435 αὐτὴν
3555 1365 3620 1419 ἀν
3643 1364 3670 1403 ἀ

2000 1453 2345 1525 ὑπέστρεψαν
2373 1453 2546 1506 νόσον.
2581 1451 2679 1504 Διά
2717 1450 2874 1504 τοῦτο
2903 1451 3016 1504 ἀνω
3048 1451 3142 1504 καὶ
3176 1451 3326 1504 κάτω
3356 1451 3596 1521 συνεχῶς
3623 1452 3672 1505 οί

1999 1543 2274 1613 προφῆται
2314 1541 2560 1609 λέγουσιν
2581 1542 2663 1593 ὅτι
2687 1535 2775 1605 εἷς
2803 1539 2968 1604 Θεὸς,
3014 1541 3116 1594 καί
3147 1539 3316 1608 πλὴν
3340 1541 3526 1595 αὑτοῦ
3561 1543 3674 1593 οὐκ

1999 1627 2171 1681 ἐστιν
2188 1645 2200 1658 ·
2227 1629 2349 1698 οὐχὶ
2377 1629 2466 1681 τὸν
2493 1627 2621 1679 Υἱὸν
2649 1624 2989 1690 ἀθετοῦντες,
3023 1626 3098 1698 μὴ
3128 1627 3360 1695 γένοιτο,
3397 1626 3535 1679 ἀλλὰ
3571 1627 3673 1696 τὴν

2000 1716 2222 1770 ἐκείνων
2255 1716 2536 1770 ἀσθένειαν
2573 1715 2910 1786 θεραπεῦσαι
2959 1714 3290 1785 βουλόμενοι,
3347 1717 3441 1767 καὶ
3485 1717 3673 1774 πεῖσαι

1999 1803 2137 1866 τέως
2181 1803 2282 1874 τῆς
2332 1803 2441 1856 τῶν
2474 1802 2681 1855 πολλῶν
2730 1801 2868 1855 θεῶν
2914 1802 3008 1854 καὶ
3053 1803 3152 1854 οὐκ
3207 1802 3376 1857 ὅντων
3417 1803 3674 1871 ὑπονοίας

1999 1889 2396 1960 ἀπαλλαγῆναι.
2431 1889 2599 1942 Ὅταν
2626 1888 2807 1941 τοίνυν
2839 1888 3079 1962 ἀκούσῃς
3101 1889 3164 1941 τὸ
3200 1884 3288 1955 εἷς
3317 1889 3411 1942 καὶ
3437 1889 3636 1954 οὐδεὶς
3660 1929 3670 1948 ,

2001 1978 2095 2031 καί
2126 1978 2226 2032 ὅσα
2255 1976 2504 2040 τοιαῦτα,
2533 1975 2607 2047 μὴ
2636 1975 2736 2046 τῆς
2767 1975 2995 2046 Τριάδος
3029 1974 3337 2048 ἐλαττώσῃς
3365 1976 3462 2046 τὴν
3492 1975 3668 2042 δόξαν,

2000 2065 2137 2120 ἀλλά
2165 2066 2228 2119 τὸ
2259 2065 2422 2136 μέσον
2455 2064 2625 2133 αὐτῆς
2654 2064 2790 2135 πρὸς
2822 2065 2922 2135 τὴν
2964 2063 3144 2117 κτίσιν
3184 2064 3272 2118 διὰ
3295 2064 3502 2118 τούτων
3537 2065 3675 2136 μάνη

2001 2153 2127 2209 θανε
2169 2152 2275 2207 τῶν
2304 2152 2590 2224 ῥημάτων·
2637 2152 2760 2204 ἐπεὶ
2813 2151 2908 2204 καὶ
2951 2151 3186 2220 ἀλλαχοῦ
3232 2169 3396 2222 φησι*
3431 2153 3528 2218 Τίς
3560 2152 3669 2220 γὰρ

1997 2241 2151 2312 ἔγνω
2185 2239 2338 2293 νοῦν
2364 2239 2618 2306 Κυρίου;
2658 2237 2768 2292 Καὶ
2799 2237 2880 2290 ὅτι
2906 2236 3065 2290 τοῦτό
3102 2239 3250 2291 ἐστιν
3284 2239 3542 2302 ἐνταῦθα,
3571 2243 3667 2294 καί

1997 2327 2120 2382 οὔτε
2154 2329 2244 2380 τὸν
2275 2325 2423 2390 Υἰὸν,
2456 2324 2579 2378 οὔτε
2608 2324 2669 2378 τὸ
2701 2325 2927 2395 Πνεῦμα
2967 2318 3220 2378 ἐκϐάλλει
3249 2327 3348 2396 τῆς
3379 2323 3632 2392 γνώσεως
3651 2363 3668 2388 ,

1999 2414 2480 2486 προαποδέδεικται
2525 2413 2583 2465 ἐν
2624 2413 2736 2476 τοῖς
2775 2411 3030 2482 ἀνωτέρω
3067 2411 3410 2482 εἰρημένοις,
3451 2412 3538 2464 ὅτε
3571 2412 3672 2480 τὴν

2001 2500 2307 2572 μαρτυρίαν
2351 2498 2747 2570 παρηγάγομεν
2784 2498 2882 2569 τὴν
2912 2497 3195 2567 λέγουσαν’
3257 2498 3352 2564 Τίς
3391 2497 3501 2569 γὰρ
3546 2494 3672 2551 οἶδε

1996 2589 2070 2643 τὰ
2097 2587 2202 2642 τοῦ
2239 2585 2587 2653 ἀνθρώπου,
2623 2588 2677 2640 εί
2710 2584 2798 2656 μὴ
2830 2585 2898 2640 τὸ
2934 2585 3171 2655 πνεῦμα
3207 2585 3314 2640 τοῦ
3353 2585 3672 2654 ἀνθρώπου

1997 2675 2063 2730 τὸ
2104 2675 2174 2729 έν
2221 2671 2415 2739 αὑτῷ;
2472 2673 2635 2727 Οὕτω
2682 2672 2780 2726 καί
2823 2674 2895 2727 τὰ
2941 2673 3088 2727 Θεοῦ
3137 2673 3338 2739 οὐδεὶς
3377 2673 3574 2738 οἰδεν,
3618 2676 3672 2726 εί

1989 2763 2077 2835 μὴ
2109 2764 2179 2817 τὸ
2208 2763 2452 2832 Πνεῦμα
2476 2761 2582 2816 τοῦ
2611 2761 2781 2816 Θεοῦ.
2819 2762 2932 2814 Kal
2955 2761 3115 2817 πάλιν
3141 2764 3170 2815 ὁ
3205 2761 3439 2832 Χριστός
3471 2779 3636 2832 φησιν
3655 2779 3668 2789 ·

1999 2853 2206 2916 Οὐδείς
2239 2851 2520 2921 γινώσκει
2546 2850 2655 2904 τὸν
2698 2851 2854 2917 Υίὸν,
2883 2853 2936 2904 εί
2963 2852 3050 2921 μὴ
3075 2852 3108 2904 ό
3137 2850 3360 2920 Πατὴρ,
3398 2851 3540 2906 οὐδὲ
3563 2851 3672 2904 τὸν

1997 2939 2228 3008 Πατέρα
2274 2957 2363 3006 τις
2400 2937 2777 3009 ἐπιγινώσκει
2801 2951 2849 3005 θ,
2875 2941 2928 2993 εἰ
2960 2940 3045 3009 μὴ
3069 2943 3102 2993 ό
3125 2940 3276 3006 Υἰός.
3303 2939 3460 2992 Οὕτω
3487 2939 3550 3009 δὴ
3575 2940 3672 2992 καὶ

1995 3027 2261 3080 ἐνταῦθα’
2295 3028 2418 3095 Οὐχ
2458 3026 2548 3079 ὄτι
2587 3026 2694 3080 τὸν
2722 3027 2955 3094 Πατέρα
2985 3043 3074 3091 τις
3103 3026 3382 3094 ἑώρακεν,
3422 3027 3476 3080 εἰ
3503 3025 3590 3096 μὴ
3636 3029 3672 3080 ὁ

1995 3107 2082 3164 ὢν
2097 3111 2165 3164 ἐκ
2184 3109 2292 3162 τοῦ
2317 3108 2485 3163 Θεοῦο
2509 3103 2688 3174 οὗτος
2716 3108 2936 3176 ἑώρακε
2950 3109 3058 3161 τὸν
3078 3109 3330 3176 Πατέρα.
3369 3107 3538 3179 Ὁμοῦ
3559 3109 3671 3180 γὰρ

1995 3198 2075 3251 ὄτι
2105 3196 2242 3267 μετά
2272 3195 2558 3266 ἀκριϐείας
2591 3195 2754 3249 αὑτὸν
2779 3190 2940 3257 οἶδεν,
2964 3190 3106 3260 εἶπε,
3131 3195 3226 3248 καὶ
3251 3195 3350 3266 τὴν
3373 3196 3551 3248 αἰτίαν
3580 3195 3670 3248 τέ-

1997 3283 2194 3350 θεικεν,
2219 3285 2287 3338 δι’
2326 3283 2393 3354 ἣν
2433 3277 2562 3336 οἵδε.
2597 3283 2694 3346 Τίς
2721 3282 2780 3336 δέ
2811 3283 2844 3353 ἡ
2883 3281 3065 3347 αἰτία;
3109 3280 3183 3334 Τὸ
3225 3280 3283 3347 ἐξ
3315 3281 3480 3334 αὐτοῦ
3513 3279 3666 3353 [485]

1996 3368 2164 3425 εἶναι’
2199 3370 2291 3424 τοῦ
2329 3370 2386 3424 δὲ
2431 3369 2490 3434 ἐξ
2520 3369 2682 3424 αὐτοῦ
2731 3365 2870 3423 εἶναι
2911 3369 3075 3423 πάλιν
3119 3368 3392 3433 ἀπόδειξις
3433 3369 3495 3420 τὸ
3531 3368 3672 3438 μετά

1996 3457 2278 3530 ἀκριϐείας
2293 3457 2453 3511 αὑτὸν
2473 3457 2690 3510 εἰδέναι.
2713 3457 2811 3510 Διά
2831 3456 2989 3509 τοῦτο
3016 3455 3124 3526 γὰρ
3146 3455 3306 3508 αὐτὸν
3328 3451 3435 3508 οἶδε
3458 3455 3666 3524 σαφῶς,

1995 3543 2179 3615 ἐπειδὴ
2221 3543 2279 3609 ἐξ
2320 3542 2485 3597 αὑτοῦ
2529 3544 2701 3607 ἐστιν,
2736 3541 2830 3594 καὶ
2860 3543 3086 3612 σημεῖον
3114 3540 3209 3594 τοῦ
3240 3539 3298 3607 ἐξ
3328 3540 3494 3593 αὐτοῦ
3527 3536 3667 3594 εἶναι

1992 3633 2054 3686 τὸ
2081 3631 2274 3685 εἰδέναι
2296 3631 2457 3684 αὑτὸν
2490 3630 2695 3698 σαφῶς.
2724 3629 2894 3682 Οὐσία
2934 3629 3042 3700 γὰρ
3075 3630 3260 3683 οὐσίαν
3295 3629 3668 3701 ὑπερέχουσαν

1994 3722 2093 3775 οὐκ
2121 3720 2187 3774 ἂν
2212 3719 2461 3792 δυνηθείη
2488 3719 2669 3782 καλῶς
2692 3718 2926 3784 εἰδέναι,
2965 3719 3070 3773 κάν
3102 3719 3282 3787 ὀλίγον
3383 3718 3444 3772 τὸ
3475 3720 3661 3789 μέσον.

1999 3805 2262 3858 Ἀκουσον
2288 3803 2419 3872 γοῦν
2449 3805 2576 3874 περὶ
2603 3803 2713 3858 τῶν
2745 3803 2992 3872 ἀγγέλων
3017 3803 3068 3857 τί
3093 3821 3258 3875 φησιν
3288 3805 3316 3857 ό
3347 3806 3632 3875 προφήτης
3652 3844 3665 3867 ,

1997 3892 2091 3945 καὶ
2125 3891 2252 3962 περί
2283 3891 2382 3961 τῆς
2406 3890 2753 3962 ἀνθρωπίνης
2783 3890 3017 3960 φύσεως,
3052 3891 3136 3944 ὅτε
3171 3890 3351 3959 ὀλίγον
3382 3890 3444 3944 τὸ
3482 3890 3671 3958 διάφο-

2001 3996 2090 4051 ρον
2115 3978 2318 4048 ταύτης
2343 3977 2626 4048 κάκείνης.
2657 3977 2842 4031 Εἰπὼν
2874 3977 3006 4049 γὰρ.
3043 3975 3109 4030 Τί
3133 3977 3307 4030 ἐστιν
3335 3975 3666 4044 ἅνθρωπος,

1997 4065 2085 4118 ὅτι
2113 4063 2424 4135 μιμνήσκῃ
2452 4064 2659 4128 αὐτοῦ,
2701 4065 2741 4132 ἢ
2793 4064 2924 4131 υίὸς
2955 4063 3294 4132 ἀνθρώπου,
3325 4062 3416 4116 ὅτι
3465 4061 3668 4132 λογίζῃ

1997 4153 2182 4206 αὐτόν
2197 4169 2217 4216 ;
2250 4152 2547 4222 ἐπήγαγεν,
2595 4149 2979 4218 Ἠλάττωσας
3007 4150 3197 4205 αὐτὸν
3217 4150 3419 4218 βραχύ
3449 4167 3505 4202 τι
3531 4153 3667 4215 παρ’

1995 4240 2311 4310 ἀγγέλους.
2365 4239 2503 4292 Ἀλλ’
2538 4241 2686 4311 ὅμως
2719 4239 2768 4292 εἰ
2809 4239 2904 4292 καὶ
2941 4239 3112 4311 βραχὺ
3144 4240 3207 4291 τὸ
3251 4238 3435 4308 μέσον,
3478 4238 3666 4308 ἐπειδὴ

1996 4323 2133 4386 ὅλως
2162 4324 2278 4376 ἐστί
2306 4341 2359 4377 τι
2397 4323 2579 4394 μέσον,
2621 4325 2722 4377 οὐκ
2749 4324 2972 4395 οἴδαμεν
3011 4323 3150 4396 μετὰ
3187 4323 3475 4395 ἀκριϐείας
3502 4324 3668 4392 ἀγγέ-

1995 4409 2102 4463 λων
2127 4411 2334 4475 ούσίαν,
2365 4409 2468 4464 κᾶν
2517 4411 2687 4482 μυρία
2727 4410 3202 4483 φιλοσοφήσωμεν,
3251 4412 3433 4480 εὑρεῖν
3473 4411 3534 4464 06
3571 4411 3666 4464 δυ-

1997 4494 2225 4565 νάμεθα.

2065 4668 2127 4722 δ’.
2159 4670 2268 4724 Καὶ
2298 4671 2346 4724 τί
2368 4671 2509 4740 λέγω
2543 4673 2807 4741 ἀγγέλων,
2827 4674 2958 4727 ὅπου
2974 4691 3036 4743 γε
3053 4675 3173 4729 ούδέ
3193 4675 3361 4744 αὐτῆς
3395 4677 3493 4745 τῆς
3525 4678 3665 4746 ἡμε-

1993 4754 2156 4826 τέρας
2195 4757 2372 4828 ψυχῆς
2413 4761 2512 4832 τὴν
2539 4760 2726 4814 οὐσίαν
2773 4761 2930 4832 ἴσμεν
2961 4762 3162 4826 καλῶς,
3209 4763 3407 4833 μᾶλλον
3442 4763 3499 4816 δὲ
3542 4763 3664 4816 οὐδὲ

1993 4843 2242 4900 ὁπωσοῦν
2266 4864 2280 4913 ;
2317 4848 2379 4900 El
2406 4848 2463 4900 δὲ
2493 4851 2688 4903 ἐκεῖνοι
2719 4848 3114 4919 φιλονεικοῦσιν
3143 4851 3360 4915 εἰδέναι,
3389 4850 3663 4922 ἐρώτησον

1993 4932 2046 4984 τί
2076 4949 2206 4985 ποτε
2251 4933 2367 4986 ἐστι
2399 4935 2496 5006 τὴν
2536 4937 2724 4991 οὐσίαν
2751 4938 2784 5008 ἠ
2813 4937 2958 5009 ψυχή
2981 4955 2993 4969 ·
3027 4935 3136 5010 ἆρα
3163 4939 3306 5010 ἀὴρ,
3339 4938 3372 5009 ἢ
3404 4937 3622 5008 πνεῦμα
3646 4977 3660 5000 ,

1994 5017 2273 5090 ῆᾶνεμος,
2302 5022 2335 5094 ἢ
2361 5023 2473 5095 πῦρ
2509 5025 2563 5087 τς
2609 5026 2748 5078 Ἀλλ’
2778 5027 2930 5080 οὐδὲν
2979 5026 3186 5080 τούτων
3237 5026 3453 5098 ἐροῦσι,
3481 5025 3659 5078 ταῦτα

1991 5107 2099 5178 γὰρ
2142 5109 2322 5164 πάντα
2361 5111 2620 5182 σώματα,
2671 5115 2856 5186 ἐκείνη
2893 5115 2949 5167 δέ
2981 5115 3290 5185 ἀσώματος.
3324 5111 3458 5168 Εἶτα
3496 5115 3664 5181 ἀγγέ-

1990 5192 2117 5257 λους
2160 5197 2258 5267 μὲν
2297 5199 2397 5252 οὐκ
2435 5200 2634 5266 ἴσασιν,
2682 5202 2803 5255 ούδέ
2847 5201 2947 5265 τὰς
2985 5201 3194 5255 ἑαυτῶν
3243 5201 3450 5272 ψυχὰς,
3481 5201 3572 5253 τὸν
3604 5201 3660 5253 δὲ

1988 5283 2208 5339 πάντων
2244 5290 2522 5361 Δεσπότην
2555 5291 2649 5344 καὶ
2691 5290 3026 5361 δημιουργὸν
3063 5290 3260 5343 εἰδέναι
3295 5289 3659 5360 φιλονεικοῦσι

1988 5373 2128 5443 μετά
2164 5375 2480 5450 ἀκριϐείας;
2525 5379 2620 5432 καὶ
2663 5381 2718 5432 τί
2761 5378 2964 5449 ταύτης
3005 5378 3204 5447 γένοιτ’
3247 5379 3313 5433 ἀν
3338 5381 3437 5450 τῆς
3477 5379 3662 5444 ἀνοίας

1985 5462 2202 5532 χεῖρον;
2230 5464 2340 5517 Καὶ
2362 5466 2415 5518 τί
2439 5465 2600 5534 λέγω,
2623 5466 2676 5519 τί
2703 5467 2801 5538 τὴν
2824 5464 3011 5520 οὐσίαν
3037 5466 3183 5518 ἐστὶν
3207 5468 3241 5537 ἡ
3262 5467 3438 5538 ψυχή;
3468 5465 3660 5532 ’Όπως

2044 5573 2073 5614 ἆ
2093 5577 2279 5647 μοι-ει,
2304 5586 2354 5628 et
2373 5578 2572 5647 quirfam
2615 5595 2726 5647 φεε.
2753 5582 2867 5647 πρὸς
2911 5581 3096 5647 ταύτην,
3125 5582 3200 5639 ἄν,
3226 5584 3310 5632 alii
3354 5581 3498 5647 (inter
3538 5595 3659 5646 quos

260 5624 294 5666 ι
313 5628 411 5676 Αιιι
435 5640 550 5676 cum
594 5624 780 5678 Saﬂlio
809 5631 951 5680 πάλιν
971 5624 1081 5696 περὶ
1108 5631 1196 5683 τοῦ
1233 5635 1446 5700 Χριστοῦ
1477 5639 1564 5697 τὴν
1606 5655 1657 5703 μ.
1704 5640 1880 5700 ταύτην

260 5689 472 5728 ῑαένανεν
494 5691 657 5728 εἰπὼν.
682 5690 772 5728 ὅτι-

1999 5624 2584 5728 ςαεῑςξίξτέῥδςςὲὴἷᾶοὲἧξι
2611 5624 3246 5708 ἇῖἶὶμῖὄᾶ’νεὲὲἓῖῥὲῑηῖιὶέ)ἶ

206 5689 472 5778 παρήγαγεν
494 5691 660 5747 εἰπὼν,
682 5690 772 5738 ὅτι.
1038 5689 1048 5696 ’

311 5751 434 5778 ’νμαέ
457 5764 556 5778 mea
615 5751 693 5778 hin
722 5753 895 5778 athla-ﬂ
925 5755 962 5778 ,ἲ
989 5756 1078 5778 --.2

319 5751 437 5800 I‘res
457 5764 574 5799 mss.
615 5751 694 5798 hic
720 5753 900 5803 addunt
923 5755 963 5803 εἷ
989 5756 1166 5817 γνῶσιν
1185 5757 1373 5820 ἔχομεν.

558 5841 830 5904 Ρλτιιοι..
879 5848 995 5905 (In.
1045 5848 1324 5910 XLVIII.

2101 5700 2202 5751 Alii
2224 5700 2464 5763 γινώσκει.

2058 5757 2080 5800 ί
2125 5765 2186 5813 Ἦ
2209 5757 2302 5828 πῦρ
2325 5766 2471 5817 deest
2490 5767 2537 5816 in
2560 5763 2782 5829 plurimis
2803 5767 3158 5830 manuscriplis.

3255 5847 3328 5908 ιιι
