4062 6166
357 229 451 286 7n
948 192 956 201 ’
1135 232 1196 287 s.
1233 231 1516 288 unum
1550 230 2039 289 cunvsosmm
2077 232 2399 289 ARCHIEP.
2442 191 2988 288 CONSTANTINOP.
3660 244 3753 302 τη

349 345 507 414 ήμῶν
535 345 680 398 ἐστιν
708 346 765 398 ἐν
793 344 870 416 τῷ
907 344 1138 417 σώματι,
1182 347 1300 402 οὐδὲ
1329 348 1487 402 τοῦτο
1529 347 1676 400 ἔστιν
1707 349 1900 401 εἰπεῖν.
1949 348 2019 400 Τί

352 433 459 502 7&9
488 431 602 502 ἔχοι
637 448 719 496 τις
752 431 819 485 ἂν
863 434 1069 499 είπεῖν;
1098 434 1179 488 ὅτι
1217 435 1634 505 παρεκτείνεται
1677 433 1755 504 τῷ
1794 433 1887 485 τοῦ
1923 432 2026 485 σώ-

2131 348 2213 401 ὅτι
2256 349 2520 403 Ἤκουσα
2560 347 2785 415 ᾶῤῥητα
2810 344 3071 414 ῥήματα,
3097 340 3135 396 ἃ
3175 342 3285 395 οὐκ
3333 344 3468 407 ἐξὸν
3500 348 3758 422 ἀνθρώπῳ

2128 434 2417 502 λαλῆσαι.
2457 436 2596 488 Ἀλλ’
2622 436 2771 503 ὅμως
2817 433 2911 486 καὶ
2942 433 3101 494 αὐτὸς
3150 426 3303 491 οὗτος
3334 434 3424 484 καὶ
3466 435 3580 487 τότε
3610 438 3758 491 ἀκού-

354 536 523 588 ματος
551 519 734 589 δγκῳς
787 519 947 573 Ἀλλά
991 520 1147 573 τοῦτο
1188 520 1402 590 ἄλογον,
1447 521 1714 593 σωμάτων
1760 519 1869 590 γὰρ
1896 520 2025 573 ῐδιον
2131 538 2228 585 σας
2276 523 2490 593 ἄρρητα
2544 522 2783 592 ῥήματα,
2815 519 2850 572 ἃ.
2884 519 2985 571 οὐκ
3038 517 3155 582 ἐξὸν
3207 516 3473 588 ἀνθρώπῳ
3518 518 3757 590 λαλῆσαι,

349 605 538 660 τοῦτο·
570 608 650 661 ὅτι
679 606 736 660 δὲ
768 608 859 661 ἐπὶ
885 608 1063 680 ψυχῆς
1091 611 1192 662 οὐκ
1226 609 1341 662 ἐστι
1376 609 1537 662 τοῦτο
1558 607 1808 661 ἐντεῦθεν
1841 607 2020 677 δῆλον,

355 694 614 759 πολλάκις
642 696 736 749 καὶ
761 695 871 748 τῶν
892 695 1090 767 χειρῶν
1113 696 1207 750 καὶ
1232 697 1343 749 τῶν
1372 696 1548 749 ποδῶν
1572 694 2020 766 ἐκκεκομμένων,

353 778 644 850 ὁλόκληρος
674 780 855 851 ἐκείνη
885 781 1056 851 μένει,
1080 782 1233 835 οὐδὲν
1257 781 1774 853 ἀκρωτηριασθεῖσα
1795 782 1903 834 ἀπὸ
1922 783 2021 851 τῆς

354 865 446 919 τοῦ
497 866 748 938 σώματος
788 869 1108 940 πηρώσεως.
1170 870 1310 923 Ἀλλ’
1350 870 1452 922 οὐκ
1495 870 1644 923 ἔστιν
1692 870 1751 922 ἐν
1796 869 1902 939 ὅλῳ
1945 867 2021 939 τῷ

356 949 590 1022 σώματι,
618 953 730 1006 ἀλλ’
763 956 822 1006 ἐν
849 954 1002 1026 μέρει
1029 958 1135 1009 τινὶ
1159 956 1509 1027 συνείληπται
1529 962 1554 992 ³
1579 953 1822 1022 ;Οὐκοῦν
1854 953 2021 1025 νεκρά

354 1036 565 1110 ἀνάγκη
598 1039 667 1094 τά
688 1039 849 1095 λοιπά
875 1038 1015 1096 εἶναι
1039 1043 1174 1115 μέλη
1195 1058 1209 1073 ·
1240 1044 1302 1098 τὸ
1330 1043 1438 1114 7&9
1462 1041 1665 1111 ἄψυχον
1696 1042 1912 1104 πάντως
1937 1058 2021 1094 νε-

354 1125 503 1195 κρόν.
552 1126 690 1181 Ἀλλ’
719 1130 840 1182 οὐδὲ
867 1130 1025 1184 τοῦτο
1062 1131 1210 1184 ἐστιν
1242 1133 1438 1197 είπεῖν,
1471 1128 1588 1184 ἀλλ’
1627 1130 1711 1182 ὅτι
1748 1129 1846 1199 μὲν
1875 1127 2019 1181 ἐστιν

354 1213 412 1265 ἐν
440 1212 518 1284 τῷ
551 1212 763 1286 σώματι
792 1216 871 1287 τῷ
901 1218 1155 1289 ἡμετέρῳ
1186 1219 1367 1290 ῖσμενι,
1398 1217 1460 1271 τὸ
1493 1217 1549 1269 δὲ
1583 1215 1701 1279 πῶς
1739 1218 1885 1268 ἐστιν
1919 1216 2018 1269 οὐκ

357 1298 532 1369 ῐσμεν.
565 1301 665 1355 Διά
697 1303 805 1375 γὰρ
846 1304 1004 1357 τοῦτο
1031 1307 1124 1358 καὶ
1160 1305 1259 1377 τὴν
1299 1303 1505 1375 ταύτης
1530 1302 1733 1371 γνῶσιν
1760 1302 2017 1356 ἀπέκλει-

358 1400 449 1437 σεν
473 1386 501 1437 6
527 1385 659 1450 Θεὸς
685 1389 749 1441 ἐκ
781 1389 979 1460 πολλῆς
1008 1388 1322 1460 περιουσίας
1349 1387 1718 1459 ἐπιστομίζων
1745 1389 1896 1459 ἡμᾶς
1927 1387 2018 1441 καὶ

357 1469 618 1539 κατέχων,
643 1473 736 1525 κα)⁵
778 1474 961 1544 μένειν
998 1475 1149 1528 κάτω
1189 1473 1412 1540 πείθων,
1446 1474 1541 1528 καὶ
1582 1474 1652 1526 τά
1690 1473 1828 1545 ὑπὲρ
1873 1474 2020 1544 ἡμᾶς

359 1556 434 1627 μὴ
478 1560 971 1630 περιεργάζεσθαι,
1022 1561 1159 1633 μηδὲ
1201 1560 1694 1632 πολυπραγμονεῖν.
1747 1560 1886 1613 Ἀλλ’
1934 1561 2019 1612 ἵνα

361 1643 435 1712 μὴ
476 1645 584 1697 ἀπὸ
631 1646 904 1717 λογισμῶν
943 1647 1012 1700 τὰ
1061 1648 1285 1701 τοιαῦτα
1327 1648 1844 1718 κατασκευάσωμεν,
1887 1648 2019 1718 φέρε

358 1731 518 1784 πάλιν
548 1733 638 1785 ἐπὶ
662 1737 757 1806 τὴν
783 1735 1005 1807 Γραφὴν
1025 1736 1114 1790 τὸν
1129 1736 1286 1805 λόγον
1307 1736 1625 1806 ἀγάγωμεν.
1648 1738 1772 1804 Οὐχ
1802 1735 1891 1788 ὅτι
1913 1734 2022 1787 τὸν

356 1817 587 1885 Πατέρα
620 1819 840 1889 ἐώρακέ
863 1839 972 1887 τις,
1002 1822 1187 1893 φησὶν,
1215 1824 1269 1875 εί
1289 1820 1375 1890 μὴ
1405 1825 1437 1876 ό
1474 1818 1558 1876 ὢν
1580 1821 1651 1875 ἐκ
1690 1821 1793 1876 τοῦ
1837 1819 2018 1883 Θεοῦ,

357 1898 535 1970 οὗτος
558 1905 779 1974 ἑώρακε
815 1907 923 1961 τὸν
961 1907 1213 1978 Πατέρα.
1257 1909 1367 1961 Kal
1392 1908 1446 1961 τί
1483 1906 1669 1974 τοῦτο;
1702 1906 1894 1978 φησίν·
1924 1906 2018 1960 οὐ-

355 1988 504 2044 δέπω
538 1992 646 2065 7&9
687 1994 836 2066 αὐτῷ
871 1995 1070 2064 γνῶσιν
1104 1995 1313 2067 ἀκριϐῆ
1356 1995 1517 2048 τοῦτο
1562 1994 1913 2065 ἐμαρτύρησε
1959 1992 2021 2046 τὸ

362 2077 532 2147 ῥῆμα.
575 2080 713 2133 Ἀλλ’
749 2083 830 2136 ὅτι
862 2083 958 2153 μὲν
984 2082 1146 2136 αὐτὸν
1174 2085 1208 2153 ὴ
1240 2082 1414 2144 κτίσις
1441 2083 1541 2135 οὐκ
1581 2078 1720 2135 οἶδεν
1754 2081 2021 2151 ἐδήλωσεν

357 2163 559 2220 είπών·
598 2170 720 2236 Οὐχ
755 2169 845 2222 ὅτι
889 2171 997 2222 τὸν
1031 2168 1262 2239 Πατέρα
1301 2185 1387 2235 τις
1437 2168 1657 2236 ἑώρακε
1681 2183 1694 2197 ·
1744 2168 1840 2221 καὶ
1871 2168 1953 2220 ὅτι
1993 2166 2022 2218 6

358 2251 486 2315 Υἱὸς
532 2252 693 2313 αὐτὸν
730 2250 869 2322 οἶδε,
919 2257 1014 2309 καὶ
1046 2255 1204 2309 τοῦτο
1249 2256 1408 2309 πάλιν
1449 2256 1685 2326 ἐδήλωσε
1717 2254 1983 2327 προσθείς
2006 2270 2017 2283 ·

352 2338 421 2391 El
434 2339 522 2408 μὴ
549 2342 583 2393 ὀ
610 2339 695 2394 ὢν
725 2340 794 2394 ἐκ
827 2340 933 2395 τσῦ
964 2343 1132 2407 Θεοῦ,
1160 2337 1336 2407 οὗτος
1359 2342 1580 2410 ἑώρακε
1618 2342 1723 2396 τὸν
1759 2341 2016 2410 Πατέρα·

353 2426 437 2478 ὅτι
476 2427 660 2498 μέντοι
682 2427 927 2500 ἀκριϐῶς
947 2429 1108 2484 αὐτὸν
1131 2426 1261 2495 οἶδε,
1291 2431 1387 2484 καὶ
1418 2429 1591 2493 οὕτως
1611 2429 1687 2493 ὡς
1712 2429 1873 2492 αὐτὸς
1903 2431 2024 2482 ἐαυ-

353 2513 466 2579 τὸν,
499 2515 709 2570 οὐδέπω
740 2516 898 2571 τοῦτο
924 2518 1317 2573 ἀποδέδεικται.
1364 2516 1673 2588 Ἐνδέχεται
1693 2516 1823 2587 7&9,
1862 2515 2020 2585 φησὶ,

359 2601 496 2672 μηδὲ
539 2603 637 2674 τὴν
683 2605 861 2659 κτίσιν
895 2605 1054 2661 αὐτὸν
1092 2605 1290 2659 εἰδέναι
1320 2604 1541 2675 σαφῶς,
1577 2606 1714 2676 μήτε
1754 2603 1845 2656 τὸν
1872 2603 2021 2667 Υίὸν,

357 2688 472 2743 ἀλλ’
497 2691 713 2760 ἐκείνης
736 2690 907 2763 [486]
939 2692 1039 2762 μὲν
1082 2692 1437 2764 σαφέστερον,
1465 2692 1565 2762 τὴν
1611 2692 1791 2762 μέντοι
1817 2689 2023 2762 ἀκριϐῆ

357 2776 660 2847 κατάληψιν
689 2778 830 2848 μηδὲ
868 2779 1057 2832 τοῦτον
1098 2778 1262 2850 ἔχειν.
1297 2780 1418 2832 Ὅτι
1453 2778 1551 2850 μὲν
1582 2779 1691 2850 7&9
1728 2776 1889 2831 αὐτὸν
1923 2776 2026 2849 ὁρᾷ

356 2862 495 2934 ὅπερ
526 2865 644 2917 ἐστὶ
661 2865 764 2918 καὶ
793 2864 1050 2934 γινώσκει
1076 2862 1248 2932 εἶπεν,
1274 2867 1358 2923 ὅτι
1383 2865 1440 2919 δὲ
1469 2865 1715 2937 ἀκριϐῶς
1742 2865 1905 2918 αὐτὸν
1934 2880 2023 2933 γι-

358 2950 578 3016 νώσκει,
600 2953 695 3006 καὶ
717 2951 888 3018 οὕτως
904 2953 982 3018 ὼς
1006 2954 1167 3019 αὐτὸς
1188 2954 1400 3020 ἑαυτὸν,
1423 2951 1575 3006 οῦπω
1592 2952 1748 3006 τοῦτο
1769 2951 2022 3023 ἐδήλωσε.

357 3037 621 3094 Βούλεσθε
672 3034 766 3094 οὖν
802 3039 1089 3095 καὶτοῦτο
1138 3042 1246 3097 ἀπ’)
1290 3040 1399 3095 τῶν
1450 3039 1685 3112 Γραφῶν
1738 3039 2027 3093 πιστωσώ-

360 3125 520 3197 μεθα,
562 3128 657 3182 καὶ
692 3128 788 3183 ἀπ’
815 3130 987 3202 αὐτῆς
1018 3130 1118 3201 τῆς
1153 3128 1248 3184 τοῦ
1287 3129 1526 3202 Χριστοῦ
1566 3129 1784 3200 φωνῆς;
1817 3126 2026 3183 Οὐκοῦν

357 3214 681 3290 ἀκούσωμεν
716 3217 770 3270 τί
805 3235 937 3289 φησι
965 3218 1107 3290 ,πρὸς
1151 3220 1279 3284 τούς
1321 3219 1639 3284 Ἰουδαίους·
1682 3216 1889 3284 Καθὼς
1941 3234 2027 3287 γι-

358 3287 581 3356 νῶσκει
624 3318 703 3373 με
736 3307 771 3359 ὁ
808 3287 1044 3374 Πατὴρ,
1080 3305 1243 3374 κάγὼ
1292 3305 1565 3375 γινώσκω
1614 3303 1722 3359 τόν
1770 3303 2025 3373 Πατέρα.

359 3388 429 3441 Τί
476 3389 678 3461 ταύτης
715 3391 1100 3464 ἀκριϐέστερον
1149 3392 1328 3463 βούλει
1366 3395 1466 3464 τῆς
1518 3390 1771 3463 γνώσεως
1802 3390 2026 3456 λοιπόν;

370 3478 677 3551 Ἐρώτησον
714 3479 808 3534 τὸν
845 3482 1193 3551 ἀντιλέγοντα
1216 3499 1228 3510 ·
1260 3478 1399 3538 οϊδεν
1427 3481 1670 3553 ἀκριϐῶς
1722 3481 1815 3535 τὸν
1850 3480 1977 3534 Υίὸν
2000 3481 2029 3534 6

357 3567 571 3639 Πατὴρ,
600 3569 697 3623 καὶ
733 3571 914 3624 πᾶσαν
944 3570 1113 3623 αὐτοῦ
1139 3570 1391 3641 ,ἀκριϐῶς
1416 3570 1512 3641 τὴν
1543 3570 1744 3638 γνῶσιν
1769 3568 1903 3641 ἔχει,
1934 3568 2029 3624 καὶ

358 3654 717 3721 οὐδέναύτὸν
759 3656 1010 3712 λανθάνει
1047 3658 1156 3711 τῶν
1200 3657 1342 3711 κατά
1389 3657 1481 3710 τὸν
1520 3657 1670 3721 Υἱὸν,
1707 3655 1821 3710 ἀλλ’
1851 3657 2030 3727 ἀπηρ-

357 3741 591 3814 τισμένη
643 3743 792 3797 ἐστὶν
841 3747 875 3816 ἡ
932 3744 1172 3815 εῐδησις;
1213 3744 1354 3813 Nal,
1405 3744 1585 3817 φησίν.
1629 3743 1857 3808 υύκοῦν,
1902 3744 2029 3798 ὅταν

357 3828 600 3901 ἀκούσῃς
625 3830 707 3884 ὅτι
730 3830 826 3886 καὶ
849 3830 1035 3894 ὁοΥἱὸς
1071 3830 1246 3894 οὕτως
1272 3830 1435 3885 αὐτὸν
1467 3828 1607 3888 οἶδεν
1641 3831 1717 3895 ὡς
1745 3831 1908 3894 αὐτὸς
1933 3831 2027 3885 τὸν
2100 3882 2103 3885 ,

361 3914 510 3983 Υἱὸν,
542 3917 708 3989 μηδὲν
745 3917 824 3972 ἐτι
853 3917 1006 3989 ζήτει
1044 3918 1229 3985 πλέον,
1268 3917 1412 3972 οὓτω
1445 3918 1587 3990 μετὰ
1617 3918 1904 3990 ἀκριϐείας
1928 3917 2029 3988 τῆς

357 4003 615 4073 γνώσεως
646 4004 1021 4077 ἐξισαζούσης.
1059 4005 1163 4061 Kal
1194 4006 1303 4079 7&9
1330 4008 1424 4061 καὶ
1452 4006 1685 4077 ἀλλαχοῦ
1715 4006 1872 4061 τοῦτο
1899 4006 2031 4061 αὐτὸ

358 4092 641 4163 ἐμφαίνων
681 4093 899 4164 ἔλεγεν·
949 4094 1161 4160 Οὐδεὶς
1189 4093 1470 4165 γινώσκει
1510 4094 1617 4148 τὸν
1657 4094 1814 4159 Υιὸν,
1853 4097 1910 4148 εί
1942 4095 2029 4164 μὴ

357 4183 394 4234 ὀ
437 4181 661 4251 Πατὴρ,
690 4181 835 4237 οὐδὲ
870 4182 978 4237 τόν
1009 4182 1241 4251 Πατέρα
1285 4199 1377 4250 τις
1418 4181 1817 4254 ἐπιγινώσκει,
1849 4185 1902 4236 εὶ
1942 4182 2030 4252 μὴ

359 4269 396 4322 ὁ
439 4268 589 4335 Υἱὸς,
640 4268 741 4323 καὶ
776 4261 825 4337 ᾧ
859 4270 969 4324 ἐὰν
1008 4271 1308 4338 ,ϐούληται
1349 4274 1382 4324 ό
1432 4272 1565 4337 Υίύς
1613 4272 2027 4341 ἀποκαλύψαι.

371 4355 770 4411 ’Δποκαλύπτει
796 4356 875 4420 δὲ,
900 4358 998 4428 οὐχ
1029 4359 1150 4411 ὅσον
1177 4358 1340 4422 αὐτὸς
1366 4352 1528 4423 οἶδεν,
1560 4359 1675 4413 ἀλλ’
1710 4360 1832 4413 ὅσον
1871 4361 2031 4430 ἡμεῖς

359 4442 665 4514 χωροῦμεν.
688 4443 755 4497 EI
789 4444 899 4515 7&9
924 4446 952 4498 6
983 4445 1195 4510 Παῦλος
1226 4445 1389 4500 τοῦτο
1416 4450 1582 4512 ποιεῖ,
1619 4448 1797 4518 πολλῷ
1826 4447 2031 4518 μᾶλλον

359 4534 391 4584 6
411 4531 672 4600 Χριστός·
699 4531 795 4586 καὶ
822 4533 930 4603 7&9
961 4533 1166 4597 ἐκεῖνός
1191 4551 1322 4604 φησι
1354 4537 1466 4598 τοῖς
1497 4534 1693 4587 ἑαυτοῦ
1729 4533 2026 4605 μαθηταῖς·

364 4619 487 4672 Οὐκ
513 4618 829 4688 ἠδυνήθην
858 4620 1000 4689 ὑμῖν
1024 4619 1289 4687 λαλῆσαι
1318 4623 1399 4687 ὡς
1424 4621 1868 4690 πνευματικοῖς,
1895 4623 2031 4676 ἀλλ’

358 4706 440 4771 ὡς
480 4707 826 4776 σαρκικοῖς·
862 4708 942 4774 ὡς
976 4709 1234 4777 νηπίους
1279 4708 1349 4763 ἐν
1403 4707 1633 4776 Χριστῷ
1682 4708 1836 4778 γάλα
1876 4709 2033 4779 ὑμᾶς

360 4793 645 4859 ἐπότισα,
697 4797 768 4849 οὐ
823 4794 1067 4864 βρῶμα·
1118 4795 1282 4848 οὔπω
1337 4793 1449 4866 γὰρ
1511 4795 1837 4863 ἠδύνασθε.
1874 4797 2034 4851 Ἀλλά

362 4885 674 4956 Κορινθίοις
713 4884 893 4951 τοῦτο,
928 4884 1115 4956 φησὶν,
1144 4884 1297 4953 ἔλεγε
1327 4885 1507 4954 μόνον.
1548 4885 1613 4937 Τί
1660 4881 1773 4953 οὖν,
1803 4886 1869 4940 ἂν
1933 4887 2035 4941 δεί-

362 4972 545 5043 ξωμεν
606 4973 687 5027 ὅτι
750 4973 844 5027 καὶ
892 4972 1058 5043 ἕτερά
1107 4973 1136 5013 h
1198 4988 1351 5035 τινα,
1398 4972 1435 5025 ἃ
1488 4972 1676 5043 μηδεὶς
1729 4973 2032 5045 ἀνθρώπων

360 5060 565 5131 ἔμαθεν
596 5062 742 5136 ᾔδει,
785 5062 881 5119 καὶ
926 5061 1136 5133 ἀπῆλθε
1181 5061 1343 5132 μόνος
1378 5061 1517 5114 αὐτά
1549 5061 1655 5114 τῶν
1690 5062 1906 5115 πάντων
1940 5065 2036 5117 ἀν-

365 5148 597 5220 θρώπων
640 5151 829 5216 είδώς;
878 5152 988 5205 Kal
1031 5150 1135 5204 ποῦ
1183 5148 1342 5203 τοῦτο
1390 5149 1535 5203 ἔστιν
1583 5150 1797 5221 εὐρεῖν;
1842 5152 1929 5204 Ἐν
1965 5154 2032 5224 τῇ

366 5236 503 5308 πρὸς
549 5239 870 5310 Κορινθίους
915 5238 1204 5310 ἐπιστολῇ·
1248 5230 1405 5301 οὗτος
1441 5237 1552 5310 γάρ
1587 5240 1734 5293 ἐστιν
1768 5241 1797 5292 6
1837 5239 2031 5307 λέγων,

442 5522 466 5550 ⁸
486 5518 581 5571 Alii
608 5523 920 5586 συνείλεκται.
947 5522 1104 5574 Paulo
1134 5528 1244 5586 post
1268 5523 1485 5586 quinque
1510 5537 1623 5574 mss.
1648 5531 1701 5575 et
1719 5524 1872 5577 Savll.
1893 5528 2036 5577 λοιπὰ

371 5585 578 5653 γίνεσθαι
596 5584 728 5646 μέρη·
754 5585 811 5631 τὸ
1136 5584 1148 5586 ⁷
1217 5646 1229 5659 .

442 5648 471 5689 ι
490 5647 715 5693 Oulnaue
745 5656 860 5693 mss.
919 5645 1111 5693 ιιξωιιεν
1136 5645 1229 5693 εῑδο

442 5648 471 5689 ι
490 5645 715 5705 Quinque
745 5645 860 5694 mss}
889 5645 1111 5700 δείξωμεν
1136 5645 1292 5694 εἰδότα
1332 5646 1412 5694 καὶ
1434 5646 1629 5710 ἕτερα...
1651 5647 1815 5709 ἔμαθεν
1829 5649 1942 5706 ἤδη.

2132 612 2359 682 μερικὴν
2392 611 2505 680 ἔχει
2542 610 2739 679 γνῶσιν
2774 611 2869 662 καὶ
2899 609 3033 663 πολύ
3060 609 3160 680 τῆς
3189 607 3479 680 μελλούσης
3521 611 3759 666 ἀποδέον.

2129 714 2247 752 σαν.
2270 699 2440 761 Αὐτὸς
2472 697 2579 769 7&9
2598 700 2626 750 6
2659 696 2829 750 ταῦτα
2860 694 3027 749 εἰπὼν
3055 696 3280 749 κάκεῖνα
3314 695 3546 765 εἴρηκεν,
3572 697 3649 751 ὃτι
3674 699 3762 753 Ἐκ

2120 785 2343 853 μέρους
2383 783 2775 853 γινώσκομεν,
2806 783 2903 836 καὶ
2937 783 3006 836 ἐκ
3036 782 3262 851 μέρους
3307 785 3758 855 προφητεύομεν·

2126 872 2239 935 καὶ,
2264 872 2393 925 Ὅτε
2425 870 2587 940 ἥμην
2615 858 2851 936 νήπιος,
2881 870 2962 935 ὠς
2989 869 3208 935 νήπιος
3241 870 3522 937 ἐλάλουν,
3558 873 3633 939 ὠς
3666 875 3763 942 νή-

2125 976 2260 1026 πιος
2304 959 2621 1028 ἐφρόνουν,
2668 960 2748 1024 ὡς
2800 957 3017 1024 νήπιος
3061 956 3442 1027 ἐλογιζόμην·
3476 960 3586 1025 καὶ,
3625 963 3767 1029 Ἄρτι

2119 1044 2332 1107 ,βλέπω
2375 1042 2448 1095 δι’
2477 1043 2774 1111 ἐσόπτρου
2808 1041 2878 1095 ἐν
2923 1042 3254 1110 αἰνίγματι,
3303 1041 3434 1095 τότε
3472 1042 3537 1094 δὲ
3593 1048 3764 1112 πρόσ-

2123 1143 2287 1183 ωπον
2314 1129 2465 1196 πρὸς
2507 1129 2852 1199 πρόσωπον.
2880 1129 3042 1182 ’Ὥστε
3084 1129 3149 1181 ἐκ
3186 1127 3390 1182 τούτων
3427 1129 3553 1200 ἡμῖν
3597 1131 3768 1186 ἅπασα

2124 1216 2302 1270 αὐτῶν
2348 1219 2382 1285 ἡ
2456 1216 2728 1288 σκευωρία
2762 1226 2784 1254 ε
2850 1215 3258 1287 διελήλεγκται·
3309 1216 3436 1269 ὅταν
3484 1215 3588 1285 7&9
3643 1218 3768 1289 αὐτὴ

2123 1306 2156 1374 ἡ
2184 1304 2338 1357 οὐσία
2368 1306 2646 1376 ἀγνοῆται,
2688 1304 2787 1374 οὐχ
2825 1304 2907 1356 ὅτι
2951 1302 3119 1365 ἔστιν,
3149 1301 3284 1356 ἀλλά
3331 1302 3384 1354 τί
3426 1305 3590 1366 ἐστιν,
3619 1305 3767 1374 ἐσχά-

2122 1408 2221 1463 της
2254 1389 2321 1444 ἀν
2349 1390 2432 1461 εἴη
2477 1390 2675 1459 μανίας
2702 1390 2796 1444 καὶ
2827 1389 2996 1460 δνομα
3031 1390 3167 1461 αὐτῇ
3219 1388 3447 1443 τιθέναι.
3478 1391 3662 1444 Καίτοι
3710 1408 3769 1460 γε

2124 1477 2219 1530 καὶ
2266 1478 2315 1530 εί
2358 1476 2493 1547 δήλη
2542 1476 2637 1530 καὶ
2688 1475 2963 1547 γνώριμος
3008 1472 3098 1548 ἦν,
3142 1477 3265 1529 οὐδέ
3312 1475 3485 1540 οὕτως
3538 1472 3605 1548 ἦν
3650 1479 3772 1547 ἡμῖν

2125 1563 2360 1633 ἀσφαλὲς
2399 1562 2591 1626 αὐτοὺς
2619 1562 2827 1616 οἴκοθεν
2861 1564 2955 1615 καὶ
2998 1563 3130 1634 παρ’
3172 1562 3382 1617 ἑαυτῶν
3415 1564 3771 1633 προσηγορίαν

2125 1648 2420 1703 ἐπιτιθέναι
2462 1651 2529 1720 τῇ
2575 1648 2669 1702 τοῦ
2716 1649 2989 1702 Δεσπότου
3041 1649 3220 1721 οὐσίᾳ.
3255 1650 3323 1702 ΕΞ
3368 1649 3478 1719 γὰρ
3507 1652 3534 1703 6
3580 1650 3774 1714 Παῦλος

2122 1738 2245 1798 ταῖς
2277 1734 2389 1789 ἀνω
2435 1735 2727 1805 δυνάμεσιν
2770 1735 2872 1788 οὐκ
2916 1734 3215 1806 ἐτόλμησεν
3267 1736 3513 1806 ὀνόματα
3545 1736 3771 1789 ἐπιτιθέ-

2124 1836 2243 1886 ναι,
2291 1821 2406 1876 ἀλλ’
2451 1821 2639 1886 εἰπὼν,
2680 1823 2761 1875 ὃτι
2815 1820 3085 1878 Ἐκάθισε
3135 1822 3243 1876 τὸν
3295 1822 3550 1891 Χριστὸν
3586 1821 3770 1878 ἐπάνω

2125 1904 2328 1972 πάσης
2347 1903 2537 1975 ἀρχῆς
2571 1906 2669 1959 καὶ
2702 1905 2988 1972 ἐξουσίας
3021 1905 3471 1975 καὶδυνάμεως,
3503 1905 3597 1959 καί
3636 1920 3775 1958 παν-

2125 1991 2229 2057 τὸς
2264 1992 2554 2061 ὀνόματος
2590 1990 3041 2061 ὀνομαζομένου,
3071 1993 3143 2046 οὐ
3174 1992 3372 2062 μόνον
3404 1991 3474 2044 ἐν
3504 1990 3581 2056 τῷ
3616 1990 3771 2045 αἰῶνι

2124 2079 2329 2147 τούτῳ,
2357 2078 2517 2133 ἀλλὰ
2549 2078 2650 2134 καί
2678 2080 2749 2133 ἐν
2793 2077 2874 2143 τῷ
2912 2078 3223 2148 μέλλοντι,
3254 2079 3354 2131 καὶ
3382 2078 3596 2143 διδάξας
3641 2080 3777 2150 ἡμᾶς

2125 2164 2207 2218 ὅτι
2238 2164 2351 2219 ἐστι
2379 2165 2502 2222 τινὰ
2529 2165 2767 2236 ὀνόματα
2792 2165 2899 2218 τῶν
2934 2164 3237 2235 δυνάμεων,
3265 2165 3304 2218 ἃ.
3345 2165 3467 2218 τότε
3502 2165 3776 2235 εἰσόμεθα,

2126 2253 2228 2306 οὐκ
2266 2251 2567 2324 ἐθάρρησεν
2619 2253 2783 2323 ἔτερα
2829 2253 2990 2317 αὐτὸς
3029 2253 3143 2306 ἀντ’
3178 2253 3409 2306 ἐκείνων
3448 2253 3637 2315 θεῖναι,
3671 2253 3782 2307 οὐδέ

2127 2340 2266 2394 αὐτά
2318 2341 2502 2395 ἐκεῖνα
2555 2339 3075 2412 περιεργάζεσθαιά·
3109 2341 3254 2405 τίνος
3299 2343 3367 2397 ἂν
3412 2337 3520 2395 εἷεν
3555 2341 3780 2410 συγγνώ-

2131 2444 2241 2498 μης
2292 2427 2463 2493 ἄξιοι,
2509 2427 2542 2499 ἦ
2591 2428 2751 2492 ποίας
2804 2427 3101 2496 ἀπολογίας
3163 2429 3214 2481 οἱ
3272 2428 3371 2480 ἐπὶ
3420 2429 3519 2499 τῆς
3574 2428 3662 2482 τοῦ
3696 2430 3783 2480 Δε-

2130 2512 2329 2566 σπότου
2374 2513 2563 2578 οὐσίας
2615 2513 2787 2568 ταῦτα
2831 2513 3168 2585 τολμῶντες;
3198 2515 3376 2568 Ὅταν
3418 2515 3475 2568 δὲ
3519 2514 3614 2568 καὶ
3656 2513 3783 2584 αὐτὴ

2126 2599 2161 2668 ἡ
2192 2599 2350 2654 οὐσία
2377 2600 2635 2672 ἀγνοῆται
2674 2600 2925 2672 καθάπερ
2962 2603 3089 2665 τούς
3131 2601 3555 2673 παραπαίοντας
3602 2600 3787 2663 αὐτοὺς

2129 2685 2564 2757 ἀποστρέφεσθαι
2605 2688 2733 2759 χρή.
2781 2689 2903 2742 Ὅτι
2951 2689 3049 2759 μὲν
3091 2688 3200 2759 7&9
3240 2688 3542 2759 ἀγέννητός
3582 2688 3722 2741 ἐστιν
3760 2687 3789 2739 6

2128 2773 2260 2838 Θεὸς
2306 2773 2492 2845 δῆλον·
2531 2775 2612 2828 δτι
2652 2775 2709 2829 δὲ
2750 2775 2909 2829 τοῦτό
2951 2776 3098 2829 ἐστιν
3139 2776 3307 2830 αὐτοῦ
3362 2777 3462 2845 τῆς
3508 2774 3688 2838 οὐσίας
3727 2773 3784 2827 τὸ

2128 2860 2297 2932 ὄνομα
2346 2861 2518 2926 οὐδεὶς
2554 2864 2837 2935 προφήτης
2877 2858 3052 2933 εἶπεν,
3091 2863 3269 2928 οὐδεὶς
3309 2864 3606 2927 ἀπόστολος
3648 2858 3789 2934 [487]

2130 2945 2370 3022 ᾐνίξατο,
2412 2952 2586 3017 οὐδεὶς
2634 2952 3026 3025 εὐαγγελιστής
3048 2970 3061 2985 ·
3104 2952 3199 3006 καὶ
3255 2953 3409 3025 μάλα
3466 2953 3703 3014 εἰκότως.
3731 2950 3791 3003 Οἱ

2131 3038 2240 3109 7&9
2270 3039 2439 3110 αὐτὴν
2479 3038 2578 3111 τὴν
2622 3040 2809 3095 οὐσίαν
2853 3039 3202 3111 ἀγνοοῦντες,
3246 3040 3372 3105 πῶς
3416 3040 3590 3112 ὄνομα
3633 3037 3792 3108 αὐτῆς

2131 3125 2312 3195 λέγειν
2351 3126 2615 3198 ἢμελλονς

2205 3275 2269 3327 ε’.
2308 3270 2421 3324 Kal
2467 3269 2520 3324 τί
2553 3269 2698 3340 λέγω
2734 3268 2865 3342 περὶ
2913 3268 3023 3324 τῶν
3056 3269 3215 3337 θείων
3262 3269 3527 3343 Γραφῶν,
3561 3269 3694 3322 ὅπου
3736 3282 3797 3336 γε

2132 3356 2368 3430 τοσαύτη
2405 3358 2505 3429 τῆς
2539 3358 2769 3422 ἀτοπίας
2810 3359 2845 3430 ή
2880 3357 3208 3429 περιφάνεια
3241 3369 3292 3423 θ,
3338 3358 3438 3412 καὶ
3481 3358 3582 3428 τῆς
3628 3372 3796 3426 παρα-

2132 3448 2325 3520 νομίας
2358 3450 2392 3520 ή
2421 3448 2716 3520 ὑπερϐολὴ,
2756 3447 2832 3513 ώς
2872 3448 3007 3520 μηδὲ
3045 3449 3173 3510 τοὺς
3216 3449 3323 3519 τῆς
3358 3447 3620 3519 ἀληθείας
3664 3445 3795 3498 ἀπο-

2134 3537 2505 3608 πλανηθέντας
2538 3535 2810 3608 ’Έλληνας
2857 3535 3204 3607 ἐπιχειρῆσαι
3264 3536 3403 3590 ποτέ
3457 3552 3513 3589 τι
3568 3531 3800 3588 τοιοῦτον

2133 3626 2334 3692 είπεῖν;
2365 3625 2553 3688 Οὐδεὶς
2583 3623 2693 3697 γὰρ
2720 3624 2842 3678 οὐδὲ
2880 3623 3106 3678 ἐκείνων
3131 3622 3409 3695 ἐτόλμησε
3440 3622 3591 3686 θείας
3621 3618 3800 3682 οὐσίας

2133 3713 2259 3785 ὅρον
2287 3712 2563 3776 ἐκθέσθαι,
2590 3714 2685 3767 καὶ
2710 3713 2791 3766 ἐνὶ
2816 3713 3038 3784 ὀνόματι
3064 3711 3408 3783 περιλαϐεῖν.
3433 3711 3547 3766 Kal
3577 3710 3632 3763 τί
3668 3708 3803 3777 λέγω

2135 3801 2282 3865 θείας
2313 3800 2517 3865 οὐσίας,
2542 3802 2678 3854 ὅπου
2708 3815 2772 3869 γε
2803 3801 2933 3871 περὶ
2970 3799 3065 3870 τῆς
3088 3798 3197 3852 τῶν
3233 3798 3556 3870 ἀσωμάτων
3596 3794 3801 3869 φύσεως

2135 3887 2547 3958 φιλοσοφοῦντες
2567 3887 2689 3941 οὐδὲ
2714 3886 2918 3957 ταύτης
2939 3885 3355 3958 ἀπηρτισμένον
3383 3887 3513 3958 ὅρον
3541 3883 3801 3950 ἐξέθεντο,

2134 3975 2251 4029 ἀλλ’
2291 3974 2538 4046 ἀμυδρὰν
2584 3991 2706 4028 τινα
2740 3972 2999 4045 ἐξήγησιν
3036 3972 3133 4027 καὶ
3165 3972 3502 4046 ὑπογραφὴν
3547 3970 3743 4045 μᾶλλον
3772 3966 3807 4038 ἢ

2136 4063 2293 4135 δρον;
2328 4062 2489 4116 Ἀλλά
2515 4060 2599 4125 τίς
2629 4063 2658 4115 6
2699 4061 2864 4130 σοφὸς
2897 4059 3079 4115 αὐτῶν
3118 4058 3317 4129 λόγοςς

2208 4203 2324 4255 Οὐκ
2367 4198 2512 4265 οἶδας
2561 4195 2652 4255 οὖν
2687 4199 2716 4253 ὃ
2764 4199 2973 4265 σέϐεις;
3024 4199 3178 4269 φησί.
3231 4199 3494 4254 Μάλιστα
3550 4198 3650 4271 μὲν
3694 4194 3809 4250 οὐδὲ

2137 4289 2530 4360 ἀποκρίνασθαι
2577 4288 2711 4360 πρὸς
2763 4286 2919 4340 τοῦτο
2964 4286 3100 4351 ἔδει,
3152 4285 3433 4357 τοσαύτης
3489 4283 3811 4347 ἀποδείξεως

2136 4378 2202 4430 ὲκ
2225 4376 2333 4429 τῶν
2366 4374 2594 4446 Γραφῶν
2623 4375 2938 4446 γενομένης,
2975 4374 3056 4427 ὅτι
3088 4373 3351 4427 ἀδύνατον
3385 4373 3591 4427 εἰδέναι
3628 4373 3678 4424 τί
3716 4370 3808 4440 τὴν

2136 4465 2320 4518 οὐσίαν
2358 4465 2505 4516 ἐστὶν
2533 4463 2562 4513 6
2596 4462 2763 4526 Θεός·
2799 4461 2986 4531 ἐπειδὴ
3011 4461 3068 4514 δὲ
3101 4462 3161 4514 οὐ
3208 4462 3350 4533 πρὸς
3393 4461 3601 4533 ἔχθραν
3648 4460 3809 4530 φθεγ-

2136 4551 2375 4623 γόμεθα,
2418 4550 2530 4603 ἀλλ’
2560 4549 2700 4603 ὣστε
2747 4550 2941 4611 αὐτοὺς
2974 4548 3300 4623 διορθῶσαι,
3335 4550 3478 4620 φέρε
3529 4549 3807 4618 δείξωμεν,

2137 4640 2216 4691 ὃτι
2248 4640 2308 4691 οὐ
2345 4638 2406 4691 τὸ
2435 4638 2645 4705 ἀγνοεῖν
2684 4636 2736 4689 τί
2768 4636 2867 4706 τὴν
2904 4636 3094 4689 οὐσίαν
3137 4637 3285 4688 ἐστὶν
3318 4639 3350 4689 6
3383 4636 3544 4699 Θεὸς,
3591 4633 3725 4688 ἀλλά
3754 4632 3812 4687 τὸ

2140 4727 2457 4797 φιλονεικεῖν
2486 4727 2703 4791 ειδέναι,
2731 4725 2889 4778 τοῦτο
2917 4723 3029 4777 ἔστι
3057 4725 3148 4778 τὸν
3180 4724 3315 4779 Θεὸν
3343 4726 3592 4794 ἀγνοεῖν.

2208 4879 2344 4931 Εἰπὲ
2372 4879 2480 4948 γάρ
2516 4895 2625 4948 μοι,
2652 4878 2700 4931 εί
2728 4877 2822 4930 δύο
2849 4876 3151 4948 ἀνθρώπων
3181 4877 3650 4947 φιλονεικούντων
3683 4875 3816 4946 πρὸς

2139 4965 2399 5036 ἀλλήλους
2444 4963 2639 5017 εἰδέναι
2688 4963 2780 5016 τοῦ
2829 4963 3062 5034 οὐρανοῦ
3110 4964 3171 5018 τὸ
3226 4964 3487 5035 μέγεθος,
3530 4968 3560 5018 6
3595 4967 3694 5035 μὲν
3736 4958 3813 5026 εἷς

2138 5053 2286 5122 λέγει
2341 5052 2415 5124 μὴ
2468 5051 2726 5105 δύνασθαι
2776 5051 2908 5105 αὐτὸ
2969 5051 3308 5123 ἀνθρώπινον
3365 5051 3813 5121 καταλαμϐάνειν

2138 5140 2436 5211 ὀφθαλμὸν,
2478 5141 2508 5192 6
2550 5138 2607 5192 δὲ
2656 5139 2842 5209 ἐτερος
2892 5138 3218 5209 φιλονεικοίη
3265 5139 3503 5193 δυνατὸν
3533 5134 3698 5202 εἶναι,
3743 5134 3812 5207 τῇ

2207 5470 2230 5532 ‘_
2268 5468 2363 5532 Alii
2386 5468 2638 5532 σκαιωρία.

2204 5529 2234 5569 (ι
2267 5529 2365 5578 Alii
2390 5529 2803 5593 περιεργάσασθαι.

2210 5594 2233 5621 ε
2263 5593 2369 5641 Duo
2388 5588 2837 5664 mgis._'~:ineen0avia,
2876 5598 2929 5640 et
2972 5589 3042 5664 sic
3074 5591 3224 5643 Savil.
3261 5588 3400 5642 Infra
3439 5591 3668 5657 quinque
3697 5606 3800 5647 mss

2147 5651 2266 5701 ὅπου
2286 5668 2339 5713 γε
2358 5653 2462 5715 περὶ
2484 5658 2567 5709 τῆς
2586 5651 2935 5715 τῶνήσωμάτων
2954 5653 3153 5715 φύσεως.
