4062 6166
237 342 327 396 741

236 454 328 508 hac
363 449 570 504 Insania
613 444 873 502 deterius?
901 444 1004 497 Cur
1047 452 1221 496 autem
1259 443 1377 497 dico
1403 484 1416 507 ,
1461 457 1578 511 qtue
1604 441 1670 494 sit
1700 441 1813 494 ani-

235 557 330 596 ma:
367 537 702 593 substantia?
730 535 806 588 Ne
833 533 1043 604 quidem
1075 532 1338 601 quomodo
1381 533 1450 585 sit
1497 532 1548 584 in
1589 544 1813 599 corpore

233 631 492 701 quispiam
523 629 704 682 dicere
747 636 939 697 potest.
977 625 1108 692 Quid
1137 625 1278 678 enim
1314 624 1551 687 dicatur,
1579 638 1645 676 an
1695 637 1811 676 eam

235 725 280 777 in
325 729 436 776 tota
461 719 702 788 corporis
740 716 879 770 mole
923 715 1133 769 extendi
1157 714 1179 766 ?
1207 713 1308 768 Sed
1356 713 1455 766 hoc
1484 711 1768 766 absurdum
1796 752 1811 777 ,

236 814 280 868 id
311 813 510 881 quippe
538 808 850 880 corporibus
882 807 1150 875 proprium
1195 814 1294 858 est.
1323 802 1474 869 Quod
1499 812 1674 856 autem
1703 803 1816 854 ani-

235 921 313 958 ma
346 904 425 957 sic
455 915 576 968 esse
615 914 721 953 non
766 897 971 968 possit,
1000 896 1124 949 hinc
1164 895 1327 963 liquet
1354 913 1366 946 :
1399 909 1542 962 sirpe
1570 892 1814 946 manibus

234 967 561 1065 pedibusque
613 967 902 1060 prazcisis‘,
954 988 1158 1056 integra
1221 985 1308 1039 illa
1363 993 1582 1048 manet,
1638 997 1809 1051 neque

237 1094 483 1138 truncato
507 1095 736 1150 corpore
764 1078 948 1133 mutila
979 1076 1226 1132 eflicitur.
1261 1075 1448 1128 Verum
1482 1074 1533 1126 in
1565 1082 1675 1127 toto
1700 1088 1812 1126 cor-

234 1189 364 1242 pore
410 1187 518 1225 non
565 1179 674 1236 est,
729 1168 822 1223 sed
871 1168 922 1221 in
975 1177 1126 1235 parte
1166 1164 1390 1234 quadam
1431 1163 1814 1217 continetur":

238 1278 368 1332 ergo
415 1261 617 1330 reliqua
649 1258 886 1313 membra
916 1264 1122 1310 mortua
1149 1270 1268 1309 esse
1307 1267 1524 1308 necesse
1553 1261 1632 1306 est
1655 1292 1669 1318 ,
1697 1267 1818 1305 nam

236 1355 376 1426 quod
419 1354 798 1416 inanimatum,
830 1359 1094 1403 mortuum
1153 1356 1255 1402 cst.
1298 1347 1364 1400 At
1409 1360 1508 1399 nec
1558 1343 1684 1397 illtld
1737 1343 1819 1397 di-

235 1447 462 1501 cendum
489 1487 504 1511 ,
553 1443 644 1497 sed
675 1442 818 1496 illam
848 1439 1061 1510 quidem
1112 1438 1167 1492 in
1212 1451 1436 1506 corpore
1471 1449 1591 1489 esse
1635 1442 1819 1487 nostro

236 1538 435 1592 scimus
459 1578 474 1602 ,
521 1533 790 1604 quomodo
820 1539 998 1586 autem
1035 1531 1142 1593 sit,
1183 1530 1504 1598 ignoramus.
1536 1527 1820 1595 Propterea

237 1630 380 1684 enim
417 1629 561 1681 Deus
591 1625 728 1679 lianc
771 1623 923 1678 nobis
959 1621 1310 1690 cognitionem
1349 1619 1557 1688 penitus
1585 1617 1820 1672 occulta-

236 1725 308 1774 vit
337 1763 353 1787 ,
381 1729 441 1775 ut
469 1718 626 1773 nobis
654 1731 748 1770 ora
793 1715 1038 1769 frmnaret
1059 1754 1074 1779 ,
1103 1713 1422 1773 contineret,
1456 1720 1618 1778 atque
1656 1709 1706 1760 in
1738 1708 1820 1760 in-

238 1811 375 1864 limis
405 1823 630 1862 manere
669 1804 954 1868 suaderet,
1001 1817 1066 1856 ne
1101 1817 1219 1871 qua:
1243 1815 1399 1868 supra
1433 1814 1528 1853 nos
1578 1806 1702 1851 sunt
1729 1813 1824 1850 cu«

237 1904 378 1955 riose
408 1907 790 1963 scrutarcmur,
823 1903 916 1948 aut
944 1889 1588 1962 perquireremus.Verum
1617 1903 1683 1942 ne
1712 1888 1825 1940 haec

237 1990 537 2047 ratiociniis
581 1987 779 2043 nostris
826 1986 1294 2049 demonstremus,
1342 1997 1440 2052 age
1493 1995 1701 2034 rursum
1757 1979 1824 2033 ad

241 2081 572 2150 Scripturam
620 2091 922 2133 sermonem
952 2087 1358 2129 convertamus:
1394 2072 1516 2126 Non
1557 2072 1676 2140 quia
1714 2069 1823 2122 Pa-

241 2183 364 2225 trem
392 2171 515 2224 vidit
559 2170 862 2240 quisquam,
908 2166 1004 2218 nisi
1055 2166 1138 2234 qui
1182 2181 1248 2218 ea:
1272 2163 1377 2216 Deo
1421 2171 1532 2228 est,
1581 2161 1661 2214 hic
1701 2161 1825 2214 vidit

237 2261 452 2316 Patrem
479 2260 658 2329 (Joan.
704 2258 758 2312 6.
788 2256 906 2327 46).
931 2255 1128 2310 Verum
1154 2254 1278 2324 quid
1307 2256 1404 2309 hoc
1425 2254 1449 2307 ἲ
1474 2253 1707 2323 inquiet:
1727 2253 1828 2306 hoc

237 2357 442 2410 dictum
499 2371 606 2409 non
653 2354 751 2424 ipsi
782 2352 1142 2421 cognitionem
1175 2349 1458 2419 perlectam
1505 2347 1824 2416 adscripsit,

239 2447 336 2501 sed
362 2454 663 2500 creaturam
691 2444 902 2512 quidem
933 2458 1053 2497 eum
1082 2457 1187 2496 non
1211 2455 1370 2496 nosse
1415 2439 1704 2494 declaravit
1746 2437 1829 2492 his

239 2539 464 2592 verbis:
498 2535 622 2589 Non
673 2538 794 2605 quia
841 2533 1051 2588 Patrem
1092 2534 1214 2587 vidit
1267 2534 1563 2603 quisquam;
1601 2531 1832 2598 itemque

237 2628 384 2682 dixit
437 2627 633 2682 Filium
677 2628 848 2696 ipsum
899 2639 1092 2688 nosse,
1125 2623 1239 2678 lucc
1292 2622 1656 2692 subjungens,
1712 2617 1832 2672 Nisi

236 2721 329 2786 qui
364 2729 441 2773 est
466 2735 532 2772 ea:
549 2716 658 2772 Deo
681 2734 698 2771 :
723 2718 803 2770 hic
823 2718 946 2770 vidit
972 2715 1198 2770 Patrem.
1227 2714 1378 2782 Quod
1398 2723 1572 2769 autem
1598 2709 1833 2783 perfecte

238 2811 389 2864 illum
425 2817 752 2878 cognoscat,
783 2817 940 2876 atque
967 2807 1036 2860 ita
1076 2816 1133 2860 ut
1158 2806 1271 2874 ipse
1312 2806 1546 2874 seipsum
1572 2802 1751 2867 novit,
1779 2798 1832 2854 id

239 2902 482 2957 nondum
535 2900 954 2955 demonstratum
1005 2907 1110 2955 est.
1152 2897 1291 2952 Fieri
1345 2910 1574 2966 namque
1613 2902 1830 2964 potest,

241 2995 315 3048 ait
337 3035 354 3061 ,
387 3002 452 3048 ut
493 3007 666 3063 neque
707 3001 949 3047 creatura
978 3005 1097 3046 eum
1127 2991 1270 3045 clare
1311 2995 1597 3059 cognoscat
1623 3027 1635 3050 ,
1662 3000 1835 3066 neque

241 3076 438 3150 Filius,
466 3082 561 3137 sed
587 3083 784 3137 clarius
814 3083 899 3136 hic
925 3097 1082 3152 quam
1128 3081 1236 3145 illa,
1261 3089 1314 3134 ct
1333 3088 1517 3141 tamen
1545 3075 1835 3147 perfeCtam

240 3173 785 3246 comprehensionem
833 3188 939 3228 non
987 3173 1226 3242 attingat.
1257 3171 1389 3225 Nam
1426 3171 1574 3224 illum
1623 3167 1836 3237 quidem

243 3267 468 3332 videre,
501 3274 560 3319 ut
596 3275 715 3334 est,
745 3275 801 3319 et
824 3279 1147 3334 cognoscere
1171 3278 1230 3318 se
1270 3263 1380 3328 ait,
1407 3261 1637 3331 perfecte
1659 3268 1836 3314 autem

245 3371 585 3430 cognoscere
614 3365 773 3425 atque
802 3365 858 3409 ut
885 3356 998 3425 ipse
1039 3355 1272 3424 seipsum
1307 3353 1491 3417 novit,
1518 3350 1570 3404 id
1601 3349 1837 3404 nondum

242 3447 567 3504 declaravit.
597 3445 835 3501 Voltisne
861 3445 1020 3516 igitur
1045 3485 1060 3511 ,
1090 3454 1147 3498 ut
1173 3459 1204 3497 a
1243 3442 1408 3496 sacris
1428 3439 1716 3510 Scripturis
1739 3479 1755 3506 ,
1787 3447 1842 3492 et

238 3542 309 3596 ab
353 3539 494 3609 ipsis
519 3536 718 3593 Christi
754 3536 930 3592 verbis
965 3536 1016 3591 id
1038 3535 1369 3606 probemus?
1398 3531 1688 3586 Audiamus
1712 3529 1841 3601 quid

239 3631 453 3686 ludatis
491 3630 609 3699 ipse
632 3628 815 3684 dicat:
849 3627 992 3682 Sicut
1015 3626 1268 3697 cognoscit
1297 3640 1376 3677 me
1410 3622 1562 3676 Pater
1583 3662 1600 3688 ,
1645 3633 1692 3676 et
1746 3637 1838 3693 ego

237 3735 502 3790 cognosco
531 3717 742 3772 Patrem
793 3717 906 3787 (Id.
939 3717 1026 3772 l0.
1053 3717 1189 3785 15)..
1216 3714 1353 3783 Quid
1405 3713 1503 3768 hac
1543 3712 1844 3782 cognitione

242 3812 551 3884 perfectius
580 3809 777 3865 deinde
823 3822 1032 3879 quaeras
1054 3807 1078 3861 ?
1103 3807 1372 3876 Interroga
1433 3803 1794 3860 adversarium
1826 3844 1842 3870 ,

239 3923 311 3960 an
342 3905 512 3959 Pater
539 3901 734 3956 Filium
765 3900 1001 3970 perfecte
1029 3899 1212 3966 novit,
1243 3896 1708 3966 omnimodamque
1730 3893 1847 3964 ejus

242 3996 620 4070 cognitionem
659 3994 860 4059 habet,
895 3992 1131 4062 nihilque
1185 3991 1283 4060 ipsi
1326 3991 1454 4045 latet
1497 4003 1681 4043 eorum
1729 4001 1849 4057 quae

244 4091 453 4148 Filium
485 4097 730 4160 spectant
752 4129 768 4156 ,
798 4086 894 4144 sed
945 4084 1178 4156 perfecta
1202 4091 1286 4139 est
1328 4081 1589 4138 scientia?
1627 4080 1701 4135 Ita
1730 4088 1845 4144 est,

245 4182 628 4255 respondebit.
674 4181 840 4251 Igitur
899 4193 1020 4235 cum
1064 4175 1296 4232 audieris
1318 4217 1334 4241 ,
1397 4176 1466 4229 ita
1517 4188 1641 4230 eum
1690 4185 1850 4227 nosse

244 4275 460 4332 Filium
495 4282 555 4328 ut
577 4273 692 4342 ipse
722 4271 913 4326 Filium
939 4268 1118 4336 novit,
1148 4266 1278 4322 nihil
1299 4265 1432 4320 ultra
1456 4277 1663 4335 quaeras
1683 4303 1698 4328 ,
1729 4277 1849 4320 cum

246 4363 545 4434 utrobique
583 4361 816 4432 cognitio
841 4363 911 4416 ita
954 4360 1024 4415 sit
1075 4357 1313 4429 aequalis.
1355 4355 1487 4412 Nam
1516 4366 1571 4411 et
1597 4355 1723 4410 alibi
1771 4354 1854 4410 id—

248 4456 439 4528 ipsum
495 4455 786 4511 declaravit
835 4453 919 4508 his
962 4453 1183 4508 verbis:
1216 4450 1383 4506 Nemo
1425 4449 1562 4505 novit
1622 4447 1849 4514 Filium,

250 4548 361 4604 nisi
416 4546 575 4602 Pater
597 4587 614 4611 ,
672 4561 832 4615 neque
874 4543 1083 4599 Patrem
1133 4543 1244 4614 quis
1293 4541 1460 4606 novit,
1499 4539 1597 4594 nisi
1642 4537 1812 4592 Filius
1833 4576 1850 4603 ,

254 4648 306 4693 et
359 4639 448 4693 cui
500 4637 712 4693 voluerit
740 4635 911 4691 Filius
950 4637 1168 4690 revelare
1201 4631 1412 4706 (Matth.
1465 4632 1552 4687 ll.
1607 4628 1724 4700 27).
1749 4627 1855 4683 Re-

253 4730 410 4786 velat
448 4737 630 4785 autem
683 4743 791 4784 non
817 4735 1073 4798 quantum
1101 4726 1216 4796 ipse
1242 4723 1428 4790 novit,
1471 4721 1565 4778 sed
1599 4731 1854 4791 quantum

257 4836 367 4876 nos
391 4820 652 4892 capimus.
689 4817 823 4872 Nam
869 4817 914 4872 si
937 4817 1132 4872 Paulus
1157 4816 1228 4870 ita
1253 4813 1411 4869 faciat
1434 4854 1449 4881 ,
1477 4812 1644 4866 multo
1687 4811 1856 4881 magis

253 4913 548 4970 Christus:
571 4912 846 4984 discipulis
873 4912 1067 4981 quippe
1087 4910 1198 4965 suis
1220 4908 1299 4964 sic
1327 4907 1416 4962 ille
1441 4901 1545 4960 ait:
1572 4903 1691 4958 Non
1716 4904 1857 4974 potui

255 5007 411 5060 vobis
438 5005 576 5074 loqui
630 5003 776 5073 quasi
807 5001 1190 5072 spiritualibus,
1217 4999 1306 5054 sed
1353 4999 1498 5069 quasi
1543 4996 1854 5051 carnalibus.

259 5099 558 5168 Tamquam
600 5094 826 5167 parvulis
867 5093 923 5148 in
949 5093 1149 5148 Christo
1184 5091 1262 5146 lac
1305 5089 1442 5144 vobis
1487 5099 1660 5160 potum
1697 5086 1853 5152 dedi,

257 5207 376 5244 non
393 5205 561 5244 escam
579 5205 599 5242 :
622 5190 851 5241 nondum
887 5184 1021 5240 enim
1049 5183 1287 5255 poteratis
1315 5182 1394 5252 (1.
1424 5181 1542 5236 Cor.
1561 5181 1616 5234 5.
1649 5179 1725 5250 l).
1753 5175 1860 5234 Sed

263 5281 325 5337 id
359 5278 653 5336 Corinthiis
701 5284 937 5342 tantum,
965 5259 1202 5344 inquiet,
1249 5272 1396 5329 dicit.
1435 5269 1574 5340 Quid
1630 5269 1790 5339 igitur
1812 5268 1859 5322 si

263 5371 660 5438 ostendamus,
697 5369 870 5440 ipsum
912 5367 1015 5423 alia
1072 5367 1325 5433 novisse,
1375 5379 1494 5435 quae
1540 5361 1716 5418 nullus
1760 5361 1860 5416 ho-

266 5467 485 5524 minum
512 5471 758 5530 noverat,
784 5471 840 5518 et
865 5477 988 5518 cum
1013 5461 1157 5516 solus
1194 5460 1376 5523 sciret,
1406 5458 1484 5512 sic
1511 5471 1542 5511 e
1591 5455 1723 5509 vivis
1747 5452 1861 5508 dis-

266 5561 548 5619 cessisse?
589 5558 817 5615 Ubinam
866 5563 1042 5611 autem
1083 5563 1258 5609 autem
1292 5550 1347 5606 id
1389 5548 1610 5620 reperiri
1651 5545 1861 5617 possit?

345 5716 370 5748 ι
389 5718 485 5777 Alii,
510 5713 771 5780 colligitur.
796 5710 939 5780 Paulo
973 5716 1083 5772 post
1098 5703 1402 5780 pro,reliqua
1421 5700 1637 5780 membra
1673 5706 1862 5754 mortua

276 5763 649 5845 mi
670 5763 797 5837 uss,
815 5763 1024 5840 reliquiis
1045 5763 1204 5836 partes
1225 5763 1436 5820 mortuas
1454 5763 1580 5829 ﬁeri.

1151 330 1238 386 DE
1277 326 1956 386 INCOMPREHENSIBILI
2000 326 2109 382 DEI
2149 326 2452 383 NATURA.
2496 327 2560 382 ν.

3392 330 3490 389 74⁸2

1923 437 1977 491 ln
2010 439 2229 507 epistola
2275 439 2339 493 ad
2390 437 2726 505 Corinthios,
2759 437 2846 494 ubi
2898 440 2966 493 ita
3013 439 3282 511 loquitur:
3316 440 3496 493 Audivi

1920 544 2106 582 arcana
2127 530 2273 582 verba
2296 571 2311 596 ,
2343 545 2460 598 qua:
2495 546 2595 582 non
2621 531 2733 583 licet
2777 530 2966 583 homini
2992 531 3126 600 loqui
3161 531 3232 601 (2.
3258 530 3376 586 Cor.
3410 532 3495 584 1‘2.

1921 620 1997 690 4).
2045 620 2113 674 Ει
2142 628 2316 675 tamen
2357 620 2443 674 hic
2470 621 2581 688 ipse
2601 621 2691 689 qui
2717 620 2915 674 audivit
2943 635 3135 674 arcana
3160 621 3318 675 verba
3339 663 3353 685 ,
3381 637 3500 690 qua:

1921 724 2027 763 non
2057 709 2181 764 licet
2209 710 2409 764 homini
2441 709 2582 778 loqui
2613 751 2628 776 ,
2666 711 3038 778 particularcm
3083 712 3366 780 quamdam
3408 727 3499 766 co-

1919 800 2212 870 gnitionem
2263 800 2461 866 habet,
2506 810 2558 854 et
2607 802 2780 855 futura
2829 802 2915 856 illa
2967 802 3121 873 longe
3170 802 3494 858 inferiorem.

1922 890 2020 956 Qui
2071 891 2210 945 enim
2248 892 2332 945 illa
2382 891 2551 957 dixit,
2599 892 2676 946 sic
2730 894 2888 946 etiam
2927 893 3201 963 loquitur:
3235 892 3319 947 Ea:
3361 908 3502 963 parte

1923 984 2284 1053 cognoscimus,
2314 993 2358 1036 et
2386 1000 2448 1037 ea“.
2471 993 2615 1052 parte
2651 983 3028 1054 prophetamus.
3057 985 3180 1038 Cum
3206 1001 3361 1038 essem
3392 1002 3502 1054 par-

1923 1077 2098 1140 vulus,
2145 1076 2380 1156 loquebar
2425 1086 2479 1128 ut
2517 1075 2794 1141 parvulus,
2843 1075 3096 1145 sapiebam
3135 1086 3192 1130 ut
3238 1079 3498 1147 parvulus,

1923 1160 2222 1230 cogitabam
2239 1172 2296 1214 ut
2321 1161 2595 1230 parvulus.
2623 1161 2688 1215 Et
2712 1178 2848 1215 nunc
2871 1164 3014 1215 video
3035 1180 3125 1230 per
3158 1166 3428 1232 speculum
3451 1169 3502 1219 in

1923 1257 2225 1324 trnigmate;
2247 1264 2369 1310 tunc
2390 1265 2570 1310 autem
2593 1254 2729 1322 facie
2759 1255 2826 1308 ad
2857 1255 3047 1324 faciem
3075 1256 3148 1326 (l.
3179 1257 3303 1310 Cor.
3331 1258 3417 1312 15.
3447 1258 3500 1311 9.

1927 1347 2142 1412 “.12).
2170 1347 2356 1416 Itaque
2376 1362 2440 1400 ex
2469 1346 2552 1401 his
2578 1347 2736 1401 nobis
2756 1356 2868 1401 tota
2895 1349 3112 1401 illorum
3138 1347 3353 1402 fallacia
3373 1349 3389 1378 ¹
3418 1365 3506 1403 re-

1923 1435 2199 1505 darguitur
2232 1453 2243 1487 :
2273 1449 2394 1488 eum
2427 1433 2570 1488 enim
2600 1433 2714 1504 ipsa
2741 1431 3032 1488 substantia
3061 1433 3333 1504 ignoratur
3355 1471 3370 1496 ,
3400 1444 3507 1484 non

1927 1541 1993 1578 an
2043 1527 2133 1589 sit,
2180 1523 2272 1578 sed
2303 1523 2426 1594 quid
2470 1523 2583 1589 sit,
2628 1532 2882 1578 extremae
2909 1537 3039 1577 sane
3077 1521 3298 1576 insania:
3352 1519 3509 1575 fuerit

1933 1631 2128 1669 nomen
2169 1615 2266 1684 ipsi
2297 1615 2549 1669 tribucre.
2599 1614 2925 1683 Quamquam
2957 1614 3055 1668 etsi
3103 1623 3226 1667 nota
3261 1621 3509 1683 certaque

1927 1713 2108 1777 esset,
2141 1721 2245 1759 non
2292 1715 2457 1758 tutum
2517 1715 2690 1759 tamen
2750 1715 2930 1771 esset,
2981 1719 3079 1758 nos
3133 1706 3278 1774 ipsos
3312 1718 3506 1758 nomen

1927 1807 2110 1854 nostro
2163 1795 2319 1848 modo
2367 1805 2608 1851 statuere
2661 1797 2972 1850 substanti:e
3030 1797 3258 1851 Domini.
3291 1797 3423 1851 Nam
3463 1798 3508 1850 si

1929 1887 2125 1943 Paulus
2173 1885 2418 1955 supernis
2461 1886 2743 1940 virtutibus
2799 1886 3013 1940 nomina
3071 1888 3346 1955 imponere
3406 1901 3510 1940 non

1929 1993 2090 2033 ausus
2137 1988 2252 2041 cst,
2302 1978 2394 2030 sed
2441 1993 2559 2031 cum
2613 1978 2867 2044 dixisset,
2939 1979 3204 2032 Canstilttil
3261 1978 3514 2034 Christum

1929 2086 2082 2140 super
2129 2086 2324 2123 onmem
2361 2070 2700 2140 principatum
2737 2082 2783 2122 et
2835 2081 3158 2141 potestatem,
3201 2081 3247 2124 et
3287 2072 3514 2124 virtutem

1939 2173 1984 2216 et
2034 2179 2180 2216 omne
2239 2179 2454 2226 nomen,
2503 2162 2639 2233 quod
2708 2165 3030 2227 nominatur,
3086 2180 3186 2217 non
3255 2164 3416 2218 solum
3463 2169 3516 2216 in

1932 2257 2026 2309 hoc
2050 2256 2232 2309 alecula
2257 2297 2272 2321 ,
2303 2255 2390 2310 sed
2415 2257 2565 2310 etiam
2589 2257 2641 2308 in
2665 2256 2836 2324 futuro
2864 2255 3078 2327 (Ep/tes.
3105 2257 3289 2326 1.2l),
3315 2273 3520 2328 nosque

1933 2346 2240 2415 docuisset,
2291 2362 2410 2402 esse
2489 2347 2728 2416 quaedam
2790 2347 3042 2401 virtutum
3097 2349 3342 2412 nomina,
3399 2365 3519 2418 quae

1935 2447 2061 2494 tunc
2110 2453 2534 2510 cognoscemus,
2583 2455 2683 2494 nec
2746 2455 2909 2494 ausus
2963 2440 3076 2509 ipse
3144 2450 3226 2495 est
3265 2441 3366 2494 alia
3417 2455 3515 2510 pro

1933 2532 2045 2586 illis
2085 2541 2350 2597 statuere,
2385 2546 2557 2602 neque
2601 2531 2688 2586 illa
2731 2533 3032 2602 exquirere,
3078 2547 3180 2602 qua
3227 2533 3402 2598 venia,
3436 2533 3519 2586 vel

1935 2639 2040 2694 qua
2080 2624 2423 2679 excusatione
2452 2624 2596 2694 digni
2639 2624 2837 2680 fuerint
2881 2625 2950 2691 ii,
2992 2626 3082 2695 qui
3135 2626 3274 2681 circa
3313 2626 3520 2682 Domini

1936 2716 2286 2771 substantiam
2325 2715 2554 2786 idipsum
2581 2717 2758 2774 facere
2779 2717 3018 2773 audent?
3038 2719 3168 2773 Cum
3195 2727 3370 2774 autem
3402 2719 3514 2789 ipsa

1937 2821 2147 2878 quoque
2206 2807 2499 2862 substantia
2545 2809 2862 2879 ignoretur,
2930 2810 3073 2880 ipsos
3125 2825 3222 2865 ceu
3290 2809 3520 2866 furiosos

1943 2899 2178 2953 aversari
2209 2907 2436 2968 oportet.
2475 2898 2608 2954 Nam
2652 2900 2790 2970 quod
2839 2900 2983 2955 Deus
3023 2902 3092 2956 sit
3133 2901 3398 2973 ingenitus
3429 2917 3523 2971 pa-

1939 2989 2042 3043 lam
2073 2997 2197 3055 est;
2246 2989 2387 3060 quod
2415 2999 2592 3045 autem
2638 2989 2765 3045 illud
2812 2992 2881 3044 sit
2921 2991 3036 3060 ejus
3063 2990 3375 3046 substantia:
3421 3008 3517 3046 no-

1940 3097 2094 3150 men,
2123 3081 2176 3137 id
2201 3083 2377 3138 nullus
2403 3083 2783 3154 prophetarum
2829 3083 3001 3152 dixit,
3048 3084 3224 3138 nullus
3249 3085 3521 3154 apostolo-

1941 3188 2059 3228 rum
2104 3172 2497 3242 subindicavit,
2556 3174 2841 3243 nullusque
2878 3174 3325 3245 evangelista;et
3370 3185 3516 3230 recte

1942 3266 2177 3338 quidem.
2199 3265 2300 3335 Qui
2316 3267 2456 3323 enim
2474 3268 2642 3338 ipsam
2663 3268 3014 3324 substantiam
3043 3270 3372 3340 ignorarent,
3392 3285 3523 3340 quo.

1944 3357 2105 3413 modo
2132 3371 2326 3413 nomen
2357 3359 2472 3429 ejus
2499 3359 2740 3429 proferre
2769 3359 3032 3430 possent?

2015 3448 2070 3504 5.
2101 3447 2304 3520 Ecquid
2340 3449 2529 3520 loquor
2585 3449 2654 3506 de
2707 3451 2900 3506 divinis
2954 3450 3244 3521 Scripturis
3268 3492 3284 3518 ,
3314 3453 3526 3522 quando

1945 3548 2090 3596 tanta
2153 3549 2238 3598 est
2288 3541 2629 3597 absurditatis
2688 3542 2832 3600 illius
2876 3541 3173 3608 evidentia,
3232 3551 3374 3598 tanta
3425 3541 3530 3596 ini—

1948 3633 2160 3703 quitatis
2203 3632 2511 3704 magnitudo
2535 3674 2551 3702 ,
2595 3641 2656 3689 ut
2705 3649 2775 3688 ne
2815 3633 3044 3704 gentiles
3083 3633 3297 3705 quidem
3328 3673 3343 3698 ,
3370 3633 3458 3704 qui
3501 3648 3531 3688 a

1950 3726 2170 3783 veritate
2208 3726 2620 3793 aberraverant,
2663 3725 2787 3796 quid
2839 3725 3012 3780 simile
3059 3740 3310 3796 umquam
3353 3725 3534 3780 dicere

1949 3817 2063 3871 ausi
2110 3816 2218 3870 sint
2247 3833 2260 3869 :
2291 3830 2450 3872 nemo
2495 3816 2638 3870 enim
2692 3832 2759 3871 ex
2812 3815 2915 3871 illis
2958 3815 3153 3870 divina:
3219 3816 3530 3871 substanti:e

1950 3905 2310 3994 definitionem
2336 3906 2527 3963 efferre
2575 3907 2797 3993 tentavit
2819 3947 2834 3972 ,
2860 3921 3086 3976 eamque
3115 3921 3221 3961 uno
3247 3905 3532 3975 complecti

1953 4000 2170 4056 nomine
2201 3985 2362 4056 ausus
2386 4008 2490 4055 est.
2520 3985 2587 4054 Et
2617 3999 2745 4070 quid
2773 3999 2961 4070 loquor
2986 3998 3056 4053 de
3083 3997 3259 4054 divina
3289 3997 3536 4052 substan-

1954 4092 2025 4145 tia
2049 4131 2063 4154 ,
2107 4090 2318 4160 quando
2344 4106 2411 4144 ne
2449 4090 2517 4145 de
2565 4089 2874 4159 incorporea
2903 4088 3118 4162 quidem
3158 4097 3345 4142 natura
3366 4087 3388 4118 ³
3417 4085 3535 4155 phi-

1956 4180 2320 4250 losophantes,
2343 4181 2458 4251 ejus
2489 4179 2780 4250 perfectam
2809 4179 3175 4234 deﬁnitionem
3197 4185 3536 4242 statuerunt;

1954 4273 2049 4329 sed
2078 4274 2358 4329 obscuram
2381 4282 2584 4328 tantum
2610 4271 3020 4342 descriptionem
3050 4279 3106 4326 et
3128 4268 3539 4327 delineationetn

1955 4366 2131 4438 potius
2154 4407 2170 4434 ,
2199 4381 2355 4436 quam
2380 4364 2764 4421 definitionem.
2791 4364 2989 4420 Verum
3015 4361 3143 4435 quid
3171 4363 3438 4434 sapientes
3462 4358 3541 4415 illi

1956 4457 2255 4528 objiciunt?

2033 4547 2258 4620 Objectio
2297 4547 2674 4602 Anomworum.
2702 4545 2930 4616 —Ergo
2973 4543 3217 4615 ignoras,
3273 4541 3454 4608 aiunt,
3488 4539 3542 4595 id

1959 4640 2100 4712 quod
2128 4641 2302 4698 colis?
2345 4640 2478 4695 lluic
2503 4641 2658 4710 plane
2687 4638 2972 4708 objectioni
3014 4652 3082 4693 ne
3109 4633 3538 4706 respondendum

1963 4731 2178 4802 quidem
2241 4740 2424 4798 esset,
2473 4741 2754 4803 postquam
2795 4745 2862 4786 ex
2914 4729 3204 4802 Scripturis
3263 4725 3545 4796 perspicue

1960 4823 2382 4882 demonstratum
2406 4835 2509 4893 est,
2530 4825 2778 4896 cognosci
2800 4839 2906 4880 non
2928 4837 3084 4896 posse
3109 4821 3233 4894 quid
3255 4820 3544 4876 secundum

1961 4920 2311 4978 substantiam
2341 4919 2413 4974 sit
2452 4918 2618 4972 Deus.
2648 4916 2782 4986 Quia
2809 4931 2937 4971 vero
2966 4930 3071 4969 non
3115 4913 3332 4970 inimico
3371 4909 3544 4980 loqui-

1964 5030 2085 5070 mur
2118 5013 2298 5068 animo
2318 5053 2332 5078 ,
2362 5009 2456 5066 sed
2485 5020 2547 5065 ut
2573 5024 2664 5064 eos
2692 5008 3036 5064 emendemus
3067 5024 3080 5060 :
3113 5021 3209 5076 age
3229 5047 3244 5071 ,
3289 5001 3546 5059 ostenda-

1963 5121 2084 5180 mus
2122 5121 2228 5162 non
2277 5105 2521 5178 ignorare
2556 5101 2682 5173 quid
2741 5099 3030 5156 secundum
3079 5095 3427 5152 substantiam
3479 5092 3550 5148 sit

1965 5200 2105 5255 Deus
2133 5239 2149 5263 ,
2176 5197 2272 5254 sed
2300 5196 2354 5252 id
2379 5210 2440 5250 se
2463 5209 2622 5251 nosse
2669 5191 2993 5248 contendere
3013 5229 3029 5256 ,
3071 5187 3199 5242 illud
3229 5201 3350 5242 esse
3379 5185 3546 5240 Deum

1965 5291 2232 5362 ignorare.

2039 5383 2340 5454 Responsio.
2363 5411 2432 5422 —
2458 5380 2552 5435 Dic
2579 5379 2720 5434 enim
2749 5376 2912 5440 mihi,
2964 5375 3007 5429 si
3046 5372 3154 5428 duo
3190 5371 3434 5426 homines
3478 5368 3548 5428 de

1968 5473 2344 5546 magnitudinis
2387 5470 2502 5526 caeli
2569 5467 2753 5524 notitia
2796 5466 2936 5522 inter
2993 5479 3052 5520 se
3115 5461 3544 5530 contenderent,

1968 5581 2193 5638 quorum
2219 5564 2353 5619 alter
2374 5562 2593 5628 diceret,
2613 5573 2717 5613 non
2739 5572 2895 5630 posse
2916 5556 3148 5611 humano
3170 5555 3324 5611 oculo
3351 5552 3540 5611 caelum

2035 5703 2053 5733 ι
2090 5700 2194 5759 Alii,
2217 5697 2444 5760 nequitia.

2036 5769 2056 5798 ι
2091 5757 2310 5826 Quinque
2331 5765 2458 5822 Mss,
2485 5757 2544 5810 de
2561 5767 2813 5821 corporum
2859 5758 3045 5808 natura.
