4062 6166
458 327 564 382 715

460 426 880 496 comprehendi;
919 426 1054 481 alter
1081 444 1208 482 vero
1233 428 1523 483 affirmaret
1564 445 1722 500 posse
1765 430 2033 488 hominem

460 519 639 588 palmo
692 529 857 572 totum
885 519 1139 585 dimetiri;
1167 536 1324 590 quem
1350 537 1417 575 ex
1452 522 1532 576 his
1568 522 1869 578 diceremus
1920 526 2033 579 Ctl'li

462 608 875 679 magnitudinem
903 626 1090 667 nosse:
1112 626 1304 667 eumne
1324 614 1412 682 qui
1438 617 1781 670 contenderet
1796 630 1855 670 se
1876 630 2037 671 nosse

467 711 600 769 quot
630 703 834 770 palmos
864 702 1055 757 habeat
1099 717 1164 756 an
1191 719 1312 758 eum
1341 704 1429 774 qui
1459 721 1517 760 se
1544 706 1784 776 ignorare
1821 707 2037 776 profite—

468 792 640 847 retur?
660 794 810 860 Quod
837 795 878 848 si
913 796 956 848 is
985 796 1073 865 qui
1104 796 1216 849 carli
1248 798 1592 866 magnitudini
1614 798 1775 860 cedit,
1804 799 1917 868 ipse
1943 814 2039 867 po-

461 883 563 937 tius
583 884 726 936 novit
746 884 860 952 ejus
885 884 1316 954 magnitudinem,
1348 902 1513 955 quare
1535 903 1639 941 non
1679 888 1745 941 de
1770 888 1877 942 Deo
1923 889 2036 958 pari

469 987 592 1028 cum
625 977 916 1028 reverentia
940 974 1251 1044 loquemur?
1270 976 1545 1042 Quomodo
1568 994 1672 1032 non
1705 978 1754 1032 id
1785 990 2037 1034 extremae

461 1061 744 1120 dementiae
782 1064 938 1121 fuerit
961 1067 986 1121 ?
1013 1067 1164 1135 Quod
1189 1076 1365 1123 autem
1398 1069 1448 1123 id
1479 1071 1648 1124 solum
1676 1071 1976 1140 requiratur
2004 1088 2034 1126 a

461 1154 633 1221 nobis,
660 1165 715 1210 ut
735 1157 964 1212 sciamus
991 1159 1152 1212 Deum
1180 1173 1321 1226 esse,
1346 1176 1448 1213 non
1474 1171 1528 1213 nt
1551 1161 1666 1230 ejus
1684 1163 2028 1216 substantiam

465 1248 673 1301 curiose
701 1256 1037 1315 scrutemur,
1087 1251 1208 1305 audi
1267 1252 1484 1306 Paulum
1533 1254 1876 1322 loquentem:
1920 1254 2040 1310 Cre-

461 1336 578 1389 dere
602 1337 733 1390 enim
763 1349 953 1409 Oportet
1001 1356 1113 1393 eum
1136 1341 1220 1412 qui
1241 1342 1307 1394 ad
1332 1342 1495 1396 Deum
1542 1345 1768 1409 accedit,
1801 1346 1919 1414 quia
1967 1357 2039 1401 est

467 1427 650 1497 (Hebr.
706 1431 791 1484 11.
831 1429 906 1499 6).
962 1430 1193 1486 Rursum
1240 1435 1492 1504 pr0pheta
1523 1477 1539 1502 ,
1589 1452 1707 1490 cum
1758 1438 2039 1507 impietatis

465 1520 764 1588 quempiam
793 1531 1098 1597 accusaret,
1125 1540 1229 1577 non
1262 1526 1309 1579 ei
1340 1527 1468 1580 vitio
1495 1529 1689 1591 vertit,
1721 1529 1861 1598 quod
1893 1529 2039 1598 igno-

464 1620 607 1663 raret
631 1610 754 1681 quid
807 1613 877 1666 sit
907 1613 1083 1678 Deus,
1115 1614 1208 1668 sed
1258 1615 1399 1685 quod
1451 1632 1570 1671 eum
1620 1633 1738 1673 esse
1786 1620 2035 1674 nesciret.

462 1698 594 1753 Nam
640 1701 733 1764 ait,
764 1700 907 1756 Dixit
934 1704 1173 1773 insipiens
1219 1706 1273 1759 in
1301 1707 1452 1760 corde
1490 1724 1581 1761 suo
1606 1749 1620 1773 ,
1667 1725 1770 1762 non
1799 1719 1870 1764 est
1901 1708 2039 1764 Deus

460 1788 630 1859 (Psal.
664 1791 852 1862 15.1).
886 1791 1048 1863 igitur
1095 1805 1151 1849 ut
1199 1796 1285 1850 ille
1328 1797 1520 1865 impius
1563 1808 1677 1863 est,
1737 1815 1842 1853 non
1897 1800 2039 1870 quod

462 1881 669 1951 ignoret
721 1884 845 1953 quid
889 1886 1180 1941 secundum
1226 1888 1573 1944 substantiam
1616 1891 1686 1944 sit
1735 1891 1915 1958 Deus,
1946 1892 2041 1947 sed

461 1973 602 2042 quod
648 1974 853 2045 ignoret
902 1977 1065 2033 Deum
1111 1994 1274 2045 esse;
1321 1981 1398 2036 sic
1425 1980 1494 2035 ad
1539 1982 1676 2051 piam
1728 1983 2038 2053 religionem

462 2065 659 2120 sufficit
683 2107 699 2133 ,
737 2076 791 2121 ut
820 2068 1019 2124 sciatur
1051 2071 1215 2125 Deum
1246 2087 1384 2127 esse.
1423 2071 1529 2128 Sed
1557 2074 1752 2129 habent
1777 2076 1848 2130 illi
1879 2077 2036 2131 aliam

461 2154 766 2210 meditatam
831 2160 1232 2228 argumentandi
1282 2162 1586 2218 rationem:
1624 2180 1781 2233 quatn
1846 2166 2040 2221 illam?

462 2246 667 2301 Dictum
714 2257 833 2316 est,
883 2250 1156 2319 inquiunt,
1212 2251 1438 2322 Spiritus
1471 2264 1543 2307 est
1576 2253 1715 2309 Deus
1742 2254 1918 2328 (Joan.
1981 2258 2036 2313 4.

460 2334 576 2409 24).
618 2337 851 2393 Hoccine
874 2380 890 2407 ,
922 2340 1006 2395 dic
1031 2341 1160 2395 mihi
1185 2383 1200 2409 ,
1228 2343 1580 2399 substantiam
1604 2345 1720 2415 ejus
1759 2346 2039 2403 declarat?

461 2430 657 2502 Ecquis
683 2433 801 2490 haec
841 2435 1014 2503 ferat,
1045 2438 1088 2491 si
1122 2439 1204 2493 vel
1234 2439 1492 2493 tantillum
1526 2438 1595 2495 ad
1638 2440 1925 2512 Scripturze
1948 2458 2037 2497 sa-

459 2538 565 2578 cra:
604 2525 745 2581 fores
788 2529 1117 2583 accesserit?
1156 2528 1287 2584 Nam
1334 2530 1434 2584 hac
1482 2533 1689 2586 ratione
1734 2533 1872 2587 Deus
1905 2534 2040 2603 ignis

459 2629 670 2684 quoque
721 2618 859 2682 erit;
912 2618 1358 2688 quemadmodum
1402 2621 1544 2675 enim
1589 2623 1843 2691 scriptum
1889 2632 1972 2677 est
2020 2641 2036 2677 :

462 2704 687 2773 Spiritus
732 2717 804 2761 est
844 2707 1029 2773 Deus;
1058 2710 1129 2764 ita
1179 2727 1391 2781 quoque
1430 2712 1685 2781 scriptum
1728 2722 1848 2778 est,
1900 2713 2040 2768 Deus

459 2806 630 2850 noster
654 2798 783 2868 ignis
809 2815 1105 2856 consumens
1134 2812 1204 2856 est
1227 2801 1409 2875 (Hebr.
1440 2803 1527 2856 12.
1549 2802 1641 2874 29)
1668 2820 1683 2869 ;
1712 2820 1774 2859 ac
1800 2820 2036 2874 rursum,

457 2884 601 2941 Fons
630 2904 776 2958 aqua:
795 2891 917 2945 vim
959 2891 1176 2963 (Jerem.
1205 2895 1262 2948 2.
1300 2896 1409 2964 15).
1439 2895 1620 2965 Neque
1647 2896 1876 2965 Spiritus
1919 2896 2039 2952 fons

458 2988 514 3033 et
561 2979 696 3051 ignis
752 2991 952 3038 tantum
992 2985 1132 3052 erit,
1179 2986 1273 3042 sed
1318 2988 1478 3042 etiam
1549 2989 1761 3053 anima,
1806 3000 2035 3060 ventus,

460 3086 612 3126 mens
663 3076 889 3130 humana
918 3117 932 3140 ,
968 3088 1020 3132 et
1050 3079 1152 3133 alia
1206 3078 1289 3134 his
1338 3079 1495 3151 longe
1522 3081 1832 3137 absurdiora
1862 3100 1876 3148 ;
1931 3098 2038 3138 non

452 3160 601 3216 enim
648 3165 825 3219 omnia
851 3181 1129 3223 recensere
1159 3185 1294 3240 opus
1337 3181 1420 3226 est
1447 3213 1461 3235 ,
1517 3188 1689 3243 neque
1723 3173 1929 3228 illorum
1959 3175 2041 3229 in-

458 3253 665 3306 saniam
720 3254 933 3309 imitari.
1004 3257 1115 3311 lloc
1151 3260 1292 3313 enim
1363 3276 1555 3316 nomen
1606 3263 1815 3330 spiritus
1873 3264 2038 3320 multa

457 3342 717 3411 significat
744 3361 760 3411 ;
809 3349 1037 3401 animam
1070 3365 1259 3418 nempe
1300 3363 1536 3406 nostram
1563 3393 1576 3419 ,
1611 3362 1667 3408 ut
1695 3355 1769 3409 ait
1798 3355 1992 3412 Paulus
2017 3396 2034 3425 ,

464 3429 674 3487 Tradite
720 3433 1013 3503 hujusmodi
1060 3438 1310 3494 hominem
1350 3453 1577 3508 satanaz,
1609 3454 1663 3497 ut
1704 3447 1910 3515 spiritus
1935 3448 2039 3502 sal-

457 3538 548 3578 sus
599 3526 670 3580 sit
724 3525 800 3597 (1.
832 3527 949 3583 Cor.
981 3529 1033 3585 5.
1064 3530 1158 3602 5);
1208 3533 1439 3603 itemque
1485 3545 1698 3590 ventqu
1744 3537 2035 3592 secundum

454 3615 803 3682 prophetam,
862 3618 1061 3688 Spiritu
1111 3623 1384 3676 vehementi
1448 3635 1672 3680 conteres
1733 3643 1817 3681 eos
1863 3628 2034 3699 (Psal.

456 3704 545 3759 47.
580 3705 681 3776 8);
722 3705 920 3762 donum
969 3711 1129 3765 etiam
1174 3714 1447 3781 spirituale
1484 3715 1561 3770 sic
1605 3728 1865 3773 vocatur:
1913 3719 2038 3789 Ipse

457 3800 589 3850 enim
615 3799 825 3868 spiritus
853 3804 1189 3857 testimonium
1214 3804 1379 3859 reddit
1403 3808 1605 3876 spiritui
1632 3820 1804 3865 nostra
1856 3810 2033 3884 (Rom.

454 3891 509 3946 8.
544 3891 629 3961 l6)
653 3909 666 3955 ;
695 3908 758 3947 ac
802 3909 1010 3950 rursum
1029 3937 1046 3964 ,
1078 3894 1247 3951 Orabo
1275 3900 1454 3969 spiritu
1474 3941 1492 3967 ,
1521 3902 1674 3956 orabo
1694 3912 1741 3957 et
1768 3915 1929 3960 mente
1954 3905 2035 3974 (Ι.

458 3979 578 4034 Cor.
629 3983 713 4037 M.
747 3984 836 4057 15)
866 4002 881 4042 :
923 3995 1141 4041 vocatur
1185 3987 1313 4043 item
1362 3990 1474 4056 ira;
1502 3991 1721 4049 llesaias
1744 3995 1885 4050 enim
1914 3996 2032 4066 ait,

453 4071 643 4128 Nonne
656 4085 709 4129 tu
726 4092 837 4131 eras
857 4078 942 4146 qui
958 4078 1278 4134 meditabaris
1297 4081 1479 4150 spiritu
1501 4092 1586 4137 tuo
1605 4083 1733 4138 duro
1752 4085 2036 4142 interimere

448 4181 558 4220 eos.
604 4164 809 4238 (llesai.
851 4168 940 4223 27.
972 4168 1071 4240 8)?
1098 4170 1368 4226 Auxilium
1414 4188 1627 4245 quoque
1679 4174 1771 4231 Dei
1817 4185 2035 4233 vocatur

453 4259 673 4328 spiritus
701 4276 718 4318 :
749 4259 975 4332 Spiritus
1000 4262 1133 4316 enim
1165 4272 1283 4317 ante
1326 4264 1507 4335 faciem
1535 4276 1759 4320 nostram
1803 4265 2034 4324 Christus

453 4346 702 4403 Dominus
729 4349 937 4421 (Thren.
964 4353 1018 4408 4.
1045 4352 1161 4426 20).
1206 4353 1332 4409 Haec
1364 4369 1491 4426 ergo
1532 4356 1711 4413 omnia
1755 4357 1894 4414 Deus
1933 4360 2036 4416 erit

454 4454 524 4493 ex
570 4440 778 4495 illorum
806 4445 1096 4510 sententia,
1131 4455 1291 4517 atque
1317 4462 1381 4503 ex
1421 4448 1524 4502 illis
1561 4447 1721 4504 rebus
1744 4451 2029 4507 constabit.

456 4531 561 4587 Sed
588 4547 655 4587 ne
682 4549 912 4604 nugaces
961 4538 1127 4595 simus
1173 4542 1258 4595 illa
1286 4541 1553 4597 aderendo
1580 4584 1595 4609 ,
1622 4559 1742 4613 qua:
1785 4561 1854 4599 ne
1901 4560 2033 4603 con-

451 4625 764 4681 futatiouem
827 4628 1039 4698 quidem
1091 4644 1408 4688 merentur:
1455 4650 1553 4705 age
1594 4637 1852 4692 adversus
1911 4639 2032 4696 illos

455 4716 783 4788 disceptandi
833 4720 995 4777 finem
1042 4724 1293 4782 faciamus
1320 4768 1336 4793 ,
1368 4736 1423 4782 et
1472 4728 1538 4782 ad
1595 4729 1853 4784 orandum
1898 4746 2029 4786 con-

452 4818 723 4866 vertamur
745 4852 761 4877 ,
813 4822 961 4869 tanto
989 4818 1157 4888 magis
1202 4833 1299 4887 pro
1335 4820 1441 4875 illis
1465 4830 1711 4892 rogantes
1752 4834 1804 4877 et
1831 4825 2030 4894 suppliv

451 4910 676 4970 cantes,
723 4914 782 4958 ut
831 4904 898 4959 ab
926 4907 1126 4962 insania
1169 4910 1468 4980 absistant,
1500 4924 1698 4982 quanto
1741 4917 1908 4987 magis
1951 4917 2029 4974 illi

452 4993 614 5063 impie
638 5004 820 5065 agunt.
853 4995 963 5052 Hoc
987 4999 1129 5053 enim
1155 5010 1360 5068 gratum
1387 5014 1768 5075 acceptumque
1794 5009 1896 5062 erit
1918 5009 2029 5063 Deo

450 5087 713 5143 servatori
742 5097 955 5157 nostro,
991 5090 1091 5155 Qui
1116 5093 1217 5146 vult
1247 5110 1416 5149 omnes
1440 5097 1664 5152 homines
1690 5099 1856 5153 salvos
1875 5100 1987 5167 ﬁeri
2009 5141 2025 5165 ,

455 5189 501 5233 et
538 5181 606 5233 ad
662 5181 971 5252 agnitionem
1044 5186 1266 5240 ueritatis
1341 5187 1506 5242 uenire
1558 5190 1636 5258 (1.
1682 5189 1817 5245 Tim.
1846 5191 1903 5244 2.
1944 5192 2024 5263 4).

524 5269 574 5324 6.
607 5270 858 5343 Magnum
884 5274 1036 5328 telum
1064 5277 1302 5346 precatio.
1322 5308 1396 5318 —
1419 5278 1496 5333 Ne
1521 5280 1824 5335 desinamus
1850 5282 2029 5351 itaque

447 5375 635 5430 preces
657 5378 751 5433 pro
777 5365 883 5420 illis
907 5369 1148 5424 emittere
1173 5387 1186 5423 :
1213 5384 1459 5441 magnum
1480 5374 1621 5427 enim
1647 5373 1807 5428 telum
1834 5376 2023 5441 oratio,

449 5450 727 5511 thesaurus
754 5456 1081 5528 indeﬁciens,
1108 5460 1305 5517 divitiae
1337 5463 1684 5530 inexhaustas,
1716 5475 1900 5536 portus
1930 5467 2027 5521 llu-

447 5542 619 5600 ctibus
640 5562 856 5613 vacuus,
880 5552 1089 5607 occasio
1111 5556 1501 5624 tranquillitatis
1523 5574 1537 5611 :
1564 5558 2023 5614 innumerabilium

444 5633 707 5687 honorum
739 5637 905 5702 radix,
939 5640 1054 5695 fons
1082 5653 1135 5695 et
1163 5654 1333 5699 mater
1357 5656 1439 5699 est
1464 5648 1631 5700 oratio
1650 5688 1664 5709 ,
1693 5649 1911 5717 ipSOque
1937 5666 2024 5703 rc-

451 5739 560 5795 gno
588 5727 865 5792 potentior.
901 5728 1058 5800 Saepe
1096 5734 1270 5803 itaque
1310 5736 1402 5790 illo
1447 5739 1562 5806 ipso
1597 5740 1685 5807 qui
1725 5738 2025 5796 diademate

1178 315 1235 373 S.
1274 314 1550 373 JOANNIS
1585 316 2056 375 CHRYSOSTOMI
2096 317 2412 374 ARCHIEP.
2453 314 2982 375 CONSTANTINOP.

3615 310 3722 365 7H

2144 441 2362 488 ornatur
2391 433 2722 488 febricitante
2749 441 2803 487 et
2843 431 3071 485 in-lecto
3096 428 3338 498 jacente,
3370 426 3579 482 adstant
3607 441 3725 480 me-

2143 522 2267 588 dici,
2299 525 2575 589 satellites,
2606 523 2806 583 famuli.
2835 523 2998 577 duces
3024 539 3037 576 :
3066 536 3237 590 neque
3261 519 3585 574 medicorum
3611 532 3723 582 ars,

2144 628 2315 683 neque
2341 614 2631 668 amicorum
2660 613 2962 684 praesentia,
2990 627 3094 666 non
3122 624 3393 665 servorum
3422 609 3727 678 famulatus,

2143 718 2249 757 non
2272 703 2776 758 medicamentorum
2805 703 3051 768 varietas,
3081 716 3185 756 non
3214 709 3497 770 apparatus
3521 701 3731 770 magni-

2145 790 2356 847 licentia
2377 831 2393 858 ,
2433 808 2538 845 non
2581 792 2918 862 pecuniarum
2949 791 3099 861 copia
3119 832 3134 853 ,
3164 805 3260 844 nec
3285 789 3426 844 aliud
3456 790 3729 859 quidpiam

2144 881 2432 936 humanum
2475 892 2647 952 potest
2678 881 2954 952 :cgrotanti
2996 881 3241 935 solatium
3286 879 3493 934 afferre.
3523 880 3576 935 Si
3606 881 3731 949 quis

2143 987 2273 1027 vero
2297 987 2483 1027 eorum
2503 1014 2518 1039 ,
2554 973 2643 1043 qui
2683 973 2733 1026 in
2766 973 2985 1026 Domino
3014 972 3259 1028 fiduciam
3290 970 3522 1037 habent,
3548 970 3731 1038 ingre-

2143 1062 2344 1128 diatur,
2374 1078 2674 1133 corpusque
2707 1064 3039 1118 solunnnodu
3070 1072 3279 1132 tangat,
3311 1077 3600 1131 puramque
3632 1078 3731 1130 pro

2144 1153 2235 1207 illo
2277 1154 2570 1207 orationem
2609 1154 2849 1219 emittat,
2887 1153 3246 1208 infirmitatem
3291 1168 3504 1207 omnem
3542 1153 3727 1222 abigit.

2143 1244 2400 1315 Quodque
2441 1260 2549 1299 non
2603 1245 2801 1299 divitia:
2844 1254 3163 1314 potuerunt,
3208 1260 3314 1300 non
3364 1246 3729 1300 ministrorum

2144 1335 2439 1406 frequentia
2463 1378 2479 1403 ,
2511 1354 2614 1392 non
2655 1337 2984 1393 medicinalis
3019 1338 3343 1407 experientia
3363 1377 3380 1405 ,
3412 1354 3516 1392 non
3548 1338 3730 1408 regius

2146 1428 2309 1483 fastus
2328 1471 2343 1495 ,
2376 1429 2475 1484 hoc
2503 1445 2645 1499 stupe
2683 1432 2853 1499 potuit
2878 1431 3031 1485 unius
3062 1430 3307 1500 pauperis
3332 1441 3384 1485 et
3410 1430 3583 1500 inopis
3607 1445 3731 1484 ora-

2146 1520 2237 1573 tio.
2269 1520 2572 1574 Oratinnem
2599 1521 2750 1586 dico,
2781 1537 2888 1575 non
2915 1521 3051 1574 hanc
3083 1522 3251 1575 levem
3277 1529 3330 1575 et
3358 1522 3580 1591 segnitie
3611 1522 3729 1592 ple-

2146 1625 2264 1663 nam
2287 1651 2301 1675 ,
2335 1612 2425 1664 sed
2469 1611 2799 1677 ferventem,
2829 1628 2949 1681 qua:
2976 1612 3155 1666 animo
3185 1596 3398 1666 dolente
3434 1622 3487 1666 et
3525 1612 3728 1666 intenta

2144 1711 2321 1755 mente
2360 1700 2615 1756 funditur.
2657 1702 2781 1757 [hnc
2818 1702 3013 1771 quippe
3047 1703 3096 1756 in
3126 1703 3314 1757 ctelum
3353 1704 3589 1758 ascendit
3621 1720 3634 1756 ε
3664 1718 3732 1757 ac

2145 1792 2588 1859 quemadmodum
2612 1808 2763 1862 aqua:
2786 1793 2957 1848 donec
2983 1794 3033 1847 in
3062 1794 3218 1862 plano
3248 1794 3362 1848 loco
3392 1794 3651 1860 feruntur,
3675 1802 3733 1848 et

2144 1883 2309 1937 latum
2338 1885 2567 1953 spatium
2596 1896 2894 1954 occupant,
2923 1902 3028 1945 non
3059 1887 3109 1942 in
3140 1886 3364 1941 sublime
3393 1887 3687 1942 ascendunt
3711 1903 3729 1951 ;

2143 1989 2263 2028 cum
2294 1985 2468 2031 autem
2497 1991 2686 2030 manus
2714 1977 2971 2031 artificum
3013 1978 3150 2045 ipsas
3177 1978 3532 2047 comprimens
3563 1978 3611 2032 in
3643 1994 3732 2031 au-

2142 2076 2354 2136 gustum
2376 2066 2620 2135 deduxit,
2647 2067 2753 2122 telo
2776 2068 3072 2123 velociores
3096 2082 3213 2122 sese
3237 2068 3290 2122 in
3313 2068 3479 2122 altum
3499 2068 3736 2137 jaculan-

2146 2168 2262 2226 tur;
2288 2160 2364 2213 sic
2384 2168 2438 2213 et
2458 2159 2684 2213 humana
2706 2173 2877 2225 mens,
2899 2159 3072 2214 donec
3092 2159 3255 2213 multa
3278 2159 3467 2213 fruitur
3489 2159 3729 2224 licentia,

2144 2252 2453 2306 diffunditur
2481 2261 2536 2307 et
2576 2251 2783 2319 cflluit;
2812 2266 2934 2306 cum
2970 2261 3147 2306 autem
3187 2253 3438 2306 :erumnis
3471 2251 3732 2322 deprimi-

2144 2352 2259 2411 tur,
2286 2345 2341 2397 in
2371 2352 2755 2414 angustumque
2781 2342 3097 2412 deducitur,
3128 2343 3206 2399 sic
3246 2345 3413 2413 probe
3442 2344 3733 2400 exercitata

2145 2451 2303 2506 puras
2327 2447 2382 2491 et
2407 2436 2674 2491 ferventes
2700 2437 2753 2491 in
2779 2437 2943 2491 altum
2979 2436 3175 2490 emittit
3210 2436 3500 2490 orationes.
3532 2435 3602 2490 Ut
3628 2450 3732 2489 au-

2146 2540 2252 2584 tem
2280 2529 2487 2584 ediscas
2520 2528 2639 2583 illas
2665 2530 2894 2584 maxime
2918 2529 3157 2584 exaudiri
3190 2544 3344 2598 posse
3362 2570 3378 2596 ,
3407 2544 3524 2599 qua:
3549 2529 3601 2583 in
3627 2544 3732 2582 an-

2143 2619 2310 2688 gustia
2333 2620 2664 2685 emittuntur,
2689 2619 2812 2675 audi
2840 2622 3149 2690 prophetam
3175 2638 3188 2672 :
3213 2620 3293 2674 Ad
3320 2620 3592 2675 Dominum
3612 2638 3735 2675 cum

2143 2710 2411 2763 tribularer
2428 2709 2661 2779 clamavi,
2684 2720 2735 2765 et
2752 2710 3003 2764 exaudivit
3024 2728 3102 2765 me
3122 2710 3292 2781 (Psal.
3319 2711 3441 2767 119.
3469 2710 3542 2783 1).
3569 2712 3734 2781 Igitur

2144 2810 2379 2855 nostram
2420 2800 2711 2857 ferventem
2754 2802 3011 2856 faciamus
3051 2803 3462 2871 conscientiam,
3498 2804 3735 2860 animam

2143 2902 2478 2964 peccatorum
2506 2893 2762 2948 memoria
2791 2892 3118 2964 afﬂigamns;
3147 2893 3461 2964 affligamus,
3490 2896 3733 2963 inquam,

2144 3000 2250 3039 non
2272 2994 2327 3038 ut
2348 2985 2398 3038 in
2419 2996 2696 3055 angustam
2720 2985 3045 3041 deducamus
3064 2987 3225 3052 viam,
3247 2987 3339 3041 sed
3361 3003 3476 3042 eam
3500 2989 3568 3042 ita
3589 3004 3735 3042 com-

2145 3091 2423 3145 paremus,
2450 3085 2507 3130 ut
2531 3076 2879 3138 exaudiatur;
2910 3088 2965 3131 ut
2992 3077 3257 3143 sobriam,
3288 3078 3500 3149 vigilem
3525 3079 3734 3148 ipsum-

2142 3181 2247 3236 que
2274 3167 2462 3221 caelum
2505 3176 2804 3237 tangentem
2832 3167 3135 3223 reddamus.
3176 3168 3316 3223 Nihil
3343 3170 3413 3223 ita
3449 3170 3733 3240 segnitiem

2143 3267 2197 3314 et
2223 3258 2521 3315 socordiam
2546 3260 2728 3330 abigit,
2760 3268 2817 3316 ut
2845 3275 3045 3316 maeror
3075 3270 3131 3317 et
3154 3260 3392 3328 alllictio,
3423 3278 3539 3330 qum
3569 3264 3732 3316 undi-

2142 3366 2247 3420 que
2271 3361 2503 3406 mentem
2532 3352 2761 3422 colligit,
2790 3362 2845 3407 et
2871 3353 2938 3408 ad
2965 3354 3192 3423 seipsam
3225 3353 3416 3409 reverti
3450 3353 3592 3408 facit.
3626 3353 3734 3421 Qui

2142 3442 2219 3496 sic
2245 3442 2296 3495 in
2323 3439 2608 3498 afﬂicdone
2627 3453 2682 3497 et
2710 3444 2761 3497 in
2792 3443 3032 3499 oratione
3059 3455 3320 3509 versatur,
3359 3453 3478 3514 post
3503 3444 3735 3501 emissas

2142 3544 2331 3600 preces
2356 3546 2599 3601 magnam
2637 3533 2815 3588 animo
2842 3534 3166 3604 voluptatem
3192 3549 3383 3604 capere
3404 3534 3618 3590 valebit.
3651 3537 3735 3589 Ac

2140 3622 2582 3692 quemadmodum
2611 3623 2825 3679 nubium
2848 3624 3126 3681 conﬂictus
3152 3624 3410 3695 principio
3435 3640 3613 3680 aerem
3638 3641 3735 3680 ca-

2141 3714 2303 3785 ligine
2328 3715 2584 3781 oli'uscat;
2613 3716 2701 3772 ubi
2726 3731 2855 3772 vero
2881 3718 3100 3774 crebras
3123 3717 3359 3773 emiserit
3383 3717 3573 3785 stillas,
3601 3733 3733 3772 eva-

2140 3815 2296 3862 cuata
2335 3806 2544 3877 pluvia,
2583 3822 2831 3863 serenum
2873 3807 3158 3878 laetumque
3184 3821 3364 3862 aerem
3388 3808 3404 3839 ί
3436 3807 3730 3878 relinquit;

2141 3898 2219 3954 sic
2243 3908 2297 3954 et
2326 3913 2528 3955 mceror
2561 3898 2734 3955 donec
2763 3901 2903 3954 intus
2935 3909 3198 3966 versatur,
3225 3899 3595 3969 cogitationem
3622 3899 3731 3954 ob-

2139 3990 2286 4047 ducit
2333 4000 2566 4045 nostram
2609 4008 2622 4044 :
2663 3998 2941 4061 postquam
2985 3998 3160 4044 autem
3208 3989 3464 4045 orationis
3505 3990 3684 4045 verbis
3709 4031 3729 4057 ,

2139 4081 2515 4137 comitantibus
2559 4080 2809 4151 lacrymis
2829 4121 2847 4149 ,
2893 4089 3178 4136 evacuatus
3220 4081 3379 4136 fuerit
3422 4089 3478 4136 et
3522 4079 3732 4149 eiectus

2139 4174 2473 4244 difflatusque
2492 4214 2507 4239 ,
2537 4189 2781 4244 magnam
2822 4173 2978 4229 affert
3015 4172 3178 4241 animi
3212 4173 3470 4241 lat-titiam,
3502 4172 3594 4226 Dei
3625 4187 3729 4241 pa-

2140 4265 2364 4323 trocinio
2390 4264 2524 4320 radii
2547 4265 2716 4320 instar
2736 4265 2789 4320 in
2812 4263 3014 4319 orantis
3034 4273 3266 4319 mentem
3293 4264 3499 4334 illapso.
3525 4263 3729 4319 Verum

2139 4357 2382 4428 quisnam
2416 4356 2505 4412 ille
2541 4355 2763 4427 frigidus
2799 4354 3083 4410 multorum
3121 4353 3336 4409 sermo?
3372 4354 3602 4418 Vereor,
3637 4354 3729 4408 in-

2139 4448 2346 4518 quiunt,
2374 4447 2578 4517 pudore
2604 4446 2900 4515 sufl'undor,
2931 4460 3103 4516 neque
3128 4459 3344 4515 possum
3372 4445 3452 4500 vel
3483 4460 3543 4498 os
3567 4443 3729 4498 didu~

2138 4554 2280 4595 cere.
2304 4538 2550 4594 Satanica
2575 4529 2660 4593 est
2683 4540 2797 4594 haec
2820 4536 3158 4604 verecundia,
3180 4537 3424 4607 segnitiei
3450 4535 3727 4591 obtentus.

2139 4629 2255 4685 Tibi
2305 4644 2534 4700 namque
2575 4628 2817 4683 diabolus
2863 4629 3063 4683 aditum
3110 4625 3178 4681 ad
3229 4626 3395 4681 Deum
3442 4624 3729 4682 occludcre

2139 4727 2327 4775 tentat.
2357 4718 2645 4774 Fiducianc
2673 4718 2859 4774 cares?
2883 4719 3070 4789 Magna
3096 4716 3294 4772 ﬁdendi
3320 4730 3500 4780 causa,
3531 4730 3729 4786 magna

2139 4812 2371 4879 utilitas,
2408 4810 2453 4865 si
2492 4821 2542 4865 te
2585 4819 2739 4880 putas
2777 4808 2975 4865 tidendi
3001 4823 3215 4865 causam
3258 4822 3362 4861 non
3404 4806 3635 4870 habere;
3666 4818 3730 4860 nt

2137 4914 2320 4958 contra
2345 4903 2514 4973 pudor
2533 4912 2877 4972 extremaque
2896 4901 3187 4966 damnatio,
3211 4899 3255 4955 si
3282 4909 3332 4953 te
3352 4908 3504 4969 putas
3527 4898 3729 4954 lidendi

2136 5010 2351 5051 causam
2393 4994 2592 5050 habere
2625 5012 2640 5050 :
2670 5009 2986 5064 quamquam
3017 4994 3157 5048 enim
3199 4993 3363 5047 multa
3390 4991 3531 5046 bona
3557 5005 3729 5061 opera

2136 5085 2360 5152 feceris,
2400 5102 2719 5156 quamquam
2760 5086 2954 5140 nullius
2981 5084 3056 5140 sis
3090 5084 3183 5138 tibi
3216 5083 3462 5139 conscius
3488 5083 3646 5147 mali,
3675 5083 3727 5138 si

2134 5190 2287 5249 putes
2314 5189 2366 5234 te
2394 5179 2591 5235 ﬁdendi
2619 5194 2831 5235 causam
2868 5179 3097 5247 habere,
3124 5178 3193 5234 ab
3228 5178 3468 5233 oratione
3508 5177 3727 5246 penitus

2133 5272 2395 5326 excidisti.

2206 5363 2487 5418 Humilitas
2520 5362 2760 5432 ﬁduciam
2798 5364 2951 5434 parit.
2981 5391 3053 5403 ——
3077 5361 3272 5417 Contra
3306 5360 3350 5415 si
3388 5374 3551 5416 onera
3589 5375 3725 5430 pec-

2132 5465 2371 5511 catorum
2416 5456 2692 5509 innumena
2731 5456 2783 5509 in
2829 5454 3153 5509 conscientia
3198 5451 3396 5517 habes,
3428 5450 3589 5506 modo
3616 5452 3725 5507 tibi

2134 5547 2455 5618 persuadeas
2480 5556 2531 5601 te
2551 5546 2785 5600 omnium
2807 5546 3049 5600 ultimum
3070 5559 3207 5608 esse,
3230 5556 3476 5613 magnam
3499 5540 3730 5597 habebis

2131 5638 2271 5708 apud
2297 5639 2462 5693 Deum
2486 5636 2729 5691 fiduciam
2757 5653 2769 5688 :
2795 5637 2919 5691 licet
2943 5635 2995 5689 id
3018 5635 3159 5692 nulla
3185 5632 3455 5689 humilitas
3479 5630 3568 5700 sit,
3591 5642 3726 5684 cum

2202 5750 2219 5781 ι
2254 5748 2360 5809 Alii,
2382 5745 2635 5810 (manuque
2658 5746 2781 5798 hunc
2805 5745 2976 5797 locum.
