4062 6166
182 298 277 359 74ιό
1228 309 1314 365 DE
1353 309 2054 373 INCOMPREHENSIBILI
2095 316 2207 372 DEI
2245 314 2556 373 NATURA.
2598 317 2664 373 V.

174 419 421 493 σπιθαμῇ
468 419 569 491 τῆς
601 421 788 494 χειρὸς
824 422 1004 477 πάντα
1039 423 1201 477 αὐτὸν
1236 427 1540 498 μετροῦντα
1587 430 1855 496 ἐπελθεῖν,

173 510 288 562 τίνα
318 508 386 561 ἂν
423 510 673 580 φήσομεν
710 510 915 564 εἰδέναι
950 509 1180 582 μέγεθος
1206 512 1462 584 οὐρανοῦ,
1490 515 1585 569 τὸν
1629 516 1862 587 φιλονει-

172 597 368 652 κοῦντα
400 600 605 652 εἰδέναι
634 600 811 664 πόσας
842 598 957 671 ἔχει
989 599 1293 672 σπιθαμὰς,
1320 602 1352 673 ἢ
1377 602 1469 656 τὸν
1495 604 1861 675 ὁμολογοῦντα

172 688 416 756 ἀγνοεῖν;
462 683 598 742 Εἶτα
637 688 733 741 ἐπὶ
774 688 874 759 μὲν
906 688 1138 761 οὐρανοῦ
1188 692 1217 745 6
1269 692 1615 764 παραχωρῶν
1647 693 1727 765 τῷ
1760 712 1857 765 με-

171 774 340 846 γέθει,
369 770 528 839 οὗτος
574 775 730 829 ἔσται
774 778 804 828 6
841 776 1041 848 μᾶλλον
1075 776 1230 843 εἰδὼς
1272 778 1334 833 τὸ
1382 779 1633 851 μέγεθος,
1674 784 1767 836 ἐπὶ
1801 783 1858 837 δέ

171 864 264 919 τοῦ
291 864 430 917 Θεοῦ
460 864 584 917 οὐδὲ
618 864 793 935 ταύτῃ
838 865 1157 937 χρησόμεθα
1187 870 1251 939 τῇ
1289 868 1578 940 εὐλαϐείας
1617 871 1711 925 καὶ⁵
1742 872 1860 936 πῶς

169 956 272 1009 οὐκ
314 954 557 1023 ἐσχάτης
611 951 774 1005 τοῦτο
823 952 1239 1025 παραπληξίας;
1268 956 1393 1009 Ὅτι
1446 958 1557 1027 γὰρ
1602 959 1857 1012 τοσοῦτον

177 1039 553 1109 ἀπαιτούμεθα
590 1040 752 1110 μόνον
787 1040 1008 1105 ειδέναι,
1035 1042 1117 1094 ὅτι
1150 1042 1265 1095 ἐστι
1299 1043 1452 1107 Θεὸς,
1485 1045 1607 1117 οὐχὶ
1638 1063 1858 1120 περιερ-

178 1130 434 1199 γάζεσθαι
457 1130 625 1183 αὐτοῦ
657 1128 756 1200 τὴν
782 1129 994 1194 οὐσίαν,
1017 1130 1251 1185 ἄκουσον
1287 1134 1340 1185 τί
1372 1151 1537 1204 φησιν
1563 1135 1591 1186 6
1613 1136 1822 1199 Παῦλος
1839 1154 1852 1168 ·

176 1218 503 1271 Πιστεῦσαι
547 1217 793 1286 γάρδεῖ
820 1218 931 1271 τὸν
967 1221 1454 1288 προσερχόμενον
1491 1220 1571 1287 τῷ
1604 1222 1726 1290 Θεῷ
1768 1223 1856 1277 ὅτι

176 1306 317 1358 ἔστι.
357 1306 472 1360 Καὶ
504 1306 669 1358 πάλιν
697 1307 725 1358 6
753 1307 1038 1378 προφήτης
1067 1308 1318 1376 ἐγκαλῶν
1348 1310 1605 1365 ἀσέϐειαν
1636 1312 1759 1376 τινὶ,
1791 1314 1852 1365 οὐ

173 1392 325 1445 τοῦτο
358 1394 603 1461 ἐγκαλεῖ,
648 1394 730 1445 ὅτι
763 1394 863 1446 οὐκ
917 1389 1028 1448 οἶδε
1078 1396 1133 1448 τί
1184 1398 1331 1450 ἐστιν
1360 1399 1387 1449 ὁ
1420 1397 1575 1463 Θεὸς,
1620 1398 1734 1452 ἀλλ’
1773 1399 1853 1452 ὅτι

174 1481 265 1533 οὐκ
306 1475 473 1539 οωεν,
505 1481 588 1533 ὅτι
622 1480 738 1533 ἐστι
768 1481 920 1544 Θεός.
954 1478 1103 1537 Εἵπε
1149 1483 1277 1555 γὰρ,
1322 1485 1509 1554 φησὶν,
1550 1484 1755 1554 ἄφρων
1786 1485 1855 1537 ἐν

176 1568 383 1636 καρδίῃ
435 1568 647 1634 αὐτοῦ,
693 1571 806 1622 οὐκ
856 1570 991 1623 ἐστι
1044 1572 1211 1638 Θεός.
1247 1573 1460 1645 Ὠσπερ
1506 1569 1600 1627 οῦν
1646 1576 1853 1627 ἐκεῖνον

176 1656 337 1726 ἀσεϐῆ
380 1659 528 1708 ποιεῖ
557 1657 620 1709 οὐ
648 1656 709 1709 τὸ
748 1657 963 1725 ἀγνοεῖν
996 1658 1051 1711 τί
1082 1660 1184 1731 τήν
1226 1659 1413 1716 οὐσίαν
1447 1662 1596 1716 ἐστὶν
1632 1664 1660 1715 6
1699 1663 1851 1726 Θεὸς,

175 1741 303 1795 ἀλλά
348 1742 409 1794 τὸ
466 1743 705 1809 ἀγνοεῖν,
769 1744 851 1797 ὅτι
901 1743 1017 1798 ἔστι
1070 1745 1235 1812 Θεός·
1293 1746 1469 1811 οὕτως
1517 1750 1679 1821 ἀρκεῖ
1716 1751 1853 1821 πρὸς

175 1830 453 1883 εὐσέϐειαν
488 1831 550 1883 τὸ
580 1830 781 1885 εἰδέναι
817 1833 898 1885 ὅτι
936 1832 1083 1888 ἔστιν
1112 1834 1141 1887 6
1162 1834 1314 1899 Θεός.
1363 1836 1502 1890 Ἀλλ’
1525 1836 1707 1908 ἔχουσί
1731 1855 1853 1890 τινα

175 1916 262 1969 καὶ
299 1916 494 1987 ἕτερον
532 1917 977 1989 μεμελετημένον
1008 1919 1188 1988 λόγον.
1230 1920 1363 1974 Τίνα
1391 1921 1455 1993 δὴ
1490 1922 1714 1989 τοῦτον;
1762 1924 1851 1977 Εἴ-

173 2020 356 2072 ρηται,
385 2003 544 2073 φησὶ,
593 2004 838 2074 Πνεῦμα
880 2008 914 2059 ό
970 2007 1136 2072 Θεός.
1173 2007 1345 2061 Τοῦτο
1384 2005 1478 2062 οῦν
1528 2010 1628 2080 τῆς
1664 2010 1853 2075 οὐσίας

171 2090 341 2143 αὐτοῦ
381 2092 815 2161 παραστατικὸν,
849 2092 970 2145 εἰπέ
1015 2110 1140 2163 μοις
1186 2095 1278 2147 κα)⁵
1320 2096 1407 2159 τίς
1449 2095 1623 2150 ταῦτα
1661 2096 1851 2163 ἀνέξε-

171 2194 280 2239 ται,
317 2177 423 2230 κᾶν
460 2178 711 2231 ὁπωσοῦν
744 2179 838 2232 ἐπὶ
872 2179 1045 2251 θύρας
1066 2180 1175 2234 τῶν
1202 2180 1364 2237 θείων
1391 2183 1626 2255 Γραφῶν
1650 2184 1849 2253 ἐλθών;

173 2266 368 2319 Ἔσται
425 2266 533 2338 γάρ
591 2267 737 2321 κατά
790 2266 981 2321 τοῦτον
1024 2268 1115 2321 τὸν
1146 2268 1303 2338 λόγον
1347 2271 1442 2324 καὶ
1492 2271 1603 2344 πῦρ
1635 2274 1663 2326 6
1694 2273 1850 2338 Θεός·

167 2353 357 2424 ὥσπερ
409 2354 520 2425 γὰρ
556 2354 869 2426 γέγραπται
905 2356 988 2409 ὅτι
1024 2356 1269 2426 Πνεῦμα
1306 2361 1340 2412 ὁ
1384 2358 1550 2425 Θεὸς,
1583 2361 1724 2415 οὕτω
1760 2362 1853 2430 γέ-

168 2456 415 2510 γραπται
446 2442 529 2494 ὅτι
570 2442 636 2493 '0
685 2442 833 2508 Θεὸς
869 2441 1043 2509 ἡμῶν
1072 2443 1193 2511 πῦρ
1242 2448 1712 2512 καταναλίσκον,
1759 2450 1852 2502 καὶ

162 2528 352 2592 πάλιν,
378 2529 548 2598 Πηγὴ
587 2529 811 2597 ὕδατος
837 2529 1073 2597 ζῶντος.
1107 2532 1181 2585 Οὐ
1214 2533 1431 2604 πνεῦμα
1465 2534 1522 2587 δέ
1558 2536 1651 2589 καὶ
1700 2537 1850 2607 πηγὴ

163 2617 260 2669 καὶ
288 2617 399 2688 πῦρ
444 2617 598 2671 ἔσται
654 2619 836 2688 μόνον,
868 2619 1005 2673 ἀλλά
1049 2620 1143 2674 καὶ
1169 2620 1340 2692 ψυχὴ,
1379 2623 1475 2674 καὶ
1507 2623 1727 2694 ἄνεμος,
1759 2625 1853 2678 καὶ

162 2704 290 2767 νοῦς
330 2703 694 2775 ἀνθρώπινος,
747 2706 842 2759 καὶ
870 2705 1037 2779 ἔτερα
1070 2707 1250 2779 πολλῷ
1272 2709 1477 2764 τούτων
1504 2711 1849 2783 ἀτοπώτερα·

160 2793 225 2844 οὐ
254 2793 366 2862 γάρ
386 2792 453 2863 δὴ
471 2792 653 2847 πάντα
682 2792 955 2861 ἐπεξιέναι
986 2795 1092 2866 χρὴ
1118 2796 1196 2865 τῷ
1220 2796 1386 2867 λόγῳ,
1423 2798 1545 2852 οὐδὲ
1572 2799 1672 2870 τὴν
1704 2801 1852 2853 ἐκεί-

160 2897 271 2933 νων
297 2880 586 2951 μιμεῖσθαι
616 2883 837 2952 μανίαν.
880 2883 954 2935 Τὸ
986 2882 1093 2954 γὰρ
1124 2884 1361 2954 πνεῦμα
1379 2886 1538 2939 τοῦτο
1575 2886 1746 2942 πολλά
1760 2888 1853 2959 δη-

159 2967 266 3030 λοῖ,
301 2964 412 3021 οἷον
436 2968 535 3040 τὴν
554 2968 732 3040 ψυχήν
761 2968 861 3041 τὴν
889 2970 1193 3043 ἡμετέραν,
1225 2973 1477 3046 καθάπερ
1506 2975 1601 3029 καὶ
1639 2975 1851 3040 Παῦλός

159 3073 324 3127 φησι·
364 3055 518 3129 [688]
559 3055 869 3126 Παράδοτε
918 3057 1027 3111 τὸν
1060 3058 1337 3113 τοιοῦτον
1360 3060 1439 3127 τῷ
1459 3063 1714 3130 σατανᾷ,
1749 3065 1851 3118 ἵνα

157 3142 227 3196 τὸ
260 3142 499 3211 πνεῦμα
530 3141 718 3211 σωθῇ·
744 3143 839 3196 καὶ
871 3143 1091 3215 ἄνεμον,
1119 3144 1370 3217 καθάπερ
1388 3147 1417 3199 6
1450 3149 1735 3221 προφήτης
1761 3150 1845 3204 λέ-

160 3248 273 3300 γει·
311 3231 613 3300 Πνεύματι
652 3231 836 3296 ,ϐιαίῳ
884 3233 1241 3302 συντρίψεις
1294 3236 1539 3300 αὐτούς.
1588 3237 1851 3291 Καλεῖται

157 3318 216 3371 δὲ
250 3320 347 3372 καὶ
386 3318 447 3370 τὸ
477 3318 731 3390 χάρισμα
751 3318 815 3371 τὸ
856 3320 1230 3390 πνευματικὸν
1254 3320 1446 3387 οὕτως·
1470 3325 1624 3381 Αὐτὸ
1648 3326 1758 3395 γὰρ
1784 3326 1848 3380 τὸ

160 3406 401 3474 πνεῦμα
430 3406 849 3475 συμμαρτῑφεῖ
871 3405 950 3472 τῷ
978 3409 1277 3478 πνεύματι
1328 3410 1519 3481 ἡμῶν,
1565 3413 1720 3483 φησί·
1756 3415 1851 3467 καὶ

159 3494 347 3556 πάλιν,
368 3493 785 3563 Προσεύξομαι
809 3494 877 3547 δὲ
895 3494 975 3561 τῷ
989 3498 1303 3566 πνεύματι,
1337 3499 1745 3571 προσεύξομαι
1782 3501 1851 3554 δὲ

159 3583 257 3636 καὶ
310 3581 390 3647 τῷ
422 3583 536 3637 νοΐ.
566 3581 831 3636 Καλείται
875 3582 932 3636 δέ
961 3584 1054 3636 καὶ⁵
1080 3585 1109 3637 6
1147 3584 1318 3656 θυμὸς
1363 3585 1557 3652 οὕτως·
1604 3590 1699 3643 καὶ
1742 3590 1850 3662 γάρ

169 3671 405 3733 Ἠσαίας
429 3670 615 3741 φησίν·
652 3673 737 3725 Οὐ
768 3671 849 3724 σὺ
889 3666 1051 3741 ἦσθα
1084 3676 1118 3727 ὁ
1153 3673 1425 3743 μελετῶν
1454 3674 1534 3741 τῷ
1556 3678 1852 3747 πνεύματι

158 3775 275 3809 σου
304 3756 389 3822 τῷ
434 3755 684 3825 σκληρῷ
728 3756 973 3812 ἀνελεῖν
1013 3760 1271 3826 αὑτούς;
1311 3761 1570 3816 Καλεῖται
1609 3763 1665 3817 δέ
1698 3765 1848 3836 καὶὴ

162 3844 386 3914 βοήθεια
419 3846 451 3915 ή
483 3846 635 3916 παρὰ
666 3844 762 3898 τοῦ
819 3845 953 3899 Θεοῦ
998 3846 1238 3918 πνεῦμα·
1293 3848 1536 3917 Πνεῦμα
1581 3852 1692 3921 γὰρ
1734 3852 1847 3920 πρὸ

162 3932 493 3997 προσώπου
546 3931 716 4001 ἡμῶν
763 3934 1021 4001 Χριστὸς
1047 3935 1284 4003 Κύριος.
1315 3935 1500 3991 Ταῦτα
1534 3933 1628 3991 οῦν
1671 3939 1849 3993 πάντα

161 4020 291 4087 ἡμῖν
320 4021 350 4072 6
370 4018 505 4080 Θεὸς
531 4017 686 4070 ἔσται
726 4020 847 4072 κατ’
875 4018 1141 4084 ἐκείνους,
1179 4022 1273 4074 καὶ
1304 4022 1367 4076 ἐκ
1392 4022 1663 4077 τοσούτων
1714 4042 1849 4095 συγα⁵

164 4105 428 4158 κείσεται.
448 4102 614 4157 Ἀλλά
630 4104 737 4175 γάρ
766 4105 855 4159 ἵνα
877 4104 953 4177 μὴ
978 4105 1256 4178 ληρῶμεν,
1279 4107 1348 4161 τὰ
1373 4108 1507 4179 μηδὲ
1539 4110 1849 4180 ἀντιλογίας

162 4190 397 4262 δεόμενα
427 4192 774 4262 παράγοντες
809 4195 890 4256 εἰς
925 4193 1111 4263 μέσον,
1150 4194 1283 4265 φέρε
1323 4195 1559 4251 ἐνταῦθα
1586 4197 1678 4253 τὸν
1712 4200 1850 4271 πρὸς

164 4280 361 4343 αὐτοὺς
384 4279 789 4344 καταλύσαντες
821 4278 999 4348 λόγον,
1044 4283 1140 4335 ἐπὶ
1165 4283 1263 4355 τὴν
1295 4284 1460 4357 εὐχὴν
1503 4286 1564 4339 τὸ
1589 4289 1698 4342 πᾶν
1718 4289 1847 4361 τρέ-

162 4365 380 4437 ψωμεν,
436 4368 547 4437 ὅσῳ
598 4368 861 4437 μειζόνως
914 4369 1192 4435 ἀσεϐοῦσι,
1246 4372 1482 4443 τοσούτῳ
1517 4374 1677 4428 πλέον
1709 4376 1849 4448 ὑπὲρ

161 4452 340 4507 αὐτῶν
372 4453 821 4524 παρακαλοῦντες
850 4456 945 4508 καὶ
977 4455 1219 4525 δεόμενοι
1258 4458 1559 4530 ἀποστῆναί
1590 4478 1718 4514 ποτε
1750 4461 1848 4533 τῆς

165 4538 365 4607 μανίας
397 4540 618 4604 αὐτούς.
652 4539 823 4595 Τοῦτο
851 4540 962 4613 γὰρ
1004 4543 1308 4599 ἅποδεκτὸν
1350 4545 1581 4600 ἐνώπιον
1612 4548 1707 4602 τοῦ
1738 4550 1850 4602 Σω-

161 4624 328 4697 τῆρος
356 4626 521 4699 ήμῶν
546 4626 707 4690 Θεοῦ,
741 4629 846 4695 Ὃς
875 4629 1108 4696 πάντας
1144 4630 1498 4699 ἀνθρώπους
1528 4632 1689 4689 θέλει
1732 4648 1849 4688 σω-

164 4708 362 4782 θῆναι,
396 4715 500 4770 καὶ
526 4718 614 4782 εἰς
636 4715 967 4787 ἐπίγνωσιν
982 4717 1271 4786 ἀληθείας
1297 4718 1519 4777 ἐλθεῖν.

234 4997 307 5055 ς’.
336 4991 431 5063 Μὴ
458 4990 831 5064 διαλείπωμεν
852 4991 1033 5047 τοίνυν
1059 4992 1156 5057 τάς
1178 4992 1321 5066 ὐπέρ
1355 4991 1534 5051 αὐτῶν
1567 4998 1851 5073 ἱκετηρίας

163 5076 501 5149 ποιούμενοι.
532 5078 695 5148 Μέγα
716 5078 825 5152 γάρ
849 5080 1013 5135 ὅπλον
1037 5080 1195 5153 εὐχὴ,
1228 5079 1503 5154 θησαυρὸς
1532 5083 1847 5159 ἀνελλιπὴς,

164 5164 395 5231 πλοῦτος
428 5166 704 5238 μηδέποτε
733 5165 1147 5239 δαπανώμενος,
1183 5167 1347 5239 λιμὴν
1376 5170 1714 5242 ἀκύμαντος,
1750 5192 1850 5244 γα-

164 5249 331 5323 λήνης
360 5252 641 5320 ὑπόθεσις,
674 5254 765 5307 καὶ
789 5256 999 5328 μυρίων
1029 5255 1252 5325 ἀγαθῶν
1287 5256 1410 5329 ῥίζα
1432 5259 1525 5312 καὶ
1560 5262 1710 5335 πηγὴ
1756 5265 1851 5319 καὶ

166 5339 348 5411 μήτηρ
379 5339 536 5393 ἐστὶν
563 5341 599 5411 ή
646 5340 801 5412 εὐχὴ,
826 5341 921 5396 καὶ
944 5342 1114 5414 αὐτῆς
1160 5343 1261 5413 τῆς
1302 5343 1578 5415 βασιλείας
1612 5346 1851 5402 δυνατω-

158 5424 310 5506 τέρα.
335 5426 611 5491 Πολλάκις
644 5423 739 5482 οῦν
766 5428 931 5483 αὐτοῦ
973 5430 1069 5483 τοῦ
1093 5429 1154 5484 τὸ
1191 5430 1429 5503 διάδημα
1463 5436 1847 5506 περικειμένου

159 5501 546 5585 πυρέττοντος,
570 5516 669 5571 καὶ
688 5517 781 5571 ἐπὶ
811 5519 910 5590 τῆς
933 5518 1123 5591 κλίνης
1161 5501 1416 5591 κειμένου
1449 5501 1547 5574 καὶ*
1576 5501 1847 5595 φλεγομέ-

158 5615 265 5667 νου,
287 5606 713 5676 παρεστήκασιν
743 5607 938 5678 ἰατροὶ,
962 5606 1269 5680 δορυφόροι,
1310 5606 1660 5680 θεράποντες,
1693 5629 1852 5684 στρα-

158 5691 332 5761 τηγοὶ,
365 5693 465 5746 καὶ
500 5690 633 5746 οὔτε
686 5693 887 5766 ἰατρῶν
955 5693 1142 5766 τέχνη,
1186 5694 1313 5748 οὔτε
1347 5697 1621 5768 παρουσία
1655 5699 1844 5768 φίλων,

155 5775 253 5835 οὐκ
275 5781 509 5837 οίκετῶν
534 5780 807 5849 διακονία,
858 5783 917 5837 οὐ
954 5782 1263 5855 φαρμάκων
1290 5783 1557 5855 δαψίλεια,
1588 5788 1648 5840 οὐ
1682 5788 1846 5843 πολυ-

3542 318 3648 376 7η

1972 433 2155 486 τέλεια
2198 433 2577 505 παρασκευῆς,
2610 432 2670 485 οὐ
2698 431 3344 505 χρημάτωνπεριουσία,
3381 435 3479 487 οὐκ
3519 432 3650 488 ἄλλο

1970 519 2121 575 οὐδὲν
2141 521 2252 575 τῶν
2283 521 2638 591 ἀνθρωπίνων
2670 518 2842 589 ἰσχύει
2867 521 3368 590 παραμυθήσασθαι
3400 520 3498 592 τὴν
3525 522 3648 575 ἐπι-

1971 608 2231 679 κειμένην
2261 608 2592 679 ἀρῤωστίαν·
2628 607 2694 662 ἂν
2732 606 2792 661 δέ
2848 624 2932 670 τις
2979 608 3291 680 παρρησίαν
3332 607 3470 679 ἔχων
3510 607 3655 678 πρὸς

1969 694 2058 748 τὸν
2087 695 2220 750 Θεὸν
2249 695 2485 767 εἰσέλθῃ,
2510 695 2606 748 καὶ
2642 691 2739 748 τοῦ
2787 694 3038 765 σώματος
3076 696 3279 767 ἅψηται
3327 696 3506 767 μόνον,
3553 697 3648 750 καὶ

1924 794 1927 795 ⁷
1968 783 2219 853 καθαράν
2256 782 2395 854 ὑπὲρ
2421 782 2584 836 αὐτοῦ
2610 783 2813 855 ποιήσῃ
2844 781 2942 853 τὴν
2971 783 3157 854 εὐχὴν,
3183 784 3399 838 άπασαν
3431 783 3528 854 τὴν
3545 785 3648 857 ἀρ-

1969 866 2208 940 ρωστίαν
2253 870 2604 939 ἐφυγάδευσε·
2646 870 2742 923 καὶ
2766 873 2904 941 ὅπερ
2946 872 3047 924 οὐκ
3082 872 3301 942 ἴσχυσεν
3340 872 3370 925 6
3396 871 3644 937 πλοῦτος,

1967 956 2059 1011 καὶ
2086 957 2197 1011 τῶν
2233 958 2663 1027 διακονουμένων
2701 958 2761 1012 τὸ
2784 957 3010 1029 πλῆθος,
3045 959 3190 1030 καὶὴ
3218 959 3317 1030 τῆς
3354 959 3650 1029 ἐμπειρίας

1964 1047 2272 1118 ἐπιστήμη,
2309 1047 2404 1100 καὶ
2446 1046 2474 1098 6
2514 1047 2612 1116 τῆς
2675 1045 2951 1116 βασιλείας
3002 1046 3185 1114 ὄγκος,
3239 1046 3396 1099 τοῦτο
3428 1047 3647 1116 ἴσχυσεν

1965 1134 2084 1197 ἐνὸς
2116 1134 2348 1205 πένητος
2382 1134 2645 1197 πολλάκις
2682 1134 2776 1187 καὶ
2829 1134 3204 1204 πτωχεύοντος
3264 1135 3419 1206 εὐχή.
3464 1135 3647 1206 Εὐχὴν

1963 1221 2019 1274 δὲ
2047 1221 2210 1291 λέγω,
2252 1224 2313 1277 οὐ
2351 1226 2450 1294 τὴν
2476 1222 2637 1295 ψιλὴν
2689 1222 2893 1294 ταύτην
2921 1222 3016 1275 καὶ
3049 1221 3322 1293 ῥᾳθυμίας
3344 1221 3644 1292 γέμουσαν,

1963 1310 2100 1364 ἀλλά
2124 1311 2223 1382 τὴν
2254 1313 2371 1383 μετ’
2424 1312 2700 1376 ἐκτενείας
2747 1311 3060 1382 γινομένην,
3117 1310 3253 1380 μετά
3305 1309 3646 1380 ὁδυνωμένης

1961 1397 2159 1470 ψυχῆς,
2191 1401 2331 1470 μετὰ
2382 1400 2789 1470 συντεταμένης
2818 1398 3058 1462 διανοίας
3088 1398 3129 1452 ⁸.
3168 1395 3317 1468 Λῦτη
3360 1397 3472 1466 γάρ
3499 1398 3646 1450 ἐστιν

1964 1487 1996 1557 ἡ
2021 1488 2158 1558 πρὸς
2179 1488 2269 1541 τὸν
2298 1488 2525 1559 οὐρανὸν
2547 1487 2937 1550 ἀναϐαίνουσα,
2971 1486 3066 1539 καὶ
3084 1485 3337 1556 καθάπερ
3366 1484 3433 1538 τὰ
3455 1484 3644 1550 ῦὸατα,

1962 1573 2067 1638 ἕως
2095 1574 2194 1645 μὲν
2218 1574 2284 1628 ἂν
2313 1575 2405 1628 ἐπὶ
2431 1574 2682 1629 ἰσοπέδου
2720 1574 2956 1646 φέρηται
2997 1572 3273 1645 [χωρίου],
3312 1573 3406 1626 καὶ
3444 1571 3642 1643 πολλῆς

1962 1662 2209 1734 ἀπολαύῃ
2256 1663 2358 1734 τῆς
2406 1663 2768 1735 εὐρυχωρίας,
2807 1662 2906 1715 οὐκ
2955 1661 3238 1715 ἀνίσταται
3284 1662 3423 1732 πρὸς
3477 1658 3633 1729 ῦψος·

1959 1750 2179 1803 ἐπειδάν
2218 1751 2275 1803 δὲ
2310 1751 2449 1803 αὐτά
2483 1754 2666 1822 χεῖρες
2700 1749 2979 1820 ὀχετηγῶν
3013 1748 3258 1803 κάτωθεν
3290 1747 3647 1819 περισφίγξα-

1963 1852 2053 1891 σαι
2097 1835 2328 1906 θλίψωσι
2362 1835 2864 1908 στενοχωρούμενα,
2919 1835 3110 1905 βέλους
3146 1834 3349 1898 παντὸς
3389 1833 3645 1906 ὀξύτερον

1961 1924 2102 1995 πρὸς
2125 1924 2186 1977 τὸ
2239 1923 2373 1993 ῦψος
2399 1921 2825 1988 ἐξακοντίζεται·
2865 1921 3008 1976 οὕτω
3035 1922 3098 1993 δὴ
3131 1924 3227 1975 καὶ
3266 1923 3299 1992 ή
3328 1921 3644 1992 ἀνθρωπίνη

1959 2010 2187 2071 διάνοια,
2219 2010 2324 2073 ἐως
2372 2012 2472 2080 μὲν
2498 2010 2563 2064 ἂν
2596 2009 2784 2073 ἀδείας
2824 2008 3077 2079 ἀπολαύῃ
3117 2008 3341 2079 πολλῆς,
3379 2008 3646 2078 διαχεῖται

1959 2095 2056 2148 καὶ
2076 2094 2308 2165 διαρρεῖ·
2330 2093 2553 2147 ἐπειδὰν
2579 2094 2635 2147 δὲ
2680 2094 3021 2164 πραγμάτων
3048 2093 3371 2164 περίστασις
3401 2091 3645 2146 κάτωθεν

1960 2181 2128 2252 αὐτὴν
2154 2182 2559 2252 στενοχωρήσῃ,
2595 2180 2997 2251 ἀποθλιϐομένη
3027 2180 3230 2245 καλῶς,
3260 2180 3507 2252 καθαράς
3550 2180 3646 2233 καὶ

1959 2270 2209 2333 εὐτόνους
2260 2268 2397 2340 πρὸς
2433 2268 2496 2321 τὸ
2552 2268 2683 2337 ῦψος
2710 2269 3027 2339 ἀναπέμπει
3067 2268 3163 2331 τὰς
3194 2268 3380 2338 εὐχάς.
3414 2268 3522 2321 Καὶ
3556 2268 3646 2321 ἴνα

1963 2357 2140 2430 μάθῃς
2164 2357 2245 2409 ὅτι
2271 2356 2505 2425 μάλιστα
2532 2357 2738 2409 ἐκεῖναι
2763 2354 3135 2409 ὲπακούεσθαι
3168 2356 3196 2395 ιι
3220 2355 3456 2409 δύναιντ’
3486 2355 3552 2408 ἂν
3586 2356 3646 2409 αἰ

1963 2445 2103 2515 μετά
2132 2443 2363 2513 θλίψεως
2385 2443 2686 2514 γινόμεναι,
2724 2443 2955 2498 ἄκουσον
2989 2442 3042 2496 τί
3073 2460 3239 2514 φησιν
3274 2445 3302 2496 6
3336 2444 3643 2515 προφήτης·

1959 2533 2117 2601 Πρὸς
2140 2534 2357 2599 Κύριον
2374 2531 2445 2584 ἐν
2480 2529 2559 2596 τῷ
2591 2531 2905 2586 θλίϐεσθαι
2946 2548 3024 2601 με
3056 2530 3373 2599 ἐκέκραξα,
3398 2529 3495 2585 καὶ
3523 2532 3647 2584 εἱσ-

1958 2610 2193 2685 ήκουσέ
2227 2637 2369 2688 μου.
2402 2618 2870 2691 Διαθερμάνωμεν
2900 2618 3079 2673 τοίνυν
3108 2617 3169 2671 τὸ
3195 2617 3454 2684 συνειδὸς,
3493 2616 3643 2689 [4891

1961 2708 2239 2779 θλίψωμεν
2267 2708 2365 2779 τὴν
2398 2707 2574 2778 ψυχὴν
2597 2710 2663 2778 τῇ
2700 2708 2889 2779 μνήμῃ
2919 2706 3030 2760 τῶν
3068 2707 3504 2777 ἁμαρτημάτων,
3527 2703 3645 2757 θλί-

1958 2796 2173 2867 ψωμεν,
2220 2797 2318 2866 οὐχ
2342 2796 2429 2848 ἵνα
2465 2796 2995 2866 στενοχωρήσωμεν,
3032 2793 3149 2848 ἀλλ’
3182 2794 3271 2847 ἵνα
3306 2792 3646 2864 ἀκουσθῆναι

1960 2884 2493 2956 παρασκευάσωμεν,
2527 2881 2613 2936 ἵνα
2665 2883 2856 2952 νήφειν
2913 2882 3231 2952 ποιήσωμεν
3279 2882 3374 2933 καὶ
3414 2883 3646 2952 ἐγρηγο-

1962 2972 2134 3043 ρέναι,
2189 2973 2284 3024 καὶ
2317 2969 2495 3023 αὐτῶν
2532 2969 2799 3022 ἅπτεσθαι
2829 2968 2939 3022 τῶν
2983 2968 3249 3040 οὐρανῶν.
3302 2967 3468 3022 υύδέν
3502 2965 3645 3020 οῦτω

1959 3057 2255 3129 φυγαδεύει
2283 3057 2556 3128 ρᾳθυμίαν
2600 3055 2697 3108 καὶ
2735 3054 3049 3125 ὀλιγωρίαν,
3085 3055 3162 3118 ὡς
3199 3054 3363 3126 ὀδύνη
3400 3054 3494 3108 καὶ
3528 3054 3645 3106 θλῖ-
3682 3056 3689 3067 “

1959 3147 2051 3218 ψις
2085 3145 2421 3216 πανταχόθεν
2452 3142 2763 3212 συνάγουσα
2800 3143 2898 3213 τὴν
2929 3142 3192 3207 διάνοιαν,
3222 3142 3317 3195 καὶ
3346 3141 3483 3213 πρὸς
3512 3142 3644 3194 ἑαυ-

1956 3236 2057 3305 τὴν
2088 3233 2516 3304 ἐπιστρέφουσα,
2565 3230 2624 3284 ὐ
2656 3229 2973 3301 θλιϐόμενος
3023 3229 3166 3283 οὕτω
3210 3228 3307 3282 καὶ¹
3348 3229 3646 3299 εὐχόμενος

1960 3321 2160 3392 πολλὴν
2195 3320 2332 3391 μετά
2383 3318 2481 3389 τὴν
2515 3318 2681 3389 εὐχὴν
2708 3318 2790 3380 είς
2825 3316 2926 3388 τὴν
2957 3315 3136 3386 ψυχὴν
3175 3315 3273 3385 τὴν
3302 3314 3499 3367 ἐαυτοῦ
3544 3313 3644 3385 τὴν

1960 3409 2152 3481 ἡδονὴν
2185 3407 2475 3460 εἱσοικίσαι
2508 3406 2822 3477 δυνήσεται.
2867 3404 2978 3459 Καὶ
3003 3403 3255 3475 καθάπερ
3294 3402 3473 3471 νεφῶν
3517 3418 3644 3455 συν-

1956 3498 2131 3568 δρομὴ
2164 3496 2317 3567 παρά
2370 3496 2467 3566 μέν
2498 3494 2598 3565 τὴν
2648 3494 2823 3567 ἀρχὴν
2871 3494 3100 3565 ζοφερὸν
3160 3496 3306 3545 ποιεῖ
3353 3491 3445 3546 τὸν
3483 3492 3641 3561 ἀέρα·

1959 3586 2179 3639 ἐπειδάν
2209 3586 2267 3639 δὲ
2296 3584 2638 3656 ἐπαλλήλους
2690 3585 2877 3655 ἐπαφῇ
2908 3583 3006 3645 τάς
3051 3581 3296 3650 νιφάδας,
3327 3580 3644 3651 ἀποθεμένη

1958 3673 2048 3725 τὸν
2078 3671 2232 3724 ὑετὸν
2272 3671 2507 3738 ἅπαντα,
2534 3669 2771 3740 γαληνὸν
2810 3669 2902 3723 καὶ
2945 3669 3170 3740 φαιδρὸν
3213 3668 3511 3740 ἐργάζεται
3553 3668 3659 3720 τὸν

1959 3762 2097 3831 ἀέρα
2133 3772 2183 3827 ο,
2213 3758 2356 3814 οῦτω
2384 3759 2449 3829 δὴ
2489 3759 2585 3814 καί⁸
2628 3757 2837 3828 ἀθυμία
2865 3757 2970 3822 ἕως
3012 3757 3109 3828 μὲν
3145 3756 3212 3811 ἂν
3243 3757 3391 3811 ἐνδον
3419 3755 3647 3827 συστρέ-

1960 3866 2150 3919 φηται,
2193 3850 2375 3901 σκοτοῖ
2403 3848 2495 3900 τὸν
2545 3847 2811 3918 ἡμέτερον
2866 3846 3151 3915 λογισμόν·
3190 3844 3410 3901 ἐπειδὰν
3467 3845 3524 3898 δὲ
3558 3844 3645 3897 διὰ

1956 3936 2067 3991 τῶν
2089 3937 2187 4006 τῆς
2216 3935 2380 4004 εὐχῆς
2418 3935 2681 4007 ῥημάτων
2713 3934 2809 3988 καὶ
2839 3933 2947 3986 τῶν
2980 3934 3098 4003 μετ’
3124 3932 3350 3986 ἐκείνων
3389 3929 3641 4001 δακρύων

1957 4024 2189 4095 κενωθῇ,
2223 4024 2320 4077 καὶ
2343 4023 2423 4085 εἰς
2452 4022 2511 4074 τὸ
2544 4021 2649 4088 ἔξω
2699 4020 3021 4090 διαπνεύσῃ,
3054 4018 3257 4090 πολλὴν
3303 4013 3543 4090 ἐντίθησι
3572 4019 3643 4089 τῇ

1956 4111 2101 4183 ψυχῇ
2131 4110 2231 4182 τὴν
2288 4108 2643 4180 φαιδρότητα,
2683 4106 2786 4176 τῆς
2836 4107 3175 4179 ἀντιλήψεως
3217 4105 3310 4160 τοῦ
3343 4105 3478 4158 Θεοῦ
3509 4105 3643 4158 καθ-

1958 4200 2103 4270 άπερ
2126 4198 2271 4263 τινὸς
2292 4198 2509 4260 ἀκτῖνος
2536 4197 2615 4260 εἰς
2647 4195 2747 4265 τὴν
2762 4194 2999 4248 διάνοιαν
3020 4192 3321 4263 ἀφεθείσης
3352 4191 3445 4244 τοῦ
3486 4193 3649 4263 εὐχο-

1960 4289 2146 4361 μένου.
2201 4285 2362 4339 Ἀλλά
2403 4285 2488 4347 τίς
2519 4286 2548 4338 6
2583 4282 2789 4355 ψυχρὸς
2828 4282 2936 4336 τῶν
2966 4280 3178 4335 πολλῶν
3210 4282 3401 4349 λόγος;
3438 4281 3643 4353 Ἀπαρ-

1957 4373 2253 4448 ρησίαστός
2280 4375 2417 4442 εἰμι,
2449 4371 2636 4443 φησιν,
2670 4369 2935 4441 αἰσχύνης
2967 4368 3145 4440 γέμω,
3193 4367 3315 4421 οὐδέ
3345 4366 3552 4431 ἀνοῖξαι
3581 4366 3642 4420 τὸ
3751 4377 3762 4389 ⁸

1958 4462 2136 4533 στόμα
2180 4459 2434 4530 δύναμαι.
2468 4458 2740 4530 Σατανικὴ
2778 4454 2917 4526 αῦτη
2963 4457 2997 4527 ή
3046 4454 3329 4522 εὐλάϐεια,
3370 4454 3641 4527 ῥᾳθυμίας

1955 4550 2132 4604 ταῦτα
2184 4546 2656 4617 προκαλύμματα·
2697 4544 3022 4598 ἀποκλεῖσαι
3048 4544 3157 4614 γάρ
3195 4560 3277 4597 σοι
3324 4543 3425 4607 τὰς
3471 4541 3640 4615 θύρας

1954 4642 2054 4710 τῆς
2084 4637 2220 4709 πρὸς
2247 4636 2339 4689 τὸν
2370 4634 2503 4689 Θεὸν
2536 4633 2799 4705 προσόδου
2832 4631 3078 4704 βούλεται
3105 4632 3135 4684 6
3161 4630 3426 4695 διάϐολος.
3445 4631 3644 4703 ’Λπαρη

1960 4726 2253 4799 ρησίαστος
2289 4718 2379 4789 εἷς
2409 4723 2637 4794 Μεγάλη
2669 4720 2974 4795 παρρησία,
3006 4719 3150 4791 μέγα
3173 4718 3334 4772 τοῦτο
3364 4718 3496 4773 αὐτὸ
3517 4717 3643 4786 ὕφε.

1956 4813 2045 4879 λος
2066 4815 2127 4868 τὸ
2154 4812 2396 4885 νομίζειν
2419 4811 2867 4883 ἀπαρρησίαστον
2897 4805 3057 4875 εἰναι,
3083 4807 3274 4878 ὥσπερ
3293 4802 3387 4860 οῦν
3412 4806 3639 4878 αἰσχύνη

1956 4903 2052 4959 καὶ
2081 4904 2405 4972 κατάκρισις
2429 4901 2629 4971 ἐσχάτη
2653 4900 2713 4953 τὸ
2741 4898 2983 4968 νομίζειν
2999 4894 3313 4968 παρρησίαν
3338 4894 3504 4966 ἔχειν.
3522 4894 3659 4951 Κᾶν.

1956 4992 2064 5064 γὰρ
2094 4988 2266 5043 πολλὰ
2312 4988 2442 5061 ἔχῃς
2486 4985 2906 5059 κατορθώματα,
2937 4984 3031 5038 καὶ
3066 4983 3231 5056 μηδὲν
3267 4983 3443 5054 ἐαυτῷ
3468 4981 3645 5037 σύνοι-

1956 5082 2053 5144 δας
2083 5078 2339 5150 πονηρὸν,
2376 5075 2603 5147 νομίζῃς
2628 5074 2685 5128 δὲ
2710 5072 3018 5146 παρρησίαν
3048 5071 3212 5142 ἔχειν,
3239 5069 3420 5142 πάσης
3450 5069 3639 5137 ἐξέπε-

1959 5183 2051 5231 σες
2074 5169 2175 5239 τῆς
2200 5164 2398 5236 εὐχῆς·
2440 5164 2546 5218 κᾶν
2590 5163 2761 5235 μυρία
2798 5162 2971 5232 φέρῃς
3002 5158 3416 5231 ἁμαρτημάτων
3449 5157 3643 5230 φορτία

1956 5255 2053 5309 ἐπὶ
2087 5252 2181 5308 τοῦ
2212 5252 2528 5315 συνειδότος,
2567 5250 2661 5304 καὶ
2694 5250 2854 5320 μόνον
2892 5246 3049 5302 τοῦτο
3082 5246 3278 5319 πείσῃς
3313 5245 3528 5310 σαυτὸν,
3558 5245 3642 5301 ὅτι

1958 5343 2176 5397 πάντων
2208 5341 2431 5412 ἔσχατος
2469 5334 2536 5405 εἴ,
2568 5336 2766 5407 πολλὴν
2800 5334 2943 5401 ἕξεις
2974 5332 3114 5406 πρὸς
3138 5333 3230 5387 τὸν
3264 5332 3397 5388 Θεὸν
3425 5334 3638 5405 7:099:1-

2021 5617 2048 5646 ⁸
2073 5615 2246 5682 more].
2262 5617 2314 5663 et
2333 5611 2530 5676 quidam
2550 5626 2667 5664 mss.
2693 5613 2813 5682 μετά
2831 5610 3223 5682 συντετριμμξκττς
3240 5610 3466 5682 διανοίας.
3483 5612 3632 5668 Ξαγῆ

1957 5687 2068 5725 cum
2092 5672 2483 5738 plerisque-mss.
2503 5676 2864 5738 συντεταμένης,
2887 5672 3069 5722 melius
3094 5679 3147 5721 ut
3173 5673 3384 5723 videtur.

2019 5737 2537 5807 δᾼέῗὲἔιπακρὶδεσθσξι.
2622 5799 2635 5807 .
2713 5737 2776 5807 ⁷.
2918 5796 2933 5807 .
3010 5794 3054 5807 .-
3215 5793 3226 5805 .
3319 5795 3331 5807 .

2022 5803 2045 5831 ⁸
2070 5801 2170 5850 Alii
2188 5802 2297 5862 ἀφῇ
2330 5799 2434 5848 Mox
2457 5796 2538 5848 alii
2560 5795 2887 5861 γα>ηνιοῖον...
2913 5794 3155 5858 ἐργάζεται
3181 5794 3260 5841 τὸν
3280 5795 3443 5845 τόπον,
