4062 6166
377 301 476 355 747

371 414 574 467 diarum
603 415 679 484 (2.
712 413 828 469 Cor.
861 416 909 468 Ι.
939 414 994 485 5)
1022 431 1034 465 :
1067 414 1314 484 quoniam
1343 414 1444 468 hoc
1468 414 1584 482 ejus
1611 412 1844 468 officium
1872 423 1956 470 est

374 515 706 573 perpetuum,
737 515 794 560 ut
815 505 1057 560 dolentes
1082 515 1136 560 et
1161 504 1387 559 afﬂictos
1415 504 1720 560 consoletur
1745 514 1799 560 et
1826 505 1952 560 hor-

371 607 528 659 tetur,
557 599 762 652 etiamsi
793 598 1084 654 innumeris
1112 599 1219 652 sint
1245 598 1476 666 peccatis
1500 599 1694 653 onusti.
1727 598 1952 654 Tantum

371 703 471 742 nos
507 689 602 756 ipsi
642 683 932 754 dedamus,
968 697 1166 742 tantum
1205 701 1545 743 accurramus
1571 687 1636 743 ad
1670 704 1822 755 eum,
1854 705 1953 746 nec

369 781 720 846 desistamus,
761 789 918 850 atque
964 781 1328 850 experimento
1369 780 1630 836 dictorum
1673 783 1951 838 veritatem

370 873 670 927 ediscemus
691 913 706 938 ,
739 873 986 942 nullaque
1014 888 1101 927 res
1129 887 1224 928 nos
1258 872 1441 927 dolore
1474 871 1688 927 afficere
1727 873 1947 941 poterit,

365 965 404 1018 si
440 965 650 1020 assidua
670 974 725 1020 et
742 974 985 1020 accurata
1006 965 1244 1020 oratione
1265 975 1493 1020 utamur.
1521 965 1784 1034 Quidquid
1807 966 1947 1022 enim

367 1058 591 1124 accidat,
624 1073 719 1127 per
747 1058 892 1112 illam
923 1057 1075 1112 facile
1103 1058 1375 1128 depellere
1406 1057 1715 1126 poterimus.
1749 1058 1948 1128 Ecquid

368 1150 560 1202 mirum
597 1150 640 1202 si
679 1150 935 1204 humanas
973 1165 1237 1205 aerumnas
1279 1151 1449 1205 oratio
1490 1150 1698 1204 solvere
1742 1151 1944 1220 possit,

368 1241 578 1309 quando
607 1250 944 1312 peccatorum
980 1251 1222 1297 naturam
1265 1243 1336 1295 ita
1379 1240 1536 1297 facile
1576 1240 1860 1307 exstinguit
1892 1249 1948 1296 et

1087 302 1144 357 S.
1186 301 1465 357 JOANNIS
1501 300 1985 357 CHRYSOSTOMI
2013 300 2329 358 ABCHIEP.
2368 301 2905 360 CONSTANTINOP.

3538 308 3640 366 768

2062 414 2239 468 delet?
2263 413 2330 470 Ut
2353 413 2512 484 igitur
2539 426 2856 485 praesentem
2885 416 3043 470 vitam
3065 431 3184 472 eum
3206 417 3453 474 facilitate
3473 429 3641 476 trans-

2059 506 2263 582 igamus
2283 545 2299 572 ,
2351 515 2405 560 et
2431 515 2643 575 peccata
2663 549 2678 570 ,
2703 523 2821 578 quae
2847 509 3213 564 contraximus
3231 551 3247 576 ,
3275 509 3602 578 deponamus
3620 553 3638 578 ,

2057 611 2283 666 cumque
2304 595 2491 652 ﬁducia
2514 607 2714 653 stemus
2735 607 2858 653 ante
2879 599 3108 654 tribunal
3127 598 3344 666 Christi,
3367 599 3468 655 hoc
3487 602 3641 656 nobis

2055 700 2313 760 perpetuo
2350 691 2792 747 medicamentum
2835 707 3080 761 paremus
3119 693 3398 764 lacrymis,
3430 693 3635 752 studio,

2055 782 2396 847 assiduitate,
2447 784 2696 852 patientia
2743 784 2868 838 illud
2907 785 3250 850 condientes;
3294 785 3364 839 ita
3405 784 3545 840 enim
3584 795 3640 838 et

2055 874 2274 942 perenni
2307 873 2544 930 fruemur
2573 875 2874 930 valetudine
2896 917 2910 940 ,
2947 885 3002 931 et
3041 875 3216 930 futura
3247 891 3642 945 consequemur

2053 966 2212 1031 bona,
2238 982 2355 1034 qua:
2382 981 2479 1022 nos
2506 981 2692 1023 omnes
2716 967 2933 1037 adipisci
2959 971 3249 1039 contingat,
3275 969 3441 1040 gratia
3464 978 3517 1023 et
3541 968 3638 1022 hu.

2054 1060 2308 1115 manitate
2347 1061 2557 1114 Domini
2597 1061 2761 1116 nostri
2799 1060 2924 1116 Jesu
2949 1061 3179 1127 Christi,
3207 1077 3329 1116 cum
3360 1077 3463 1131 quo
3496 1060 3637 1114 Patri

2053 1151 2219 1221 gloria
2245 1150 2508 1219 simulque
2535 1159 2717 1206 sancto
2742 1149 2983 1221 Spiritui,
3016 1167 3156 1208 nunc
3183 1161 3238 1207 et
3266 1166 3478 1221 semper
3502 1159 3558 1205 et
3585 1150 3637 1204 in

2055 1242 2250 1297 saecula
2278 1243 2616 1298 saeculorum.
2645 1244 2838 1299 Amen.

424 1911 3455 1944 Μ

1413 2257 1489 2316 ΙΝ
1533 2256 1731 2317 TRES
1766 2253 2220 2331 SEQUENTES
2247 2255 2637 2317 HOMILIAS

486 2815 585 2871 Hic
615 2814 971 2870 vetustiorum
997 2813 1240 2868 ordinem
1267 2811 1764 2882 manuscriptorum
1794 2809 1978 2879 sequi-

415 2947 560 2994 mur,
593 2945 753 3000 quem
795 2937 1015 2983 seeutus
1047 2926 1174 2982 item
1207 2935 1290 2982 est
1318 2942 1372 2980 v.
1401 2926 1473 2980 cl.
1503 2925 1708 2980 Fronto
1725 2924 1977 2979 Ducazus.

415 3040 533 3094 Non
596 3039 752 3109 pauci
797 3038 998 3108 quippe
1062 3037 1299 3101 codices,
1359 3045 1487 3104 post
1519 3034 1764 3105 quinque
1795 3041 1982 3087 contra

417 3154 693 3208 Anomazoa
732 3149 1010 3215 homilias,
1042 3156 1250 3204 sextam
1288 3146 1592 3218 adjungunt
1634 3145 1713 3199 De
1752 3144 1814 3200 S.
1851 3143 1982 3198 Phi-

417 3265 648 3334 logonio.
681 3261 965 3332 septimam
1008 3258 1083 3313 De
1115 3257 1584 3325 consubstantiali,
1628 3265 1874 3314 octavam
1905 3255 1984 3311 De

412 3375 662 3442 petitione
703 3373 937 3442 ﬁliorum
975 3370 1213 3426 Zebedwi
1238 3385 1258 3424 :
1317 3384 1550 3439 quarum
1596 3367 1718 3423 duae
1763 3367 1982 3436 quidem

415 3497 708 3556 postremae
754 3502 865 3542 non
909 3496 1151 3554 tempore
1193 3495 1428 3549 tantum,
1473 3484 1569 3541 sed
1617 3485 1779 3539 etiam
1823 3497 1987 3554 argu-

418 3611 604 3657 mento
632 3617 757 3657 cum
810 3602 1053 3671 quinque
1082 3601 1360 3670 prioribus
1405 3599 1776 3662 conveniunt;
1835 3607 1986 3653 sexta

416 3729 569 3778 vero,
629 3713 732 3768 etsi
782 3721 906 3782 post
939 3712 1228 3783 quintam,
1278 3711 1425 3765 nulla
1481 3709 1802 3779 interposita
1858 3708 1986 3774 alia,

421 3826 605 3878 habita
636 3825 818 3890 fuerit,
849 3833 1172 3894 argumento
1203 3824 1487 3894 peregrina
1524 3838 1750 3894 prorsus
1783 3825 1988 3879 videre-

421 3945 537 4002 tur,
574 3935 680 3989 nisi
712 3935 867 3989 initio
898 3935 1102 3990 diceret
1143 3932 1590 4003 Chrysostomus,
1647 3946 1705 3986 se
1749 3946 1779 3984 a
1831 3929 1989 3984 solita

424 4045 802 4115 destinataque
868 4053 1056 4100 contra
1114 4043 1412 4098 Anomteos
1475 4039 1880 4095 concertatione
1929 4035 1988 4090 S.

427 4157 730 4228 Philogonii
762 4157 848 4212 die
873 4156 1012 4213 festo
1045 4155 1398 4227 interpellari.
1436 4152 1563 4209 Ideo
1596 4168 1718 4207 mos
1757 4151 1995 4206 obtinuit

423 4281 484 4324 ut
507 4271 558 4324 in
598 4271 822 4326 vetustis
858 4271 1136 4326 codicibus
1167 4268 1420 4325 eumdem
1472 4267 1719 4321 ordinem
1761 4272 1991 4328 teneret,

446 4506 578 4519 ,_.-
589 4506 601 4511 ς
610 4508 616 4513 .
625 4505 798 4513 .__....._-
807 4502 1152 4510 ——.—-——._—.———
1163 4505 1176 4510 -
1191 4505 1432 4512 ._._....___.—.
1453 4503 2150 4512 ..___...__———.--———-——————~
2161 4507 2176 4511 -
2190 4508 2194 4511 .
2207 4508 2290 4513 .___-
2299 4508 2368 4512 ﬂ---

2085 2825 2244 2878 quem
2275 2806 2680 2869 interturbare,
2737 2804 3031 2860 Frontonis
3096 2801 3276 2857 Daemi
3343 2799 3648 2870 exemplum

2085 2920 2276 2984 secuti,
2305 2919 2604 2974 noluimus.

2153 3031 2279 3088 Hrec
2298 3046 2463 3102 porro
2490 3033 2544 3084 in
2575 3029 2634 3085 S.
2667 3024 3044 3098 Philogonium
3074 3024 3300 3081 homilia
3358 3023 3540 3079 habita
3568 3029 3656 3078 est

2088 3159 2235 3201 anno
2285 3143 2410 3208 386,
2469 3141 2728 3198 vicesima
2781 3140 3125 3206 Decembris,
3178 3139 3422 3209 quinque
3453 3137 3655 3192 diebus

2089 3271 2216 3318 ante
2235 3254 2476 3316 Natalem
2503 3258 2727 3324 Christi,
2771 3265 2831 3312 ut
2859 3257 3061 3312 dicitur
3101 3270 3254 3310 num.
3299 3256 3354 3309 4.
3384 3253 3519 3308 Nam
3559 3251 3656 3307 illo

2090 3389 2334 3445 tempore
2357 3374 2473 3444 jam
2505 3370 2711 3426 Natalis
2762 3370 2965 3426 Christi
3019 3370 3155 3435 dies,
3194 3366 3651 3438 quemadmodum

2092 3488 2364 3557 hodieque
2419 3487 2472 3540 in
2530 3483 2844 3546 Occidente,
2885 3482 2957 3536 25
2980 3479 3294 3537 Decembris
3351 3477 3655 3534 Antiochia

2094 3594 2490 3657 celebrabatur,
2521 3593 2683 3664 idque
2711 3609 2741 3647 a
2778 3593 2967 3663 paucis
3011 3592 3192 3654 annis,
3222 3599 3284 3644 ut
3332 3590 3388 3643 in
3455 3587 3662 3643 Monito

2095 3704 2162 3760 ad
2185 3704 2464 3759 homiliam
2495 3703 2549 3758 in
2579 3702 2831 3757 eumdem
2866 3702 3111 3757 Natalem
3139 3701 3514 3757 enarrabitur:
3535 3715 3663 3768 qua:

2095 3814 2312 3882 quidem
2356 3812 2581 3867 homilia
2613 3812 2754 3866 inter
2791 3810 3142 3880 panegyricos
3198 3823 3481 3864 sermones
3518 3806 3660 3861 infra

2096 3927 2328 3981 locatur.
2387 3923 2572 3979 Sancti
2612 3937 2740 3977 vero
2768 3921 3076 3992 Philogonii
3109 3921 3496 3992 panegyricum
3550 3934 3661 3972 non

2098 4039 2332 4102 absolvit
2391 4037 2851 4106 Chrysostomus;
2927 4033 3021 4089 sed
3095 4032 3336 4088 maxima
3400 4028 3661 4100 praeconii

2096 4160 2248 4221 parte
2279 4148 2540 4204 Flaviano
2567 4147 2845 4218 episeOpo,
2874 4147 3064 4204 eadem
3103 4146 3189 4200 die
3233 4142 3651 4203 concionaturo,

2092 4266 2315 4334 relicta,
2355 4265 2411 4320 in
2447 4262 2712 4319 orationis
2756 4260 2936 4316 medio
2973 4273 3196 4315 cursum
3241 4255 3548 4324 intercipit,
3595 4259 3659 4306 ut

417 4653 480 4694 IN
527 4653 782 4696 BEATUM
825 4653 1286 4708 PHILOGONIUM,
1332 4653 1440 4706 QUI
1483 4653 1634 4696 FUIT
1677 4654 1761 4694 EX
1805 4652 2095 4696 PATBONO
2139 4651 2475 4694 CAUSARUM
2519 4651 2756 4694 FACTUS
2801 4651 3156 4706 EPISCOPUS,
3187 4652 3267 4692 ET
3296 4651 3464 4703 QUOD
3508 4651 3677 4693 NIHIL

496 4753 679 4806 .EQUE
723 4755 962 4797 BEDDIT
1005 4755 1119 4799 NOS
1165 4757 1290 4799 DEO
1337 4755 1674 4809 PBOBATOS,
1721 4755 1930 4807 ATQUE
1975 4756 2030 4799 SI
2074 4754 2361 4798 STUDIOSI
2408 4756 2591 4798 SIMUS
2637 4757 2854 4797 EARUM
2902 4757 3122 4799 IIEBUM
3155 4784 3170 4811 ,
3218 4757 3358 4809 ρυλε
3403 4755 3686 4799 ΡυΒιῐοΑτ.

493 4857 873 4902 CONDUCUNT
915 4857 1240 4901 UTILITATI
1285 4859 1365 4900 ET
1405 4858 1576 4910 QUOD
1619 4858 2059 4900 NEGLIGENTER
2118 4856 2448 4899 ADEUNTES
2502 4857 2722 4899 DIVINA
2769 4858 3089 4900 MYSTEIIIA
3144 4857 3523 4901 GRAVISSIME
3568 4855 3686 4896 PU-

491 4959 804 5015 NIUNTUR,
852 4960 1050 5003 ETIAM
1095 4961 1151 5004 SI
1195 4959 1400 5003 SEMEL
1441 4959 1702 5001 TANTUM
1760 4959 1823 5000 IN
1889 4957 2055 5000 ANNO
2113 4956 2340 4998 SCELUS
2387 4954 2508 4998 HOC
2564 4955 3019 5000 COMMISEBINT.
3068 4958 3254 5001 DICTA
3299 4957 3414 5000 EST
3465 4956 3685 5000 AUTEM

492 5062 774 5115 QUINQUE
804 5061 1031 5105 DIEBUS
1073 5063 1239 5104 ANTE
1281 5060 1577 5104 NATALEM
1606 5060 1857 5102 CHRISTI
1892 5057 1932 5099 ¹.

1858 5209 2244 5222 ————-—

1030 5316 1246 5356 IIOIILIA
1286 5317 1360 5356 Vl.

482 5431 533 5485 i.
561 5431 671 5502 Ego
700 5432 912 5504 quidem
940 5443 996 5488 et
1017 5434 1176 5489 hodie
1200 5433 1519 5490 dcstinaram
1543 5433 1798 5487 adversus
1826 5429 1994 5483 haere-

409 5523 545 5574 ticos
569 5522 860 5578 luctaturus
877 5534 1053 5579 vestes
1073 5540 1289 5588 exuere,
1307 5525 1555 5595 quodque
1580 5523 1812 5579 restabat
1831 5520 1994 5577 debiti

409 5613 561 5668 vobis
587 5614 891 5682 persolvere
920 5633 934 5670 :
966 5631 1149 5671 verum
1175 5617 1313 5670 beati
1352 5615 1648 5686 Philugunii
1679 5615 1812 5682 dies,
1842 5614 1994 5683 cujus

410 5708 604 5763 festum
630 5706 981 5773 celebramus,
1005 5708 1069 5761 ad
1090 5709 1254 5776 ipsius
1278 5709 1674 5763 benefactorum
1697 5713 1995 5765 enarratio-

474 5824 491 5853 ¹
528 5821 707 5885 collata
727 5833 837 5870 cum
875 5821 1123 5871 Codicibus
1159 5824 1318 5885 Regiis
1345 5823 1480 5882 l958,
1511 5825 1646 5878 1959.
1674 5825 1798 5873 2353
1820 5833 1870 5875 et
1887 5828 1994 5876 Col-

409 5885 538 5934 hcrt.
564 5884 673 5932 974.
700 5891 828 5932 Unus
847 5886 1124 5942 praemittit,
1147 5884 1255 5933 ante
1290 5886 1462 5945 festum
1499 5885 1753 5939 nativitatis
1791 5885 1985 5943 (larisa.

409 5947 576 5997 Halita
595 5956 760 5997 autem
784 5953 861 5994 est
883 5945 1116 6008 vigesima
1139 5949 1434 5998 Decembris.
1591 5970 1594 5972 -

2102 5326 2224 5367 nem
2248 5311 2478 5380 linguam
2507 5317 2739 5363 nostram
2762 5308 3018 5363 evocavit.
3052 5308 3119 5362 Et
3149 5309 3368 5364 omnino
3391 5309 3684 5378 parendum

2097 5411 2211 5467 est;
2257 5403 2452 5457 etenim
2497 5400 2541 5456 si
2584 5402 2672 5470 qui
2721 5400 2852 5469 patri
2898 5401 3123 5454 matrive
3162 5399 3463 5467 maledicit,
3513 5409 3686 5455 morte

2100 5493 2342 5556 moritur,
2368 5493 2530 5563 liquet
2549 5506 2694 5554 eum,
2715 5493 2801 5560 qui
2825 5490 3154 5545 benedixerit
3177 5490 3298 5555 illis,
3320 5491 3443 5546 vita:
3467 5492 3686 5561 praemia

2096 5595 2430 5656 recepturum
2475 5584 2666 5655 (Exod.
2688 5582 2778 5637 21.
2803 5581 2890 5638 16.
2909 5581 3178 5638 Ιιευὶι.20.
3207 5582 3264 5651 9)
3294 5599 3308 5636 :
3337 5591 3391 5638 et
3423 5583 3467 5638 si
3500 5581 3563 5637 iis
3595 5583 3686 5652 qui

2099 5687 2284 5731 natura
2313 5684 2562 5744 parentes
2593 5682 2716 5728 sunt
2745 5683 2941 5727 tantam
2963 5673 3218 5728 debemus
3241 5683 3498 5745 praestare
3521 5674 3685 5728 bene-

2099 5769 2404 5832 volentiam,
2436 5767 2600 5820 multo
2629 5765 2796 5833 magis
2817 5765 2866 5818 id
2889 5765 3245 5834 praestandum
3273 5765 3356 5829 iis,
3377 5766 3467 5834 qui
3492 5764 3686 5834 spiritu

2097 5869 2222 5916 sunt
2252 5865 2518 5928 parentes,
2542 5857 2872 5927 potissimum
2890 5869 3018 5908 vero
3037 5869 3159 5910 cum
3189 5854 3472 5910 defunctos
3501 5863 3685 5908 nostra

2094 5955 2325 6012 laudatio
2356 5954 2522 6009 nihilo
2552 5953 2736 6010 reddat
2763 5954 3100 6026 gloriosiores
3121 5995 3137 6025 ,
3177 5968 3276 6010 nos
3305 5966 3432 6010 vero
3458 5966 3681 6020 congre-
