4062 6166
189 247 264 303 747

185 363 286 423 αὐτὸ
309 360 705 430 ἐνδεικνύμενος
753 358 780 412 ὁ
825 356 1058 429 Χριστὸς
1092 356 1267 426 ἔλεγε,
1309 358 1487 413 Δεῦτε
1526 361 1674 428 πρός
1721 379 1798 430 με

180 451 359 516 πάντες
385 452 437 503 οἱ
469 448 798 511 κοπιῶντες
829 445 926 498 καὶ
958 445 1437 514 πεφορτισμένοι,
1469 446 1632 515 κάγὼ
1658 447 1799 502 ἀναρ

179 541 350 594 παύσω
374 536 547 608 ὑμᾶς.
583 536 757 591 Καλεῖ
788 530 903 598 οὖν,
945 533 1020 605 μὴ
1054 532 1526 606 παρακούσωμενο
1563 537 1800 590 ἐπισπᾶ-

177 645 260 692 ται,
283 625 347 697 μὴ
364 624 801 695 ἀποπηδήσωμεν
820 637 834 651 ·
859 621 961 674 κᾶν
983 621 1151 693 μυρία
1173 623 1392 692 ἀμαρτή
1401 639 1547 692 ματα
1567 621 1798 694 ἔχωμεν,

174 715 267 768 τότε
297 712 550 783 μειζόνως
583 711 1008 782 προστρέχωμεν
1032 728 1046 740 ·
1091 711 1186 764 καὶ
1220 710 1328 780 γὰρ
1359 709 1486 773 τοὺς
1527 709 1802 775 τοιούτους

175 803 311 856 καλεῖ.
343 803 425 854 Οὐ
454 800 566 868 γὰρ
607 795 818 870 ἦλθον,
847 799 1002 869 φησὶ,
1029 800 1286 853 καλέσαι
1320 795 1608 864 δικαίους,
1643 799 1806 853 ἀλλὰ

170 886 515 956 ἁμαρτωλοὺς
539 888 626 950 εἰς
645 885 989 954 μετάνοιαν.
1016 885 1124 938 Καὶ
1146 883 1380 938 ἐνταῦθα
1399 885 1526 948 τοὺς
1548 901 1806 956 πεφορτι-

172 976 378 1045 σμένους,
413 975 545 1036 τοὺς
572 973 971 1042 πεπονηκότας,
1011 974 1137 1035 τοὺς
1170 973 1233 1025 ὲκ
1256 971 1456 1044 βάρους
1483 972 1593 1026 τῶν
1619 975 1805 1044 ἀμαρ-

166 1060 387 1130 τημάτων
423 1059 867 1130 κεκοπιωμένους
901 1059 1069 1128 λέγει.
1101 1059 1232 1122 Θεὸς
1260 1059 1369 1130 γὰρ
1404 1059 1804 1132 παρακλήσεως

168 1149 364 1215 λέγεται,
402 1148 496 1200 καὶ
523 1147 658 1210 Θεὸς
689 1146 987 1218 οἰκτιρμῶν
1007 1163 1022 1178 ο
1054 1146 1242 1217 ἐπειδὴ
1268 1147 1425 1200 τοῦτο
1464 1146 1625 1218 ἔργον
1651 1147 1801 1218 αὐτῷ

164 1237 388 1305 διηνεκὲς,
417 1236 546 1296 τοὺς
566 1234 935 1304 ὀδυνωμένους
958 1233 1052 1286 καὶ
1084 1235 1211 1297 τοὺς
1241 1233 1589 1305 θλιϐομένους
1621 1251 1801 1306 παρα-

167 1323 419 1390 μυθεῖσθαι
473 1323 568 1375 καὶ
633 1321 992 1390 παρακαλεῖν,
1043 1321 1146 1374 κᾶν
1205 1321 1372 1392 μυρία
1426 1322 1798 1392 ἁμαρτήματα

167 1411 315 1478 ’χωσα
378 1406 561 1459 Μόνον
623 1406 898 1476 ὲπιδῶμεν
963 1407 1224 1472 ἑαυτοὺς,
1251 1403 1408 1474 μόνον
1445 1405 1802 1476 ’προσδράμω-

164 1511 242 1563 γεν
281 1492 450 1562 αὐτῷ,
503 1495 597 1545 καὶ
661 1493 735 1564 μὴ
806 1492 1171 1562 ἀποστῶμεν,
1235 1491 1328 1544 καὶ
1379 1491 1466 1544 διὰ
1527 1492 1624 1562 τῆς
1683 1493 1805 1545 πεί-

166 1599 245 1647 ρας
266 1581 432 1650 αὐτῆς
467 1580 726 1649 εἰσόμεθα
765 1579 874 1631 τῶν
919 1579 1226 1650 εἰρημένων
1264 1581 1362 1651 τὴν
1404 1579 1679 1650 ἀλήθειαν,
1710 1579 1807 1633 καὶ

163 1667 284 1721 οὐδὲν
337 1668 491 1736 ἡμᾶς
541 1667 650 1720 τῶν
700 1668 868 1720 ὄντων
919 1665 1156 1736 λυπῆσαι
1195 1666 1501 1738 δυνήσεται,
1533 1668 1628 1720 ὲάν
1661 1666 1801 1738 ἔχω-

1390 243 1477 297 DE
1517 243 1743 301 BEATO
1781 243 2216 302 PlilLOGONlO.
2264 244 2351 299 Vl.

3469 240 3573 297 ⁸348

1908 378 2006 431 μεν
2051 361 2245 431 ἐκτενῆ
2283 359 2448 430 εὐχὴν
2507 361 2601 413 καὶ
2643 356 3118 429 διηκριϐωμένην
3176 357 3312 428 ὅπερ
3355 358 3462 427 γάρ
3505 358 3574 408 ἀν

1905 448 2142 521 ἐπέλθῃ,
2191 448 2389 519 ῥᾳδίως
2429 445 2518 500 διὰ
2579 445 2786 515 ταύτης
2830 443 3306 516 ἀποκρυυσόμεθα.
3365 443 3474 496 Καὶ
3521 440 3574 494 τί

1906 535 2235 607 θαυμαστὸν,
2263 537 2311 588 εἰ
2333 534 2686 606 περιστάσεις
2710 531 3057 604 ἀνθρωπίνας
3078 531 3225 584 λύειν
3243 527 3384 584 οἶδεν
3410 529 3575 600 εὐχῆς

1904 621 2157 693 δύναμις,
2179 621 2313 674 ὅπου
2343 637 2407 690 γε
2441 621 2533 674 καὶ
2566 620 2982 693 ἁμαρτημάτων
3011 618 3172 688 φύσιν
3205 617 3454 671 σϐέννυσι
3482 614 3577 668 καὶ

1906 707 2156 779 ἀφανίζει
2181 708 2408 781 ῥαδίως
2433 708 2527 761 "lv’
2555 703 2647 762 οὖν
2677 710 2771 761 καὶ
2803 707 2920 777 μετ’
2945 707 3193 770 εὐκολίας
3219 705 3309 757 τὸν
3332 702 3578 774 παρόντα

1902 795 2242 865 διανύσωμεν
2274 795 2406 866 βίον,
2437 795 2531 848 καὶ
2551 795 2652 848 ὅσα
2673 793 3158 867 προσετριψάμεθα
3183 792 3573 864 ἁμαρτήματα,

1905 883 2076 938 ταῦτα
2101 884 2456 955 ἀποθώμεθα,
2498 884 2592 936 καί¹
2648 883 2788 954 μετά
2841 881 3156 954 παρρησίας
3210 881 3425 950 στῶμεν
3481 877 3575 930 ἐπὶ

1900 973 1995 1024 τοῦ
2034 972 2276 1043 βήματος
2314 971 2408 1024 τοῦ
2442 970 2702 1042 Χριστοῦ,
2731 969 2887 1024 τοῦτο
2931 968 3194 1041 διηνεκῶς
3232 965 3574 1022 κατασκευά-

1906 1059 2088 1130 ζωμεν
2135 1062 2347 1124 ἑαυτοῖς
2383 1061 2444 1114 τὸ
2478 1061 2788 1132 φάρμακον,
2818 1061 2928 1114 ἀπὸ
2967 1059 3217 1130 δακρύων
3257 1058 3350 1111 καὶ
3402 1071 3574 1109 σπου-

1903 1147 2000 1218 δῆς
2049 1148 2143 1202 καὶ
2191 1149 2517 1221 προσεδρίας
2563 1150 2658 1202 καὶ
2696 1148 2992 1220 καρτερίας
3040 1146 3378 1208 συντιθέντες
3411 1143 3572 1198 αὐτόο

1903 1235 2044 1288 οὕτω
2076 1235 2184 1306 γὰρ
2209 1236 2304 1289 καὶ
2335 1235 2615 1306 διηνεκοῦς
2643 1236 3062 1306 ἀπολαυσόμεθα
3090 1237 3190 1302 τῆς
3213 1234 3443 1302 ὑγιείας,
3480 1229 3576 1283 καὶ

1901 1321 2009 1374 τῶν
2039 1323 2335 1393 μελλόντων
2377 1323 2774 1394 ὲπιτευξόμεθα
2807 1323 3059 1390 ἀγαθῶν·
3091 1317 3165 1375 ὧν
3187 1323 3396 1390 γένοιτο
3435 1319 3564 1372 πάν-

1900 1426 1999 1472 τας
2052 1412 2200 1481 ἡμᾶς
2237 1413 2535 1481 ἐπιτυχεῖν,
2567 1412 2750 1482 χάριτι
2797 1411 2893 1465 καὶ
2927 1409 3304 1481 φιλανθρωπίᾳ
3331 1406 3424 1460 τοῦ
3454 1408 3570 1459 Ku-

1904 1494 2020 1558 ρίου
2048 1495 2204 1564 ἡμῶν
2240 1496 2414 1566 Ἰησοῦ
2441 1497 2700 1567 Χριστοῦ,
2729 1497 2847 1568 μεθ’
2875 1490 2934 1549 οὗ
2971 1495 3048 1566 τῷ
3075 1495 3248 1567 Πατρὶ
3279 1492 3426 1557 δόξα,
3456 1491 3569 1560 ἃμα

1899 1581 1979 1651 τῷ
2009 1581 2149 1651 ἁγίῳ
2176 1582 2480 1652 Πνεύματι,
2508 1583 2606 1637 νῦν
2643 1585 2739 1636 καὶ
2770 1585 2878 1648 ἀεὶ,
2932 1585 3026 1638 καὶ
3075 1585 3156 1647 είς
3203 1582 3330 1645 τούς
3371 1579 3572 1642 αἰῶνας

1900 1667 2010 1720 τῶν
2034 1667 2265 1723 αἰώνων.
2300 1670 2492 1740 Ἀμήν.
3265 1673 3276 1693 ‘

265 1845 3479 1888 Μ

1679 2176 1848 2237 ΜοΝ
1859 2176 2052 2239 [TUM
2061 2222 2076 2237 .

266 2749 532 2820 populum
562 2749 629 2804 ad
665 2749 910 2805 Natalem
933 2749 1136 2806 Christi
1171 2751 1274 2808 rite
1307 2753 1688 2810 celebrandum
1724 2756 1846 2811 hor-

265 2861 430 2917 tetur,
463 2868 530 2907 ac
577 2861 862 2922 postquam
903 2855 1286 2924 peccatoribus
1334 2855 1669 2926 poenitentia:
1709 2860 1846 2914 resi-

263 2955 660 3025 piscentiaaque
688 2955 906 3011 modum
943 2959 1308 3030 praescripsit,
1336 2963 1636 3018 orationem
1691 2963 1844 3018 clau-

262 3059 359 3114 dit.
388 3056 571 3128 Hujus
611 3073 776 3128 porro
814 3058 1142 3129 Philogonii,
1170 3065 1264 3133 qui
1307 3078 1375 3119 ex
1405 3065 1684 3122 causidico
1728 3068 1844 3137 epi-

263 3179 464 3234 scopus
496 3165 870 3220 Antiochenus
902 3164 1006 3220 fuit
1044 3168 1190 3223 circa
1231 3183 1434 3224 annum
1463 3169 1668 3226 Christi
1712 3171 1836 3237 520,

260 3268 313 3323 in
342 3279 547 3324 exortu
580 3267 904 3335 Arianismi,
951 3273 1280 3328 mentionem
1324 3271 1456 3328 facit
1510 3274 1842 3332 Athanasius

261 3366 310 3420 in
347 3367 604 3437 Epistola
626 3368 695 3421 ad
719 3370 984 3438 episcopos
1033 3367 1255 3441 Egypti
1299 3383 1348 3426 et
1375 3373 1580 3445 Libyae,
1626 3392 1681 3446 p.
1712 3377 1840 3444 278,

258 3473 350 3526 ubi
406 3473 572 3527 illum
617 3473 758 3528 inter
811 3475 1146 3531 orthodoxos
1198 3477 1454 3548 virosque
1510 3481 1841 3548 apostolicOs

253 3585 572 3642 enumerat,
600 3577 694 3646 qui
729 3591 826 3646 pro
880 3577 985 3633 ﬁde
1014 3581 1283 3635 catholica
1317 3583 1676 3652 scripserunt.
1718 3585 1843 3641 Fuit

251 3680 567 3735 vicesimus
599 3681 810 3749 primus
863 3681 1237 3738 Antiochenus
1265 3685 1572 3756 episcopus,
1607 3688 1698 3758 qui
1742 3690 1839 3744 de-

251 3798 541 3838 cessorem
575 3783 765 3838 habuit
787 3783 1043 3849 Vitalem,
1077 3802 1452 3843 successorem
1489 3800 1671 3845 autem
1699 3790 1840 3846 Pau-

248 3887 455 3952 linum,
501 3903 664 3958 quem
699 3890 911 3958 excepit
941 3889 1278 3946 Eustathius.
1308 3893 1383 3947 De
1416 3895 1506 3948 illo
1535 3894 1689 3964 plura
1717 3896 1840 3951 vide

246 3993 306 4047 in
366 3993 525 4048 notis
587 3993 1004 4063 posterioribus.
1069 3994 1282 4050 Erasmi
1335 3997 1834 4068 interpretationem

245 4098 444 4152 multis
479 4097 534 4151 in
574 4097 709 4154 locis
739 4099 1080 4154 emendatam
1111 4115 1142 4154 e
1171 4099 1390 4164 regione
1441 4100 1613 4158 (irasci
1655 4112 1835 4159 textus

242 4201 492 4258 edimus.

2020 2757 2345 2827 Sequenlem
2373 2760 2456 2814 De
2505 2760 2940 2817 consubstantiali
2993 2765 3270 2821 homiliam
3330 2783 3517 2828 contra

1945 2862 2240 2918 Anomoeos
2266 2863 2474 2929 habuit,
2529 2874 2586 2919 ut
2618 2867 2820 2922 indicat
2860 2868 2974 2938 ipse
3020 2887 3172 2926 num.
3224 2873 3279 2940 2,
3329 2877 3521 2944 paucis

1943 2963 2135 3020 diebus
2159 2974 2446 3036 postquam
2470 2967 2537 3023 de
2565 2969 2754 3024 eodem
2785 2983 3108 3042 argumento
3157 2978 3516 3034 concionatus

1943 3076 2078 3132 erat,
2105 3067 2324 3125 ineunte
2358 3071 2611 3126 videlicet
2643 3088 2790 3128 anno
2833 3075 2957 3142 387,
2988 3087 3042 3132 et
3096 3091 3358 3148 quantum
3388 3100 3516 3139 con-

1940 3169 2146 3241 jectare
2171 3173 2318 3241 licet,
2337 3176 2522 3244 quinta
2551 3175 2792 3233 Januarii
2819 3181 2927 3246 die,
2964 3199 3069 3252 qua
3099 3185 3370 3242 circenses
3405 3191 3518 3244 Iusti

1943 3275 2377 3332 celebrabantur.
2404 3277 2478 3332 Ea
2506 3295 2672 3351 porro
2719 3297 2863 3340 anno
2890 3284 2995 3340 587
3017 3287 3206 3344 incidit
3245 3291 3297 3344 in
3330 3291 3515 3347 Domi-

1943 3379 2147 3435 nicam.

2012 3481 2109 3538 Die
2137 3487 2407 3554 sequenti,
2463 3499 2525 3542 ut
2583 3490 2891 3548 confutaret
2926 3495 3246 3562 Anommos,
3301 3501 3395 3568 qui
3446 3516 3508 3555 ex

1942 3587 2199 3656 petitione
2222 3591 2455 3647 ﬁliorum
2479 3593 2723 3651 Zebedaei
2742 3605 2797 3651 et
2817 3612 2883 3652 ex
2909 3603 3264 3668 responsione
3285 3603 3514 3672 Christi,

1943 3693 2137 3748 Sedere
2168 3704 2346 3749 autem
2382 3698 2450 3751 ad
2475 3699 2746 3754 dexteram
2777 3703 2856 3758 vel
2887 3705 3161 3759 sinistram
3187 3724 3375 3775 meam,
3409 3728 3516 3765 non

1941 3807 2019 3852 est
2072 3815 2245 3853 meum
2275 3802 2402 3856 dare
2448 3804 2611 3869 vobis,
2647 3810 2994 3876 oppugnandi
3046 3826 3236 3866 ansam
3281 3815 3514 3884 arripie-

1941 3900 2092 3964 bant,
2142 3917 2262 3957 eam
2325 3905 2515 3959 habuit
2570 3909 2846 3964 homiliam
2874 3953 2890 3978 ,
2931 3929 3052 3982 qua:
3097 3917 3415 3971 memoratis
3447 3918 3515 3971 de

1946 4007 2128 4063 causis
2176 4015 2363 4063 octava
2403 4011 2736 4067 inscribitur.
2773 4013 3068 4086 Utramque
3100 4033 3229 4072 vero
3263 4019 3509 4074 Latinam

1943 4105 2074 4161 fecit
2106 4106 2311 4165 Fronto
2339 4111 2600 4179 Duczeus,
2665 4124 2726 4176 ut
2751 4131 2851 4172 nos
2883 4118 3229 4188 paucissimis
3283 4122 3510 4178 mutatis

1944 4210 2180 4268 edimus.

262 4419 3489 4455 mw

236 4683 352 4748 Εις
409 4680 521 4734 τὸν
577 4679 874 4749 μακάριον
931 4683 1280 4751 Φιλογόνιον
1331 4682 1657 4752 γενόμενον
1693 4681 1810 4736 ἀπὸ
1848 4681 2168 4756 δικολόγον
2206 4683 2563 4750 ἐπίσκοπον,
2613 4685 2710 4741 καί
2768 4687 2859 4742 ὅτι
2905 4689 3013 4743 τοῦ
3065 4693 3343 4760 προνοεῖν
3390 4691 3497 4748 τῶν

307 4772 497 4840 κοινῇ
530 4773 960 4840 συμφερόντων
985 4772 1166 4826 οὐδὲν
1203 4774 1343 4827 ἴσον
1373 4776 1459 4839 εὶς
1495 4772 1892 4842 εὐδοκίμησιν
1912 4776 2073 4844 παρά
2096 4774 2176 4841 τῷ
2205 4774 2350 4841 Θεῷ,
2391 4777 2490 4829 καὶ
2528 4777 2615 4830 ὅτι
2639 4779 2706 4832 τὸ
2728 4780 3011 4849 ῥᾳθύμως
3047 4783 3356 4850 προσιέναι
3385 4782 3510 4848 τοῖς

307 4867 502 4930 θείοις
522 4866 880 4933 μυστηρίοις
906 4867 1163 4920 κόλασιν
1191 4867 1495 4935 ἀφόρητον
1514 4866 1659 4935 ἕχει,
1691 4865 1808 4920 κᾶν
1837 4864 2002 4933 ἅπαξ
2035 4869 2142 4924 τοῦ
2171 4869 2454 4924 ἐνιαυτοῦ
2477 4871 2652 4926 τοῦτο
2683 4872 3098 4944 τολμήσωμεν.
3148 4875 3398 4946 Ἑλέχθη
3438 4873 3508 4928 δὲ

307 4957 434 5024 πρὸ
465 4956 647 5010 πέντε
682 4955 919 5026 ἡμερῶν
956 4957 1065 5026 τῆς
1092 4958 1351 5024 Χριστοῦ
1383 4960 1744 5028 γεννήσεως.

842 5233 1034 5302 Λόγος
1072 5231 1263 5298 ἕκτος.

307 5329 392 5374 α’.
432 5320 577 5389 Ἐγὼ
599 5321 698 5391 μὲν
718 5322 811 5376 καὶ
831 5324 1071 5398 τήμερον
1087 5323 1582 5396 παρεσκευαζόμην
1603 5325 1739 5396 πρὸς
1757 5327 1828 5382 τά

221 5405 347 5459 τῶν
377 5404 682 5475 αἱρετικῶν
709 5405 1064 5477 παλαίσματα
1094 5407 1486 5472 ἀποδύσασθαι,
1517 5408 1613 5462 καὶ
1637 5408 1697 5462 τὸ
1719 5409 1826 5464 λει-

224 5490 485 5560 πόμενον
531 5489 660 5558 ὑμῖν
705 5490 998 5545 ἀποδοῦναι
1053 5489 1149 5544 τοῦ
1199 5492 1421 5563 χρέους·
1469 5490 1605 5557 ἀλλ’,
1652 5493 1686 5562 ἡ
1729 5492 1825 5548 τοῦ

225 5572 521 5644 μακαρίου
545 5571 854 5643 Φιλογονίου
888 5577 1094 5648 ἡμέρα,
1123 5569 1185 5630 οὐ
1223 5577 1320 5648 τὴν
1367 5576 1560 5648 ἑορτὴν
1616 5576 1824 5648 ἄγομεν

223 5655 357 5719 νῦν,
397 5655 534 5726 πρὸς
565 5655 666 5726 τὴν
693 5656 802 5710 τῶν
848 5659 1056 5712 ἐκείνου
1103 5660 1540 5731 κατορθωμάτων
1575 5659 1824 5730 διήγησιν

224 5739 337 5810 τὴν
361 5737 616 5808 γλῶτταν
650 5740 799 5813 [495]
833 5742 988 5813 ἡμῶν
1016 5743 1264 5797 ἐκάλεσε.
1300 5745 1410 5796 Καὶ
1434 5743 1516 5796 δεῖ
1542 5743 1822 5798 πείθεσθαι

218 5825 485 5890 πάντως.
531 5824 596 5879 Εἰ
628 5823 736 5898 γὰρ
763 5827 793 5880 ό
825 5827 1135 5895 κακολογῶν
1170 5825 1379 5898 πατέρα
1409 5825 1436 5898 ἦ
1473 5828 1682 5900 μητέρα
1727 5827 1823 5883 θα·

1933 5242 2078 5312 νάτῳ
2106 5241 2354 5313 τελευτᾷ,
2388 5239 2609 5312 εὔδηλον
2645 5242 2724 5294 ὅτι
2755 5243 2783 5294 ὁ
2815 5237 3054 5308 εὐλογῶν
3096 5237 3241 5308 ζωῆς
3268 5239 3512 5292 ἀπολαύ-

1935 5341 2087 5379 σεται
2112 5325 2349 5390 πάντως,
2384 5326 2478 5377 καὶ
2504 5326 2554 5377 εἰ
2584 5326 2711 5386 τοὺς
2747 5323 3010 5392 φυσικοὺς
3045 5324 3222 5389 γονεῖς
3243 5320 3514 5393 τοσαύτης

1934 5410 2064 5481 παρ’
2104 5408 2261 5480 ἡμῶν
2306 5408 2602 5463 ἀπολαύειν
2651 5407 2866 5470 εὐνοίας
2920 5406 3049 5478 χρὴ,
3088 5406 3268 5476 πολλῷ
3312 5407 3513 5477 μᾶλλον

1931 5494 2058 5556 τοὺς
2110 5493 2541 5562 πνευματικοὺς,
2593 5491 2689 5546 καὶ
2748 5490 2982 5561 μάλιστα
3041 5491 3170 5544 ὅταν
3232 5492 3360 5554 τοὺς
3413 5491 3513 5560 μὲν

1929 5577 2349 5647 «κατοιχομένους
2383 5578 2414 5630 ό
2451 5575 2671 5638 ἔπαινος
2711 5575 2877 5647 μηδὲν
2917 5576 3043 5646 ποιῇ
3075 5574 3511 5645 λαμπροτέρους,

1929 5661 2054 5722 τοὺς
2078 5659 2134 5711 δὲ
2161 5659 2440 5722 συνιόντας
2480 5661 2628 5730 ἡμᾶς
2670 5657 2920 5721 καὶτοὺς
2949 5657 3207 5726 λέγοντας
3252 5658 3345 5710 καὶ
3387 5659 3512 5719 τοὺς
3557 5657 3560 5660 ’

1930 5741 2227 5806 ἀκούοντας
2271 5742 2513 5812 βελτίους
2559 5741 2880 5814 ἐργάζηται.
2941 5741 3001 5793 '0
3031 5741 3131 5812 μὲν
3162 5740 3273 5809 γάρ
3303 5740 3383 5803 είς
3417 5739 3512 5791 τὸν

1929 5825 2158 5898 οὐρανὸν
2210 5826 2439 5894 ἀναϐὰς,
2490 5827 2642 5883 οὐδὲν
2689 5823 2756 5882 ἂν
2797 5823 2970 5878 δέοιτο
3020 5826 3120 5896 τῆς
3166 5822 3510 5895 ἀνθρωπίνης
