4062 6166
508 338 616 394 749

506 452 781 524 εὐφημίας
830 451 966 522 1:96;
1020 449 1240 520 μείζονα
1303 448 1397 501 καὶ
1452 443 1871 517 μακαριωτέραν
1926 441 2080 524 λῆξιν

506 534 783 591 ἀπελθών
812 534 974 604 ἡμεῖς
1005 531 1061 587 δὲ
1087 533 1136 584 οί
1164 530 1300 593 τέως
1325 529 1558 583 ἐνταῦθα
1586 526 1961 599 στρεφόμενοι,
1988 523 2082 576 καὶ

507 619 707 688 πολλῆς
760 614 1095 685 πανταχόθεν
1147 611 1545 683 παρακλήσεως
1599 608 1924 680 χρῄζοντες,
1972 604 2082 658 τῶν

508 700 800 770 ἐγκωμίων
843 696 1075 768 δεόμεθα
1110 695 1221 750 τῶν
1265 695 1495 759 ἐκείνου,
1534 695 1620 747 ἵνα
1664 694 1744 755 εἰς
1780 691 1870 743 τὸν
1918 688 2081 743 αὐτὸν

503 782 666 853 ζῆλον
691 779 1084 848 διαναστῶμεν.
1131 778 1230 831 Διά
1256 777 1414 831 τοῦτο
1441 777 1534 830 καί
1563 793 1645 839 τις
1683 773 1843 853 σοφὸς
1880 788 2083 843 παραι-

506 852 590 918 νεῖ
626 863 830 929 λέγων·
879 860 1097 929 Μνήμη
1137 860 1369 913 δικαίου
1401 860 1529 928 μετ’
1558 852 1863 928 ἐγκωμίων
1880 867 1945 924 ἰ·
1982 856 2083 924 ούχ

504 946 581 1008 ὡς
630 946 737 998 τῶν
776 944 1140 1007 ἀπελθόντων,
1184 942 1298 996 ἀλλ’
1346 942 1420 1005 ὡς
1472 940 1580 995 τῶν
1631 936 2082 1009 ἐγκωμιαζόντων

503 1028 681 1101 ταύτῃ
707 1028 776 1081 :0
807 1027 1038 1097 μέγιστα
1069 1025 1484 1096 ὠφελουμένων.
1520 1020 1677 1076 Ἐπεὶ
1710 1018 1801 1075 οὖν
1829 1020 2082 1074 τοσοῦτον

503 1110 566 1163 τὸ
596 1110 782 1180 κέρδος
819 1111 948 1179 ἡμῖν
987 1112 1053 1162 ἐκ
1082 1108 1176 1162 τοῦ
1227 1107 1569 1179 πράγματος,
1619 1103 1934 1175 πειθώμεθα
1978 1103 2073 1156 καὶ¹

509 1192 583 1264 μὴ
606 1191 975 1262 ἀντιλέγωμεν
994 1210 1008 1224 ·
1044 1191 1141 1244 καὶ
1180 1191 1288 1263 γὰρ
1316 1193 1343 1245 6
1380 1190 1569 1260 καιρὸς
1598 1188 1734 1260 πρὸς
1764 1186 1861 1258 τῆν
1892 1185 2074 1239 τοιαύ-

504 1293 607 1346 την
640 1275 891 1346 διηγησιν
931 1274 1257 1346 ἐπιτήδειος.
1301 1275 1547 1344 Σήμερον
1592 1272 1701 1344 709
1737 1273 1765 1325 6
1811 1271 2080 1341 μακάριος

509 1358 646 1429 πρὸς
670 1358 769 1429 τὴν
800 1358 1075 1430 ἀτάραχον
1108 1357 1436 1427 μετετάξατο
1466 1356 1629 1428 ζωὴν,
1672 1357 1768 1410 καὶ
1787 1354 1849 1408 :6
1877 1354 2082 1422 σκάφος

506 1441 749 1512 ῶρμισεν
793 1442 921 1496 ἔνθα
959 1442 1214 1509 ναυάγιον
1257 1440 1594 1494 ὑποπτεῦσαι
1633 1440 1733 1493 οὐκ
1765 1438 1844 1492 ἐνι
1874 1438 2080 1502 λοιπον,

505 1523 628 1576 οὐδέ
659 1523 896 1594 ἀθυμίαν
931 1524 1054 1576 τινὰ
1085 1524 1181 1576 καὶ
1217 1522 1429 1594 ὀδύνην,
1479 1522 1588 1575 Καὶ
1613 1521 1667 1574 τί
1696 1519 2005 1591 θαυμαστὸν
2034 1520 2082 1573 εί

507 1606 746 1676 καθαρὸν
778 1609 954 1660 ἐκεῖνο
976 1606 1039 1659 τὸ
1062 1606 1258 1677 χωρίον
1289 1605 1526 1677 ἀθυμίας
1554 1606 1720 1660 ἐστὶν.
1747 1608 1880 1660 ὅπου
1912 1622 1975 1674 γε
1995 1605 2086 1658 ἀν-

505 1687 744 1757 θρώποις
774 1691 885 1753 τοῖς
916 1688 996 1742 ἔτι
1030 1687 1167 1753 ζῶσι
1199 1689 1577 1758 διαλεγόμενος
1606 1690 1634 1740 6
1672 1688 1883 1751 Παῦλος
1912 1703 2045 1758 φησι
2064 1702 2079 1717 ο

504 1769 771 1825 Πάντοτε
804 1770 1060 1840 χαίρετε,
1105 1771 1517 1837 ἀδιαλείπτως-
1538 1772 1983 1840 προσεύχεσθε;

575 1852 638 1904 Εί
678 1851 736 1905 δὲ
785 1852 1019 1907 ἐνταῦθα
1073 1854 1207 1906 ὅπου
1270 1852 1452 1918 νόσοι,
1497 1855 1591 1907 καὶ
1648 1846 1927 1924 ἐπήρειαι,
1988 1853 2085 1907 καὶ

504 1930 674 2005 ἄωροι
726 1932 968 1999 θάνατοι,
1021 1935 1118 1988 καὶ
1166 1934 1542 2004 συκοφαντίαι,
1592 1934 1687 1990 καὶ
1738 1934 1944 2005 φθόνοι,
1990 1936 2086 1989 καὶ

503 2014 760 2086 ἀθυμίαι,
785 2017 877 2070 καὶ
903 2017 1084 2090 ὀργαὶ,
1112 2019 1207 2072 καὶ
1238 2017 1526 2089 ἐπιθυμίαι
1550 2020 1806 2088 πονηραὶ,
1843 2019 1938 2074 καὶ
1975 2037 2083 2091 μυο

508 2100 621 2166 ρίαι
679 2100 984 2164 ἐπιϐουλαὶ,
1046 2102 1141 2155 καὶ
1213 2101 1577 2173 καθημεριναὶ
1645 2103 1944 2174 φροντίδες,
1990 2104 2087 2157 καὶ

506 2184 707 2254 συνεχῆ
743 2186 836 2239 καὶ
858 2184 1135 2255 ἐπάλληλα
1164 2185 1234 2239 :5:
1259 2185 1405 2238 κακά
1448 2185 1649 2255 μυρίας
1680 2185 1941 2240 πάντοθεν
1994 2189 2089 2240 ἐπ-

505 2265 709 2333 άγοντα
740 2265 939 2331 λύπας,
959 2265 1160 2337 ἔφησεν
1191 2269 1219 2320 6
1249 2266 1461 2330 Παῦλος
1500 2267 1722 2321 δυνατὸν
1769 2264 1910 2322 εἶναι
1938 2269 2087 2323 ιπάν-

503 2364 628 2402 τοτε
682 2349 914 2422 χαίρειν,
954 2351 1007 2403 εί
1045 2368 1130 2414 τις
1174 2352 1368 2422 μικρὸν
1399 2352 1464 2404 ἐκ
1500 2350 1595 2409 τοῦ
1644 2352 1936 2407 κλυδωνίου
1974 2353 2085 2407 τῶν

507 2432 781 2503 βιωτικῶν
823 2435 1163 2505 πραγμάτων
1207 2433 1508 2504 ἀνακύψας,
1544 2434 1635 2488 τὸν
1676 2434 1872 2489 ἐαυτοῦ
1905 2435 2086 2500 καλῶς

509 2515 792 2586 ρυθμίσειε
844 2517 979 2587 βίον,
1028 2517 1209 2588 πολλῷ
1258 2518 1456 2589 μᾶλλον
1504 2519 1643 2588 μετὰ
1695 2518 1794 2589 τὴν
1836 2519 2084 2574 ἐντεῦθεν

504 2599 814 2668 ἀποδημίαν
865 2600 1055 2653 τούτου
1108 2601 1288 2671 ῥᾴδιον
1319 2602 1595 2671 ἐπιτυχεῖν
1642 2600 1735 2654 τοῦ
1788 2601 1973 2663 καλοῦ,
1995 2602 2085 2655 ὅτε

507 2679 684 2735 ταῦτα
705 2681 882 2736 πάντα
915 2684 1205 2755 ἀνῄρηται,
1233 2683 1330 2737 καὶ
1351 2684 1655 2756 ἀρρωστίαι
1686 2684 1781 2738 καὶ
1806 2684 1953 2755 πάθη
1990 2685 2086 2738 καὶ

508 2764 923 2835 ἁμαρτημάτων
957 2766 1231 2831 ὑπόθεσις,
1260 2767 1349 2821 ὅτε
1374 2766 1433 2821 τὸ
1476 2768 1607 2840 ἐμὸν
1648 2764 1742 2822 καὶ
1770 2768 1831 2821 τὸ
1867 2769 1957 2822 σὸν
1985 2769 2086 2823 οὐκ

511 2844 649 2908 ἔστι,
680 2846 740 2901 τὸ
767 2847 972 2919 ψυχρὸν
995 2849 1154 2902 τοῦτο
1187 2849 1361 2921 ῥῆμα,
1387 2850 1483 2904 καὶ
1507 2850 1683 2905 πάντα
1708 2852 1788 2915 εἰς
1817 2851 1917 2921 τήν
1940 2850 2086 2922 ζωὴν

510 2928 666 2998 ήμῶν
690 2930 910 3000 εἰσάγον
936 2932 1004 2986 τά
1031 2932 1198 2998 δεινά,
1233 2933 1329 2987 καὶ
1369 2934 1497 2998 τοὺς
1537 2934 1764 3006 μυρίους
1807 2935 2078 3006 γεννῆσαν

509 3013 800 3084 πολέμους.
840 3015 930 3069 Διὸ
970 3017 1204 3087 μάλιστα
1238 3016 1529 3089 μακαρίζω
1564 3017 1658 3070 τὸν
1695 3018 1849 3086 ἅγιον
1873 3017 2081 3085 τοῦτον,

507 3094 592 3149 ὅτι
631 3100 679 3150 εί
711 3100 806 3151 καὶ
843 3099 1173 3169 μετετάξατο
1227 3098 1321 3153 καὶ
1374 3095 1553 3152 πόλιν
1579 3099 1759 3172 ἀφῆκε
1805 3099 1904 3171 τὴν
1954 3102 2085 3172 παρ’

509 3181 667 3249 ἡμῖν,
687 3180 802 3235 ἀλλ’
832 3182 912 3251 είς
938 3181 1129 3253 ἑτέραν
1156 3182 1322 3253 ἀνέϐη
1354 3181 1509 3235 πόλιν
1545 3182 1644 3252 τὴν
1676 3181 1769 3235 τοῦ
1802 3182 1960 3247 Θεοῦ,
1992 3183 2089 3238 καὶ

510 3264 830 3319 καταλιπὼν
856 3266 956 3338 τήν
993 3265 1322 3335 Ἐκκλησίαν
1348 3266 1574 3336 ταύτην,
1605 3267 1684 3330 είς
1709 3265 1924 3336 ἐκείνην
1944 3266 2090 3320 τελεῖ

506 3350 609 3419 τὴν
639 3348 749 3401 τῶν
777 3349 1139 3420 πρωτοτόκων
1170 3349 1279 3402 τῶν
1299 3348 1810 3420 ἀπογεγραμμένων
1839 3351 1896 3405 ἐν
1918 3353 2088 3421 0690-

510 3434 641 3498 νοίς,
673 3433 767 3486 καὶ
808 3433 906 3495 τάς
948 3433 1141 3504 ἐορτάς
1171 3432 1374 3496 ταύτας
1422 3434 1602 3501 ἀφεὶς,
1632 3434 1769 3505 πρὸς
1791 3434 1821 3474 ι’
1849 3434 1948 3505 τὴν
1980 3433 2089 3488 τῶν

512 3516 760 3585 ἀγγέλων
811 3516 1041 3587 μετέστη
1100 3519 1425 3588 πανήγυριν.
1475 3517 1598 3571 ’Ότι
1636 3516 1745 3588 γὰρ
1798 3518 1893 3572 καὶ
1934 3518 2090 3583 πόλις

516 3614 627 3651 ἀνω
669 3600 762 3651 καὶ
800 3599 1096 3670 Ἐκκλησία
1141 3602 1236 3653 καὶ
1281 3601 1588 3672 πανήγυρίς
1639 3603 1807 3662 ἐστιν,
1856 3599 2089 3654 ἄκουσον

510 3680 607 3734 τοῦ
646 3681 860 3735 Παύλου
892 3682 1175 3750 λέγοντοςο
1207 3685 1708 3750 Προσεληλύθατε
1745 3685 1918 3738 πόλει
1940 3686 2088 3741 Θεοῦ

513 3759 729 3829 ζῶντος
790 3758 1179 3834 Ἰερουσαλὴμ
1229 3766 1563 3834 ἐπουρανίῳ
1606 3766 1707 3820 καί
1767 3768 2092 3837 Ἐκκλησία

514 3840 903 3914 πρωτοτόκων
931 3848 1471 3919 ἀπογεγραμμένων
1499 3850 1571 3903 ἐν
1603 3850 1902 3918 οὐρανοῖς,
1937 3851 2087 3924 [4941

514 3927 614 3983 καὶ
634 3928 925 3998 μυριάσιν
954 3929 1226 4000 ἀγγέλων
1254 3933 1600 4003 πανηγύρει.
1644 3933 1719 3986 Οὐ
1751 3933 1840 3987 διά
1867 3935 1927 3987 τὸ
1955 3934 2091 4005 πλῆ-

515 4012 607 4077 θος
636 4014 695 4067 δέ
718 4013 826 4068 τῶν
869 4015 983 4069 ἀνω
1011 4014 1292 4085 δυνάμεων
1320 4020 1502 4086 μόνον,
1543 4015 1678 4069 ἀλλά
1727 4015 1825 4070 καὶ
1861 4016 1950 4071 διά
1990 4016 2090 4090 τὴν

512 4094 623 4152 τῶν
650 4097 870 4166 ἀγαθῶν
896 4099 1178 4169 ἀφθονίαν,
1228 4100 1323 4153 καὶ
1358 4100 1458 4170 τὴν
1504 4100 1726 4172 διηνεκῆ
1766 4099 1941 4172 χαρὰν
1993 4103 2092 4156 καὶ

513 4181 874 4254 εὐφροσύνην,
918 4183 1221 4254 πανήγυριν
1253 4183 1322 4235 τά
1364 4183 1482 4236 ἐκεῖ
1511 4183 1689 4237 πάντα
1716 4183 1906 4237 καλεῖο
1942 4179 2084 4238 Παν-

515 4265 712 4335 ήγυριν
734 4264 844 4336 γὰρ
870 4265 1023 4317 οὐδὲν
1049 4265 1234 4335 ἕτερον
1259 4267 1432 4317 ποιεῖν
1446 4264 1770 4332 είωθεν,ἀλλ’
1804 4264 1838 4336 ἢ
1862 4264 1924 4337 τὸ
1954 4266 2091 4337 πλῆ-

517 4348 610 4413 θος
662 4348 770 4401 τῶν
828 4347 1294 4418 συνειλεγμένων,
1358 4348 1452 4401 καὶ
1503 4348 1536 4418 ἡ
1593 4358 1616 4386 ο
1666 4336 1918 4417 δαψίλεια
1980 4336 2089 4402 τῶν

516 4433 714 4497 ὠνίων,
747 4433 875 4485 ὅταν
908 4434 1069 4503 πυροὶ
1087 4431 1182 4485 καὶ
1207 4430 1392 4500 κριθαὶ
1422 4432 1516 4485 καὶ
1551 4430 2083 4503 παντοδαπᾶιγεννηο

521 4518 706 4588 μάτων
735 4517 872 4587 εἱδη,
896 4519 989 4571 καὶ
1011 4516 1296 4588 προϐάτων
1335 4515 1583 4586 ποίμνια,
1629 4515 1724 4568 καὶ
1779 4514 1915 4584 βοῶν
1958 4514 2091 4584 ἀγέ-

517 4602 629 4657 λαι.
684 4601 778 4655 καὶ
835 4601 1050 4671 ἱμάτια,
1119 4601 1214 4653 καὶ
1257 4598 1420 4670 ἕτερα
1475 4597 1705 4651 τοιαῦτα
1773 4599 2089 4670 εἰσάγηται,

515 4685 625 4740 τῶν
673 4685 772 4752 μὲν
834 4683 1173 4745 πωλούντων,
1243 4679 1352 4734 τῶν
1409 4680 1468 4733 δὲ
1536 4679 1933 4750 ἀγοραζόντων.
1982 4682 2093 4735 Καὶ

516 4771 568 4823 τί
616 4771 820 4824 τούτων
890 4767 1036 4820 ἐστὶν
1107 4768 1165 4818 ἐν
1224 4766 1338 4828 τοῖς
1397 4765 1663 4834 οὐρανοῖς,
1729 4764 1897 4835 φησί;
1950 4763 2089 4818 Τού-

514 4872 624 4909 των
682 4854 779 4924 μέν
829 4852 1000 4914 οὐδὲν,
1074 4848 1143 4902 τά
1196 4848 1254 4902 δὲ
1292 4847 1499 4901 τούτων
1554 4846 1734 4919 πολλῷ
1769 4849 2089 4921 σεμνότερα.

517 4938 592 4991 Οὐ
622 4935 730 5007 γάρ
774 4936 937 5003 πυροὶ
965 4932 1060 4987 καὶ
1086 4931 1272 5004 κριθαὶ
1303 4931 1395 4985 καὶ
1421 4931 1775 5001 γεννημάτων
1801 4932 1939 5003 εἴδη,
1974 4932 2092 4986 ἀλλ’

514 5021 544 5073 6
591 5018 803 5090 καρπὸς
845 5018 960 5070 ἐκεῖ
1003 5013 1278 5086 πανταχοῦ
1324 5014 1417 5068 τοῦ
1464 5014 1792 5085 πνεύματος,
1831 5016 2020 5086 ἀγάπη
2060 5016 2089 5055 ἀ

517 5104 612 5157 καὶ
640 5102 782 5174 χαρά
814 5102 906 5155 καὶ
934 5098 1241 5171 εὐφροσύνη
1271 5100 1364 5153 καὶ
1398 5099 1590 5169 εἰρήνη
1632 5100 1726 5153 καὶ
1763 5098 2092 5170 ἀγαθωσύνη

517 5189 611 5240 καὶ
662 5186 902 5257 πραότης
956 5183 1092 5255 μετὰ
1128 5182 1328 5254 πολλῆς
1373 5183 1471 5253 τῆς
1519 5182 1834 5252 δαψιλείας·
1872 5183 1934 5235 06
1967 5199 2097 5253 1:90-

515 5270 695 5346 6l0::0v
745 5268 969 5339 ποίμνια
1022 5266 1118 5320 καὶ
1171 5266 1309 5338 βοῶν
1360 5265 1573 5339 ἀγέλαι,
1624 5265 1759 5319 ἀλλά
1804 5265 2094 5335 πνεύματα

580 5424 605 5484 f‘
629 5424 773 5472 Savll.
798 5428 851 5471 el
870 5423 1065 5484 quidam
1083 5436 1200 5471 mss.
1225 5422 1479 5484 ἐγκωμίου.

580 5482 609 5548 ξ)
767 5482 938 5541 ταύτας
958 5482 1460 5548 1:090690wbili‘n-Péc-

583 5547 605 5574 ε
628 5543 723 5592 Alii
746 5548 776 5602 ἢ
797 5548 851 5593 τὸ
869 5543 1043 5604 πλῆθος
1062 5543 1158 5593 τῶν
1182 5543 1453 5602 συνιόντων,
1476 5545 1557 5592 καὶ
1576 5546 1625 5602 ἠ.

585 5604 613 5643 ἀ
640 5604 824 5666 Ἀγάπη
851 5608 999 5656 deest
1018 5610 1066 5656 in
1094 5607 1250 5655 tribus
1295 5620 1407 5655 mss.
1434 5604 1560 5656 Infra
1585 5620 1711 5655 unus
1748 5609 1944 5658 δικαίων
1965 5621 2095 5653 τετε-

520 5666 763 5739 1uweév0'
772 5669 849 5714 καὶ
871 5669 1017 5727 ἁγίων
1038 5669 1199 5731 ἀρεταὶ
1231 5670 1309 5716 καὶ
1337 5670 1570 5717 ἐκλεκτῶν
1589 5672 1948 5733 κατορθώματα.
1966 5669 2096 5716 Παν-

514 5740 674 5789 ταχου
695 5741 863 5773 τοινυν.

1196 333 1257 391 S.
1295 318 1576 389 JOANNIS
1613 323 2095 385 CHRYSOSTOHI
2132 318 2451 378 ARCHIEI".
2491 312 3042 376 CONSTANTINOP.

3642 303 3755 366 750

2181 435 2404 490 δικαίων
2455 428 2923 499 τετελειωμένων,
2982 425 3077 479 καὶ
3135 421 3322 492 ψυχῶν
3389 417 3601 489 ἀρεταὶ,
3657 417 3756 471 καὶ

2180 518 2395 589 τρόπων
2421 512 2823 586 κατορθώματα
2852 505 3130 576 πανταχοῦ
3174 504 3283 558 τῶν
3326 500 3581 589 οὐρανῶν
3604 502 3757 553 ἐστιν

2183 583 2311 652 ἰδεῖν
2335 616 2347 629 ·
2405 598 2503 667 οὐχ
2561 583 2767 666 τίμάτια
2824 593 2919 646 καὶ
2992 588 3340 658 ἐπιϐλήματα
3363 624 3378 649 ,
3440 583 3575 636 ἀλλά
3630 598 3755 667 στε-

2181 683 2383 750 φάνους
2444 665 2647 751 χρυσοῦ
2700 685 2903 739 παντὸς
2961 671 3319 742 τιμιωτέρους
3382 665 3760 751 acati-89066150

2180 766 2275 819 καὶ
2312 750 2523 818 ἔπαθλα
2573 762 2668 815 καὶ⁹
2720 760 2788 813 :5:
2835 758 3004 829 μυρία
3052 757 3164 815 τοῖς
3223 750 3578 822 κατορθοῦσιν
3619 752 3761 803 ἀπσ-

2180 848 2408 919 κείμενα
2470 843 2669 912 ἀγαθά.
2739 843 2849 894 Καὶ
2903 840 2965 892 τὸ
3025 835 3228 905 πλῆθος
3287 833 3405 919 τῶν
3465 833 3761 919 συνιόντων

2180 915 2363 996 πολλῷ
2404 927 2726 999 σεμνότερόν
2761 944 2820 979 τε
2864 926 2959 979 καὶ
3011 923 3169 976 πλέον
3190 938 3203 952 ·
3253 920 3315 972 06
3349 917 3457 991 γάρ
3504 915 3564 982 ἐξ
3596 919 3759 972 ἀστι-

2180 1013 2291 1069 κῶν
2337 1030 2397 1066 τε
2446 1013 2540 1066 καὶ
2598 1010 2906 1082 ἐπιχωρίων
2966 1006 3113 1060 ἐστὶν
3169 1003 3402 1075 ἀνδρῶν,
3455 1000 3571 1056 ἀλλ’
3620 1002 3763 1058 ἔνθα

2183 1097 2441 1169 μυριάδες
2482 1095 2750 1165 ἀγγέλων,
2799 1095 2916 1147 ἐκεῖ
2956 1090 3191 1162 χιλιάδες
3239 1088 3618 1160 ἀρχαγγέλων,
3660 1086 3763 1141 ἀλ-

2178 1181 2344 1251 λαχοῦ
2393 1178 2673 1251 συμμορία
2715 1177 3026 1250 προφητῶν,
3068 1173 3293 1245 ἑτέρωθι
3340 1172 3630 1244 μαρτύρων
3665 1188 3762 1241 χο-

2181 1262 2286 1335 ροὶ,
2319 1261 2632 1316 ἀποστόλων
2679 1259 2934 1330 τάγματα
2953 1298 2971 1321 ,
3027 1257 3274 1324 σύλλογοι
3324 1254 3585 1319 δικαίων,
3641 1253 3759 1307 τῶν

2179 1344 2625 1415 εύηρεστηκότων
2643 1342 2894 1396 ἁπάντων
2914 1340 3077 1410 δῆμοι
3100 1339 3366 1408 διάφοροι.
3394 1340 3603 1400 Ὄντως
3623 1337 3763 1390 θαυ-

2183 1427 2359 1498 μαστή
2392 1427 2473 1491 τίς
2507 1427 2654 1478 ἐστιν
2680 1426 2712 1495 η
2742 1426 3066 1493 πανήγυρις,
3100 1422 3193 1474 καὶ
3218 1421 3278 1475 :6
3303 1419 3368 1492 δὴ
3384 1421 3601 1475 πάντων
3632 1421 3759 1489 μεῖ-

2180 1509 2306 1574 ζον,
2345 1512 2427 1563 ὅτι
2469 1511 2526 1562 ἐν
2561 1507 2702 1579 μέσῃ
2747 1509 2812 1576 τῇ
2862 1503 3166 1573 πανηγύρει
3207 1504 3493 1574 στρέφεται
3547 1501 3759 1556 τούτων

2179 1593 2432 1646 ἁπάντων
2454 1592 2481 1644 ό
2515 1588 2766 1659 βασιλεύς
2781 1607 2794 1621 ·
2815 1587 2981 1641 εἰπὼν
3006 1586 3132 1656 γάρ,
3169 1585 3465 1653 Μυριάσιν
3484 1586 3760 1657 ἀγυι-ἐνίων

2182 1673 2528 1740 πανηγύρει,
2565 1672 2835 1742 ἐπήγαγε.
2880 1671 2985 1724 Καὶ
3018 1667 3192 1738 κριτῇ
3218 1666 3339 1733 Θεῷ
3366 1666 3625 1722 πάντων.
3660 1668 3759 1730 Τίς

2183 1771 2312 1810 ποτε
2337 1752 2443 1808 εἶδε
2474 1756 2532 1808 ἐν
2553 1753 2858 1824 πανηγύρει
2883 1751 3108 1823 βασιλέα
3134 1750 3602 1823 παραγινόμενον;
3638 1751 3759 1803 Ἐν-

2180 1836 2356 1890 ταῦθα
2385 1837 2484 1909 μὶν
2513 1836 2684 1900 οὐδεὶς
2709 1832 2816 1890 εἶδέ
2841 1851 2993 1898 ποτε,
3011 1836 3127 1887 ἐκεῖ
3152 1834 3208 1887 δὲ
3249 1832 3509 1904 διηνεκῶς
3534 1833 3584 1886 οἱ
3614 1849 3762 1904 παρ-

2178 1919 2331 1983 όντες
2368 1918 2569 1990 ὁρῶσιν
2594 1919 2672 1982 ὡς
2719 1919 2905 1981 αὐτοῖς
2940 1916 3069 1970 ίδεῖν
3089 1915 3336 1978 δυνατὸν,
3367 1915 3462 1968 καὶ
3508 1916 3761 1987 παρόντα.

2181 2005 2277 2057 καὶ
2311 2005 2376 2074 τῇ
2411 2003 2511 2073 τῆς
2542 2002 2676 2067 ἰδίας
2707 2001 2863 2071 δόξης
2884 2012 2908 2041 ε
2933 2001 3276 2072 λαμπρότητι
3301 1998 3612 2070 κοσμοῦντα
3630 2002 3762 2064 τοὺς

2183 2085 2462 2150 συνιόντας
2484 2083 2745 2149 ἅπαντας.
2781 2085 2888 2137 Καὶ
2907 2076 3065 2137 αὗται
3099 2082 3195 2153 μὲν
3221 2083 3278 2135 αί
3302 2082 3639 2153 πανηγύρεις
3656 2083 3764 2153 τῆς

2182 2167 2395 2238 ἡμέρας
2441 2167 2715 2238 μεσούσης
2766 2166 3025 2230 πολλάκις
3052 2164 3432 2229 καταλύονται,
3474 2165 3657 2236 ἐκείνη
3702 2166 3764 2218 δὲ

2180 2252 2279 2323 οὐχ
2308 2251 2499 2314 οὕτως.
2550 2253 2626 2305 O6
2664 2250 2776 2319 709
2810 2250 3092 2321 περιόδους
3124 2247 3332 2321 μηνῶν,
3364 2248 3486 2302 οὐδὲ
3518 2248 3760 2314 κύκλους

2182 2334 2463 2397 ἐνιαυτῶν,
2493 2334 2612 2388 οὐδὲ
2637 2331 2860 2404 ἡμερῶν
2888 2331 3122 2405 ἀριθμὸν
3149 2332 3432 2402 ἀναμένει,
3466 2333 3764 2402 ἀλλ’ἓστη-

2181 2434 2245 2469 κε
2265 2416 2546 2487 διηνεκῶς,
2574 2417 2666 2469 καὶ
2686 2415 2755 2468 τὰ
2787 2416 2846 2467 ἐν
2871 2415 3008 2485 αὐτῇ
3041 2414 3217 2467 πάντα
3240 2414 3421 2482 ἀγαθά
3449 2416 3621 2487 πέρας
3658 2417 3765 2469 οὐκ

2180 2499 2316 2570 ἔχει,
2349 2498 2500 2562 τέλος
2522 2499 2622 2552 οὐκ
2649 2494 2809 2561 οἶδεν,
2835 2498 2896 2552 06
2922 2497 3247 2572 71190v_066é
3279 2498 3638 2569 μαραίνεσθαι
3663 2500 3761 2555 δύ-

2180 2600 2371 2638 ναται·
2411 2582 2527 2636 ἀλλ’
2556 2582 2704 2636 ἐστιν
2744 2582 2939 2652 ἀγήρω
2968 2583 3063 2635 καὶ
3104 2582 3370 2635 ἀθάνατα.
3406 2584 3596 2648 Οὐδεὶς
3641 2585 3766 2637 ἐκεῖ

2182 2664 2411 2736 θόρυϐος
2464 2663 2719 2734 καθάπερ
2765 2663 3022 2727 ἐνταῦθα,
3060 2663 3285 2735 οὐδεμία
3335 2667 3588 2736 ταραχὴ,
3619 2666 3766 2720 ἀλλά

2182 2749 2349 2812 πολὺς
2375 2751 2403 2802 6
2430 2748 2632 2818 κόσμος
2655 2747 2873 2801 πάντων
2907 2746 3047 2817 μετά
3071 2748 3170 2819 τῆς
3192 2746 3573 2820 προσηκούσης
3598 2749 3765 2804 36:0-

2181 2830 2321 2898 ξίας,
2355 2830 2541 2902 ὥσπερ
2575 2831 2633 2883 ἐν
2652 2829 2853 2902 κιθάρα
2882 2831 3011 2897 τινὶ,
3055 2831 3193 2901 μετὰ
3227 2830 3435 2902 ῥυθμοῦ
3473 2832 3573 2900 τήν
3617 2824 3764 2886 παν·

2180 2913 2435 2983 αρμόνιον
2488 2911 2754 2982 μελῳδίαν
2817 2912 2913 2965 καὶ
2963 2912 3145 2984 πάσης
3175 2913 3311 2983 ήδίω
3354 2915 3623 2984 μουσικῆς
3662 2916 3763 2989 ’τῷ

2180 2995 2426 3067 Δεσπότῃ
2477 2995 2576 3065 τῆς
2623 2994 2854 3060 κτίσεως
2894 2995 3162 3066 ἑκατέρας
3209 2993 3229 3034 τ
3279 2998 3761 3069 ἀναπεμπόντων,

2182 3080 2278 3133 καὶ
2312 3079 2411 3149 τῆς
2449 3077 2630 3149 ψυχῆς
2665 3077 2785 3129 ἐκεῖ
2831 3079 3084 3150 καθάπερ
3116 3079 3175 3134 ἐν
3213 3083 3380 3152 ίεροῖς
3410 3081 3627 3147 ἀδύτοις
3669 3087 3769 3139 καὶ

2182 3160 2349 3224 θείοις
2377 3161 2490 3214 τισὶ
2526 3158 2847 3232 μυστηρίοις
2871 3160 2969 3233 τὴν
3009 3161 3160 3216 θείαν
3190 3161 3523 3234 τελουμένης
3551 3181 3765 3235 μυστα-

2182 3245 2413 3314 γωγίαν.

2254 3328 2320 3398 β’.
2338 3326 2482 3400 Πρὸς
2507 3327 2714 3402 ταύτην
2741 3324 2835 3386 οὖν
2853 3326 2953 3400 τὴν
2976 3328 3255 3401 μακαρίαν
3279 3328 3374 3383 καὶ
3396 3329 3593 3401 ἀγήρω
3611 3329 3771 3401 λῆξιν

2187 3411 2421 3483 μετέστη
2454 3414 2694 3485 σήμερον
2726 3416 2755 3468 ὁ
2778 3413 3045 3485 μακάριος
3070 3412 3398 3481 Φιλογόνιος.
3437 3411 3534 3477 Τίς
3572 3407 3668 3472 οὗν
3697 3408 3772 3466 ἂν

2184 3496 2394 3564 γένοιτο
2421 3496 2578 3566 λόγος
2603 3497 2899 3569 ἐφάμιλλος
2945 3495 3215 3567 ἀνθρώπῳ
3247 3495 3326 3565 τῷ
3357 3494 3627 3566 τοσαύτης
3675 3496 3773 3548 εὑ-

2184 3579 2415 3652 κληρίας
2461 3579 2777 3648 ἀξιωθέντι;
2833 3581 2947 3634 Οὐκ
2989 3579 3135 3633 ἑστιν
3167 3579 3360 3643 οὐδείς.
3399 3580 3464 3632 Τί
3489 3576 3605 3644 οὖν,
3641 3580 3772 3634 είπέ

2188 3680 2301 3734 μοι,
2354 3665 2652 3735 σιγήσομεν
2683 3663 2770 3718 διὰ
2805 3662 2992 3728 τοῦτο;
3045 3662 3140 3715 καὶ
3189 3661 3334 3725 τίνος
3374 3662 3560 3716 ἕνεκεν
3610 3661 3769 3735 [495]

2187 3745 2649 3817 συνεληλύθαμενς
2684 3746 2824 3800 Ἀλλ’
2852 3746 3087 3818 ἐροῦμεν
3118 3745 3280 3799 ὅτιού
3300 3745 3643 3817 δυνησόμεθα
3669 3747 3771 3801 τοῦ

2190 3829 2452 3899 μεγέθους
2504 3828 2788 3898 ἐφικέσθαι
2837 3826 2947 3882 τῶν
2994 3828 3206 3898 ἐργων;
3241 3827 3321 3880 Δι’
3352 3827 3485 3881 αὐτὸ
3517 3829 3616 3900 μὲν
3671 3824 3774 3883 οὖν

2185 3909 2343 3963 τοῦτο
2391 3911 2688 3979 ἀναγκαῖον
2738 3912 2936 3975 εἰπεῖν,
2993 3911 3117 3964 ἐπεὶ
3148 3909 3244 3963 καὶ
3297 3909 3455 3964 τοῦτο
3510 3910 3776 3981 μέγιστον

2186 3993 2464 4069 ἐγκωμίου
2497 3994 2685 4066 μέρος,
2712 3994 2842 4049 ὅταν
2891 3995 2967 4066 μή
3007 3994 3209 4066 δυνηθῇ
3241 3995 3355 4057 τοῖς
3389 3993 3573 4065 ἐργοις
3624 4013 3775 4069 παρ-

2190 4075 2448 4147 ισωθῆναι
2472 4076 2541 4130 τὰ
2575 4078 2818 4150 ῥήματαο
2847 4072 2922 4132 ὧν
2955 4076 3065 4149 γὰρ
3107 4076 3247 4147 ὑπὲρ
3270 4075 3434 4145 φύσιν
3463 4075 3666 4151 θνητὴν
3701 4080 3776 4135 τά

2187 4157 2607 4230 κατορθώματα,
2655 4159 2878 4231 εὔδηλον
2931 4160 3014 4213 ὅτι
3069 4160 3163 4213 καὶ
3218 4159 3360 4231 ὑπὲρ
3415 4160 3776 4234 ἀνθρωπίνην

2187 4242 2433 4311 γλῶτταν
2478 4243 2549 4297 :0
2575 4242 2846 4313 ἐγκώμια.
2876 4243 2952 4297 06
2989 4241 3097 4314 μὴν
3141 4242 3227 4297 διά
3253 4236 3415 4298 τοῦτο
3443 4246 3776 4319 διακρούσε-

2188 4342 2277 4379 ται
2317 4334 2343 4372 κ
2376 4324 2446 4378 τά
2500 4325 2773 4397 ἡμέτερα,
2825 4326 2963 4380 ἀλλά
2991 4325 3084 4378 τὸν
3128 4325 3294 4381 αὐτὸν
3338 4330 3638 4400 μιμήσεται
3671 4334 3776 4385 Δε-

2191 4407 2396 4477 σπότην
2424 4421 2438 4434 ⁶
2472 4407 2568 4461 καὶ
2609 4406 2718 4478 γὰρ
2759 4409 2965 4472 ἐκεῖνος
3007 4410 3073 4480 τῇ
3109 4411 3252 4481 χήρᾳ
3290 4410 3384 4463 δύο
3417 4411 3614 4482 μόνους
3643 4412 3770 4466 660—

2188 4489 2314 4553 λοὺς
2350 4489 2748 4562 καταϐαλούσῃ,
2801 4491 2863 4544 06
2914 4491 3009 4545 δύο
3071 4493 3247 4563 μόνων
3312 4494 3515 4548 ὀϐολῶν
3576 4496 3775 4567 μισθὸν

2190 4572 2407 4625 ἔδωκεν.
2434 4573 2499 4625 Τί
2518 4573 2718 4644 δήποτε
2739 4590 2754 4639 ;
2778 4574 2903 4629 Ὀτι
2926 4577 2987 4628 06
3021 4579 3086 4647 τῇ
3128 4576 3388 4648 ποσότητι
3414 4579 3523 4631 τῶν
3558 4581 3780 4650 χρημά-

2189 4673 2319 4721 των,
2373 4656 2511 4710 ἀλλά
2553 4656 2632 4728 τῷ
2664 4656 2879 4729 πλούτῳ
2919 4660 3018 4731 τῆς
3047 4659 3284 4723 διανοίας
3322 4665 3629 4733 προσεῖχεν.
3672 4666 3779 4719 Ἂν

2195 4738 2293 4809 μὲν
2316 4738 2426 4810 γάρ
2453 4737 2523 4792 τά
2558 4738 2817 4809 χρήματα
2861 4740 3143 4814 ἐξετάσῃς,
3192 4742 3360 4813 πολλὴ
3389 4744 3423 4814 ή
3464 4744 3623 4797 πενία
3645 4759 3661 4773 ’
3702 4744 3777 4799 ἂν

2189 4822 2246 4875 δὲ
2288 4822 2387 4893 τὴν
2436 4823 2756 4893 προαίρεσιν
2807 4825 3137 4897 ἀναπτύξῃς,
3198 4826 3402 4896 ἀφατον
3439 4826 3541 4897 τῆς
3598 4845 3775 4899 μεγα-

2192 4903 2455 4975 λοψυχίας
2480 4905 2602 4975 ὄψει
2630 4905 2721 4958 τὸν
2756 4906 3047 4978 θησαυρόν.
3096 4908 3259 4961 ’Ὥστε
3292 4912 3342 4962 εἰ
3371 4910 3467 4963 καὶ
3495 4912 3670 4981 μικρά
3700 4911 3775 4966 :0

2193 4990 2438 5060 ἡμέτερα
2465 4988 2560 5041 καὶ
2589 4988 2803 5060 εὐτελῆ,
2827 4990 2942 5043 ἀλλ’
2965 4990 3108 5061 ἅπερ
3141 4990 3339 5063 ἔχομεν
3359 5010 3372 5023 ·
3396 4993 3491 5046 καὶ
3519 4995 3571 5046 εί
3607 5011 3778 5065 μέγα⁸

2192 5070 2449 5142 λοψυχίας
2476 5071 2693 5125 ἀποδέει
2711 5071 2804 5126 τοῦ
2822 5072 3068 5141 γενναίου
3092 5075 3187 5127 καὶ
3210 5074 3418 5129 δικαίου
3434 5075 3773 5144 Φιλογονίου,

2193 5153 2306 5206 ἀλλ’
2341 5154 2489 5223 ὅμως
2530 5154 2624 5206 καὶ
2652 5153 2809 5207 τοῦτο
2839 5154 2940 5223 τῆς
2974 5155 3377 5227 μεγαλοψυχίας
3410 5157 3576 5211 αὑτοῦ
3611 5159 3775 5229 μέγιο

2195 5255 2318 5293 στον
2332 5238 2530 5309 δεῖγμα
2546 5238 2612 5293 ἂν
2639 5238 2746 5311 εἴη,
2767 5239 2830 5292 τὸ
2847 5239 3066 5311 μηδέτά
3086 5241 3259 5312 μικρά
3280 5240 3614 5307 διωθεῖσθαι,
3631 5242 3776 5297 ἀλλὰ

2257 5358 2283 5387 θ
2303 5354 2403 5407 Alii
2428 5362 2512 5415 τῆς
2535 5356 2710 5412 οἰκείας
2730 5356 2881 5414 δόξης.

2261 5417 2280 5454 ί
2307 5418 2402 5466 Alii
2425 5420 2678 5480 ἑκατέρως.

2259 5481 2285 5520 Β
2309 5480 2542 5543 Savil._9:
2562 5479 2736 5543 magna
2773 5491 2890 5543 pars:
2907 5490 3022 5527 mss.
3054 5479 3436 5543 διακρούσονται,
3466 5486 3518 5529 et
3542 5494 3659 5543 mox:
3693 5498 3773 5542 μι-

2197 5542 2451 5604 μήσονται,
2470 5538 2739 5604 Μοτειῖεξι
2760 5538 2844 5604 alii
2872 5538 3204 5604 διακρούσεται
3242 5544 3295 5604 el.
3323 5543 3595 5604 μιμήσεται.
3642 5538 3774 5593 Ιηῐτει

2197 5559 2446 5604 μησονται,
2472 5559 2642 5589 σιω-ει.
2676 5559 2730 5587 ιιι
2760 5559 2844 5589 am
2872 5559 3204 5602 οιακρουσεται
3242 5559 3295 5590 ει
3377 5559 3595 5603 μήσεται.
3644 5559 3774 5593 Inm-

2194 5609 2306 5667 post
2326 5602 2489 5667 μισθὸν
2514 5600 2867 5667 ἔδωκεν-Ποτει.
2883 5608 2936 5649 οι
2956 5603 3243 5667 nnus_co:iex
3273 5559 3451 5667 δεῖσαι
3471 5603 3591 5667 ἀλλὰ
3607 5606 3778 5667 πολὶῷ

2192 5662 2368 5712 πλέονφ
2391 5663 2496 5711 hac
2519 5675 2635 5710 vero
2657 5662 2833 5711 absum
2850 5677 2876 5709 ιι
2898 5667 3041 5712 textu
3062 5664 3211 5714 Savil.
3235 5669 3287 5712 cl
3312 5663 3371 5713 ab
3390 5662 3617 5714 omnibus
3639 5662 3763 5716 mss;

2200 5722 2333 5775 Savil
2368 5722 2498 5773 eain
2518 5725 2740 5788 margine
2760 5722 2926 5777 habet.
