4062 6166
300 322 399 382 749

293 449 440 508 gatos
482 449 595 495 tum
640 440 728 511 qui
771 440 1053 511 loquimur,
1095 450 1202 496 tum
1243 443 1330 512 qui
1368 442 1642 510 audimus,
1685 444 1872 500 reddat

285 533 562 596 meliores.
595 532 728 587 Nam
751 534 837 588 ille
856 534 1068 605 quidem
1093 535 1376 590 subvectus
1407 536 1458 590 in
1490 536 1676 591 eielum
1706 536 1874 593 haud-

292 638 553 692 quaquam
570 638 728 701 egere
749 633 920 692 potest
945 624 1188 679 humanis
1216 625 1460 680 laudibus
1489 626 1554 681 ad
1583 624 1870 683 feliciorem

291 722 486 768 sortem
518 713 784 783 profectus
817 733 831 769 :
862 729 959 768 nos
987 730 1117 769 vero
1154 717 1240 786 qui
1281 715 1534 772 hactenus
1573 712 1660 773 hic
1688 733 1871 772 versa-

290 820 389 861 nun
425 848 442 873 ,
490 795 760 878 multaque
805 822 940 876 opus
980 808 1235 864 habemus
1278 809 1679 877 exhortatione,
1730 810 1872 865 illius

288 911 507 966 egemus
544 897 820 960 eneomiis.
850 914 955 968 quo
983 899 1223 954 videlicet
1263 900 1327 954 ad
1366 901 1483 969 ejus
1523 901 1868 955 imitationem

288 990 598 1043 excitemur.
631 988 964 1061 Quapropter
987 991 1199 1058 sapiens
1228 990 1440 1059 quidam
1469 992 1710 1045 hortatur
1732 1032 1747 1055 ,
1788 992 1870 1046 di-

285 1094 410 1134 cens
441 1097 455 1131 :
489 1078 739 1134 Memoria
767 1081 898 1150 justi
924 1098 1035 1135 cum
1062 1082 1294 1136 laudibus
1324 1082 1501 1150 (Prov.
1531 1084 1552 1136 i
1563 1083 1615 1139 0.
1647 1083 1725 1154 7).
1753 1082 1867 1137 Non

284 1171 430 1241 quasi
457 1171 532 1224 illi
558 1171 648 1241 qui
674 1170 1036 1239 decesserunt,
1066 1172 1161 1227 sed
1200 1173 1234 1227 ii
1272 1174 1449 1244 potius
1472 1173 1560 1242 qui
1582 1174 1866 1228 enslaudi-

283 1261 383 1316 bus
425 1268 659 1328 ornant,
713 1263 996 1317 maximam
1050 1264 1173 1319 inde
1221 1264 1514 1334 percipiant
1560 1250 1862 1320 utilitatem.

282 1353 543 1421 Quoniam
565 1354 723 1425 igitur
747 1352 846 1409 hac
870 1370 934 1410 ex
961 1370 1021 1411 re
1048 1365 1249 1412 tantum
1279 1358 1433 1412 nobis
1461 1357 1668 1413 lucrum
1695 1357 1864 1413 obve-

282 1446 378 1512 nit,
411 1444 864 1516 obtemperemus,
894 1463 1067 1518 neque
1096 1464 1423 1506 recusemus.
1456 1450 1584 1506 Nam
1610 1461 1664 1507 et
1691 1452 1863 1521 ipsum

282 1546 490 1607 tempus
538 1537 660 1593 huic
712 1539 1001 1594 narrationi
1053 1542 1314 1612 congruit.
1381 1542 1653 1613 Siquidem
1704 1543 1863 1599 hodie

277 1626 467 1682 beatus
507 1626 599 1682 ille
641 1626 707 1682 ad
752 1629 1088 1699 tranquillam
1118 1631 1396 1701 omnisque
1425 1630 1739 1687 turbationis
1767 1648 1862 1688 ex-

277 1727 480 1787 pertem
501 1718 665 1773 vitam
698 1721 981 1775 translatus
1007 1730 1109 1787 est,
1139 1739 1307 1793 eoque
1332 1725 1594 1793 navigium
1622 1724 1857 1794 appulit,

276 1812 361 1867 ubi
399 1812 657 1883 deinceps
694 1828 802 1867 non
844 1815 1040 1883 poterit
1076 1825 1314 1871 metuere
1356 1815 1715 1886 naufragium,
1758 1831 1860 1873 nec

275 1906 434 1960 ullam
463 1906 629 1961 animi
652 1906 1004 1975 dejectionem
1030 1916 1120 1963 aut
1139 1907 1399 1963 dolorem.
1432 1907 1499 1963 Et
1518 1908 1643 1979 quid
1664 1910 1858 1964 mirum

274 2006 373 2061 est,
419 1996 465 2051 si
509 1997 657 2052 locus
697 1998 788 2052 ille
832 2013 994 2068 purus
1021 2009 1103 2054 est
1129 1999 1197 2054 ab
1222 2000 1368 2055 omni
1396 1999 1640 2055 molestia
1666 2001 1853 2068 animi,

274 2100 389 2144 enm
420 2089 616 2146 Paulus
644 2091 948 2147 hominibus
973 2092 1147 2146 adhuc
1184 2092 1235 2146 in
1274 2091 1373 2147 hac
1405 2093 1506 2146 vita
1543 2092 1857 2162 degentibus

274 2182 496 2251 loquens
521 2182 664 2237 dicat
687 2201 700 2237 :
726 2183 936 2254 Semirer
959 2183 1191 2254 gaudete,
1210 2185 1318 2239 sine
1337 2183 1699 2240 intermissione
1716 2193 1857 2241 orate

273 2274 344 2344 (Ι.
376 2272 558 2328 Thess.
584 2274 638 2330 5.
673 2275 758 2329 lii.
792 2274 919 2341 i7)?

341 2365 506 2429 Quam
542 2373 743 2432 praestet
776 2366 878 2419 vita
915 2369 1089 2438 futura
1122 2369 1373 2437 praesenti.
1395 2397 1464 2409 -
1493 2368 1642 2437 Quod
1670 2369 1715 2424 sl
1744 2368 1851 2435 hic,

267 2452 354 2513 ubi
379 2455 574 2521 morbi,
619 2455 708 2511 ubi
751 2456 1146 2526 insectationes,
1197 2458 1282 2514 ubi
1330 2467 1660 2529 praematura:
1706 2473 1854 2514 mor-

264 2561 377 2618 tes,
424 2553 513 2607 ubi
555 2553 854 2620 calumnite,
897 2549 989 2606 ubi
1033 2551 1262 2612 invidi:e.
1301 2549 1390 2605 ubi
1437 2564 1717 2615 maerores,
1760 2549 1852 2605 ubi

264 2645 394 2707 ira).
452 2644 545 2699 ubi
606 2644 964 2714 copiditates,
1011 2645 1097 2699 ubi
1142 2640 1553 2698 innumerabiles
1606 2641 1849 2709 insidias,

261 2735 351 2789 ubi
398 2734 723 2803 quotidianae
760 2734 1168 2798 sollicitudines,
1213 2733 1304 2788 ubi
1347 2742 1598 2803 perpetua
1647 2733 1852 2803 sibique

260 2824 586 2880 cohaerentia
609 2824 743 2878 mala
763 2833 908 2890 sunt,
933 2824 1241 2880 innumeros
1268 2841 1334 2880 ex
1360 2827 1504 2879 omni
1533 2835 1681 2896 parte
1700 2824 1854 2879 dolo-

260 2930 350 2971 res
373 2914 671 2981 at'ferentia,
694 2915 888 2970 Paulus
913 2915 1044 2969 dixit
1089 2915 1202 2971 fieri
1231 2930 1385 2985 posse
1405 2924 1462 2970 ut
1489 2931 1703 2986 semper
1724 2930 1853 2987 gau-

261 3005 518 3070 dcamus,
569 3007 614 3059 si
661 3007 781 3075 quis
824 3006 1092 3076 paululum
1132 3021 1198 3063 ex
1243 3022 1421 3062 rerum
1466 3007 1850 3063 mundanarum

260 3097 514 3153 fluetibus
553 3099 787 3154 erexerit
826 3107 984 3168 caput
1004 3141 1018 3165 ,
1049 3100 1316 3171 vitamque
1343 3114 1495 3155 suam
1525 3108 1671 3155 recte
1696 3114 1848 3155 com-

262 3188 501 3257 posuerit
533 3206 546 3241 :
574 3190 742 3243 multo
776 3189 942 3260 magis
982 3198 1257 3259 postquam
1306 3189 1429 3245 hinc
1468 3190 1850 3260 demigraveri-

259 3294 380 3333 mus
404 3279 559 3336 facile
579 3289 854 3349 compotes
882 3279 1078 3336 erimus
1101 3281 1215 3348 ejus
1234 3281 1378 3347 boni,
1397 3296 1516 3335 cum
1539 3281 1651 3335 luce
1672 3284 1849 3336 omnia

258 3370 470 3424 sublata
516 3368 735 3434 fuerint,
780 3370 1004 3425 adversa
1045 3371 1309 3435 valetudo,
1362 3371 1552 3432 morbi,
1597 3372 1850 3441 peccandi

257 3462 506 3524 materia,
537 3460 624 3515 uhi
659 3476 763 3515 non
801 3473 882 3516 est
924 3476 1100 3515 meum
1144 3477 1208 3517 ae
1251 3470 1415 3527 tuum,
1451 3461 1695 3534 frigidum
1721 3463 1849 3517 illud

256 3552 574 3617 verbum,et
593 3551 842 3622 quidquid
862 3561 942 3607 est
964 3553 1219 3607 malorum
1248 3552 1300 3606 in
1328 3553 1488 3607 vitam
1521 3563 1753 3608 nostram
1779 3555 1852 3609 in-

255 3644 482 3709 vehens,
501 3642 882 3713 innumeraque
900 3644 1118 3714 gignens
1139 3644 1298 3699 bella.
1314 3643 1668 3712 Quamobrem
1686 3645 1855 3699 maxi-

255 3749 480 3804 mopere
525 3736 765 3804 gratulor
807 3734 960 3805 hujus
1002 3735 1166 3791 sancti
1195 3737 1469 3805 felicitati,
1495 3739 1636 3809 quod
1665 3755 1850 3808 quam-

258 3843 422 3896 quam
446 3828 733 3883 translatus
760 3837 861 3893 est,
890 3840 1049 3898 atque
1067 3829 1334 3885 civitatem
1357 3840 1592 3886 nostram
1614 3832 1845 3902 reliquit,

250 3926 438 3973 tamen
480 3919 531 3972 in
569 3919 787 3974 alteram
838 3920 1047 3974 transiit
1083 3921 1372 3987 civitatem,
1418 3937 1607 3992 nempe
1642 3923 1754 3990 Dei,
1785 3939 1848 3979 ac

258 4010 534 4081 digressus
569 4010 637 4063 ah
670 4010 769 4066 hac
809 4010 1041 4065 Ecclesia
1066 4012 1131 4065 ad
1156 4013 1297 4067 illam
1323 4014 1593 4082 pervenit,
1621 4030 1739 4083 qua!
1765 4023 1849 4069 est

260 4104 734 4171 primogenitorum
781 4102 1167 4171 descriptorum
1215 4104 1267 4158 in
1311 4104 1489 4167 caelis,
1539 4118 1602 4159 ac
1649 4105 1847 4160 relictis

261 4193 411 4250 hisce
430 4194 577 4250 festis
596 4194 802 4249 transiit
821 4193 887 4248 ad
904 4194 1264 4250 celebritatem
1282 4195 1607 4265 angelorum.
1636 4195 1844 4250 Etenim

259 4286 403 4354 quod
447 4294 503 4340 et
540 4301 769 4356 superne
807 4286 877 4340 sit
916 4285 1099 4339 civitas
1120 4327 1135 4351 ,
1169 4286 1425 4351 Ecclesia,
1454 4300 1517 4342 ac
1541 4287 1841 4353 celebritas,

258 4376 384 4431 audi
432 4376 653 4431 Paulum
701 4376 963 4431 dicentem
996 4395 1010 4431 :
1038 4377 1322 4431 Accessislis
1356 4377 1426 4430 ad
1462 4378 1709 4431 civitatem
1750 4376 1847 4431 Dei

258 4467 488 4528 viventis,
513 4467 582 4519 ad
599 4465 969 4536 Jerosolymam
989 4466 1250 4533 ccelestem,
1278 4474 1325 4520 et
1359 4466 1634 4521 Ecclesium
1659 4467 1847 4535 primo-

259 4558 543 4623 genitorum
581 4557 943 4626 descriptorum
984 4557 1038 4610 in
1077 4558 1243 4621 ctelis,
1272 4566 1318 4610 et
1341 4557 1409 4609 ad
1433 4555 1846 4609 innumerabilem

260 4648 556 4717 angelorum
588 4647 920 4715 frequentiam
941 4647 1125 4718 (Hebr.
1148 4646 1238 4701 l2.
1260 4646 1350 4700 22.
1380 4644 1492 4717 25).
1533 4645 1647 4700 Non
1673 4646 1844 4700 solum

260 4749 438 4791 autem
476 4738 549 4790 ob
587 4737 975 4793 multitudinem
1002 4738 1259 4792 virtutum
1303 4737 1592 4792 caelestium
1613 4778 1628 4804 ,
1660 4753 1844 4793 verum

257 4827 418 4880 etiam
449 4827 520 4881 oh
546 4827 920 4882 abundantiam
951 4827 1208 4883 bonorum
1227 4869 1243 4893 ,
1279 4842 1343 4883 ac
1370 4827 1495 4899 juge
1516 4827 1764 4898 gaudium
1792 4837 1848 4883 et

225 4916 525 4981 ‘l:etitiam,
562 4918 889 4988 panegyrim,
933 4919 1033 4973 hoc
1076 4929 1178 4984 est,
1222 4918 1569 4989 frequentiam
1613 4918 1844 4989 appellat

256 5016 423 5061 totam
456 5008 601 5063 illam
630 5008 814 5063 vitam.
858 5007 967 5064 Nec
993 5010 1134 5064 enim
1160 5009 1303 5064 aliud
1333 5008 1640 5082 panegyrim
1670 5012 1845 5069 facere

253 5101 419 5166 solet,
466 5114 627 5170 quam
669 5101 1020 5157 multitudinis
1059 5111 1250 5169 emtas,
1294 5104 1547 5160 mercium
1578 5108 1841 5162 venalium

250 5192 433 5260 capia,
469 5206 593 5246 eum
635 5192 888 5259 triticum,
915 5191 1198 5257 hordeum,
1229 5203 1283 5249 et
1311 5196 1606 5265 omnigenze
1633 5196 1843 5267 frugum

251 5282 486 5350 species,
511 5282 690 5337 ovium
715 5297 923 5353 greges,
947 5284 1106 5339 boum
1132 5294 1390 5348 armenta,
1413 5295 1604 5350 vestes,
1638 5288 1844 5358 aliaque

252 5374 305 5427 id
332 5388 506 5444 genus
537 5372 760 5442 plurima
786 5373 1171 5442 importantur,
1203 5376 1321 5429 aliis
1359 5376 1573 5445 quidem
1602 5378 1841 5432 venden—

251 5466 416 5534 tibus,
445 5465 566 5521 aliis
598 5479 727 5520 vero
751 5466 1067 5522 ementibus.
1115 5467 1218 5523 Sed
1258 5467 1380 5538 quid
1422 5470 1620 5538 inquis,
1656 5469 1840 5525 harum

251 5572 434 5611 rerum
464 5565 551 5611 est
581 5554 635 5608 in
664 5555 854 5610 cadis?
896 5555 1095 5610 llornm
1133 5557 1345 5625 quidem
1387 5557 1547 5622 nihil,
1589 5559 1681 5614 sed
1721 5569 1843 5613 sunt

252 5646 335 5705 his
361 5650 537 5705 multo
559 5647 919 5720 praeclariora.
958 5648 1074 5703 Non
1116 5650 1257 5703 enim
1294 5648 1398 5703 illic
1434 5660 1556 5703 sunt
1586 5651 1836 5718 triticum,

251 5742 547 5811 hordeum,
592 5754 654 5795 ac
692 5736 899 5810 frugum
927 5739 1083 5797 Varia:
1114 5740 1351 5811 species,
1382 5742 1474 5798 sed
1501 5742 1609 5798 illic
1648 5741 1841 5815 ubique

1449 330 1537 385 DE
1576 331 1802 388 BEATO
1840 331 2271 394 PHILOGONIO.
2318 339 2402 394 Vl.

3450 355 3557 411 750

1988 446 2188 505 fructus
2227 452 2444 520 spiritus
2488 455 2701 519 caritas,
2742 459 3020 529 gaudium,
3061 463 3290 534 bonitas,
3339 485 3458 536 pax,
3497 487 3561 528 ac

1980 542 2331 596 mansuetudo
2361 558 2563 600 summa
2590 549 2845 604 exuberat
2872 554 3042 621 eopia.
3083 555 3196 611 Non
3224 562 3404 615 ovium
3432 578 3559 631 gre-

1976 642 2090 698 ges,
2123 647 2226 686 non
2251 631 2409 688 boum
2436 648 2696 702 armenta,
2728 641 2821 721 sed
2850 645 3065 712 spiritus
3088 646 3352 717 justorum
3385 652 3559 721 perfe-

1976 729 2182 776 cturum
2204 765 2217 787 ,
2248 726 2542 782 animarum
2576 718 2795 787 virtutes
2819 774 2832 796 ,
2863 741 3093 806 vitaque
3132 749 3272 795 recta
3301 718 3432 797 facta
3460 760 3559 816 per

1976 825 2162 867 omnes
2186 814 2347 869 eteius
2366 816 2547 872 videre
2569 819 2711 875 licet.
2744 823 2854 876 Non
2879 836 3053 881 vestes
3076 838 3166 884 aut
3191 833 3438 900 amictus,
3461 814 3556 891 sed

1972 913 2197 957 coronas
2223 908 2408 975 quovis
2434 923 2566 964 auro
2602 913 2969 980 pretiosiores,
3008 927 3116 973 tum
3160 921 3358 988 brahia,
3384 936 3558 980 certa-

1974 997 2175 1048 minum
2207 998 2440 1065 pra-mia,
2470 1001 2678 1070 aliaque
2718 1004 2993 1063 innumera
3037 1012 3171 1064 bona
3216 1015 3445 1082 reposita
3493 1016 3556 1073 iis

1970 1089 2057 1156 qui
2086 1098 2232 1143 recte
2261 1088 2524 1148 fecerint:
2553 1093 2618 1147 ad
2658 1095 2770 1150 lucc
2813 1097 2879 1151 ibi
2927 1110 3009 1154 est
3053 1101 3365 1173 frequentia,
3399 1106 3554 1175 longe

1971 1183 2080 1231 tum
2114 1180 2397 1248 copiosior,
2429 1191 2536 1236 tum
2569 1184 2894 1242 honoratior.
2941 1189 3121 1260 Neque
3163 1194 3303 1247 enim
3345 1207 3554 1252 constat

1970 1284 2034 1324 ex
2068 1270 2198 1325 viris
2237 1273 2450 1351 urbanis
2490 1276 2888 1349 indigenisque,
2938 1282 3029 1336 srd
3062 1283 3147 1339 hic
3175 1294 3296 1340 sunt
3331 1289 3550 1357 angelo-

1969 1375 2085 1413 rum
2113 1361 2311 1415 inlinita
2341 1364 2502 1419 millia
2522 1407 2536 1429 ,
2565 1366 2670 1422 illic
2697 1370 2857 1424 multa
2890 1371 3047 1425 millia
3071 1374 3506 1446 archangelorum
3529 1419 3548 1445 ,

1965 1450 2091 1507 alibi
2130 1452 2373 1510 sodalitia
2414 1457 2824 1527 prophetarum,
2866 1462 2987 1516 alibi
3035 1474 3326 1537 martyrum
3372 1468 3545 1535 chori,

1964 1549 2324 1618 apostolorum
2350 1552 2584 1618 ordines,
2606 1554 2761 1609 cunei
2784 1555 3068 1625 justorum,
3092 1562 3433 1631 omniumque
3458 1562 3547 1633 qui

1966 1636 2077 1692 Deo
2115 1639 2426 1709 placuerunt
2463 1643 2592 1697 varii
2636 1655 2827 1700 emtas.
2869 1646 3114 1703 Profecto
3143 1649 3380 1706 miranda
3404 1667 3552 1722 qua:-

1963 1728 2084 1785 dam
2127 1734 2407 1805 panegyris
2434 1745 2516 1790 est
2549 1752 2562 1789 :
2591 1737 2836 1807 quodque
2863 1739 3033 1807 majus
3059 1749 3141 1795 est
3166 1742 3416 1797 omnibus
3440 1785 3456 1807 ,
3495 1744 3546 1798 in

1961 1822 2136 1877 media
2158 1822 2453 1894 frequentia
2475 1837 2717 1882 versatur
2736 1828 2923 1884 horum
2940 1832 3175 1886 omnium
3198 1849 3308 1887 rex.
3336 1834 3546 1890 Etenim

1962 1912 2048 1967 uhi
2075 1913 2316 1980 dixisset,
2338 1916 2418 1968 Ad
2436 1916 2871 1973 innumerabilium
2887 1922 3178 1991 angelorum
3194 1924 3543 1993 frequentiam,

1960 2002 2209 2072 subjecit,
2237 2014 2285 2058 et
2309 2006 2377 2058 ad
2394 2006 2622 2077 judicent
2659 2010 3002 2065 universorum
3028 2010 3191 2067 Deum
3229 2013 3249 2085 (
3270 2013 3426 2068 Hebr.
3453 2017 3542 2073 η.

1957 2092 2084 2164 23).
2133 2092 2262 2162 Quis
2308 2111 2557 2166 umquam
2582 2098 2710 2153 vidit
2753 2098 2806 2155 in
2854 2104 3160 2173 panegyrim
3190 2105 3539 2174 prodeuntem

1956 2200 2139 2257 negem
2165 2186 2189 2240 ἲ
2236 2187 2332 2243 llic
2371 2189 2585 2260 quidem
2624 2206 2782 2246 nemo
2813 2192 2959 2258 vidit,
2989 2194 3098 2249 illic
3121 2205 3296 2251 autem
3326 2199 3413 2267 qui
3439 2199 3536 2253 ad—

1959 2279 2847 2354 suntperpetum'ident,quatenus
2875 2284 3022 2341 illum
3048 2287 3228 2344 videre
3256 2289 3398 2355 licet,
3428 2307 3537 2347 non

1957 2369 2127 2424 solum
2158 2381 2495 2441 prementem,
2519 2388 2702 2429 verum
2728 2376 2888 2430 etiam
2913 2391 3024 2432 suae
3047 2378 3231 2449 gloriae
3249 2381 3535 2450 splendore

1956 2459 2401 2518 condecorantem
2425 2464 2733 2520 universum
2762 2476 2982 2523 costum.
3012 2470 3079 2524 Et
3105 2480 3302 2526 nostra:
3321 2472 3538 2543 quidem

1955 2549 2291 2606 celebritates
2318 2553 2416 2608 sub
2447 2555 2721 2610 meridiem
2752 2558 3061 2628 plerumque.
3086 2561 3366 2617 solvuntur
3386 2605 3402 2631 ,
3448 2565 3536 2618 illa

1955 2659 2083 2698 vero
2112 2657 2217 2709 non
2246 2644 2393 2699 item.
2421 2643 2601 2717 Neque
2626 2648 2768 2701 enim
2791 2649 3049 2704 mensium
3080 2651 3130 2704 in
3152 2652 3333 2707 urbem
3358 2668 3540 2709 recur-

1954 2746 2063 2799 sus,
2093 2747 2266 2803 neque
2293 2748 2551 2790 annorum
2579 2737 2831 2792 circuitus
2853 2778 2869 2805 ,
2908 2754 3081 2810 neque
3113 2739 3320 2796 dierum
3348 2758 3538 2798 nume—

1954 2837 2070 2877 rum
2113 2833 2384 2893 exspectat
2432 2842 2445 2878 :
2486 2825 2580 2880 sed
2624 2836 2726 2881 sxat
2770 2838 3057 2898 perpetuo,
3108 2830 3352 2901 illiusque
3394 2832 3532 2887 bona

1958 2913 2106 2969 nullo
2135 2913 2360 2969 termino
2388 2915 2721 2978 clauduntur,
2755 2915 2912 2970 finem
2943 2933 3046 2971 non
3074 2919 3289 2985 habent,
3323 2934 3420 2975 nec
3448 2937 3539 2976 se-

1956 3018 2200 3072 nescere,
2230 3019 2328 3060 nec
2348 3019 2680 3060 marcescere
2713 3015 2950 3074 possunt,
2980 3008 3072 3061 sed
3100 3019 3221 3062 sunt
3245 3017 3352 3063 tum
3378 3011 3535 3079 senii,

1957 3103 2071 3150 tum
2107 3094 2296 3150 mortis
2324 3095 2579 3163 expertia.
2625 3094 2809 3149 Nullus
2835 3095 2939 3151 illic
2968 3098 3218 3152 tumultus
3237 3139 3253 3163 ,
3281 3101 3537 3168 quemad-

1961 3186 2178 3240 modum
2222 3185 2337 3248 hic,
2370 3185 2509 3239 nulla
2543 3185 2789 3251 turbatio,
2822 3185 2913 3240 sed
2944 3186 3128 3256 ingens
3154 3188 3389 3242 omnium
3415 3204 3538 3245 cum

1957 3278 2148 3332 ordine
2174 3276 2522 3345 compositio,
2555 3275 2691 3331 haud
2721 3291 2877 3332 secus
2904 3287 3063 3348 atque
3100 3279 3150 3333 in
3180 3279 3379 3335 cithara
3409 3297 3533 3350 qua-

1957 3369 2137 3438 piam,
2180 3368 2655 3422 modulatissimum
2697 3380 3009 3425 concentum
3041 3380 3094 3426 et
3120 3373 3304 3442 quavis
3338 3372 3535 3430 mus‘ics

1956 3461 2255 3514 suaviorem
2297 3460 2629 3514 reddentium
2674 3462 2945 3532 utriusque
2988 3473 3245 3518 creatura:
3288 3465 3534 3532 Domino,
3574 3454 3579 3459 ’

1952 3548 2077 3603 dum
2103 3548 2280 3602 anima
2303 3548 2412 3602 illic
2438 3549 2580 3603 velut
2602 3550 2653 3603 in
2681 3550 2845 3605 sacris
2864 3550 3065 3619 adytis,
3093 3550 3387 3622 divinisque
3415 3569 3534 3625 my-

1953 3645 2131 3699 steriis
2151 3686 2165 3709 ,
2195 3643 2491 3698 divinorum
2523 3659 2834 3698 arcanorum
2872 3646 3281 3701 celebrationem
3311 3649 3530 3717 peragit.

2019 3737 2073 3789 2.
2103 3736 2181 3789 Ad
2214 3735 2351 3789 hanc
2377 3735 2582 3789 beatam
2608 3747 2661 3789 et
2690 3737 2820 3791 senii
2847 3748 3115 3805 eripertem
3146 3749 3351 3807 sortem
3373 3740 3528 3795 hodie

1952 3828 2159 3882 transiit
2180 3828 2367 3881 beatus
2396 3826 2751 3897 Philogouius.
2783 3828 3035 3894 Qnmnam
3064 3829 3220 3899 igitur
3238 3831 3408 3883 oratio
3435 3846 3530 3899 par

1948 3920 2017 3973 sit
2057 3920 2191 3984 viro,
2236 3935 2395 3988 quem
2442 3919 2580 3974 Deus
2619 3928 2721 3973 tam
2762 3919 2901 3974 felici
2941 3930 3088 3976 sorte
3126 3921 3367 3991 dignatus
3411 3923 3531 3977 est?

1946 4010 2120 4064 Nulla.
2148 4010 2252 4065 Sed
2279 4025 2397 4078 age,
2428 4009 2511 4064 die
2549 4009 2697 4073 mihi,
2730 4025 2857 4064 num
2886 4009 3081 4065 idcirco
3107 4012 3422 4065 silebimus?
3465 4013 3531 4066 Et

1948 4101 2097 4171 cujus
2140 4101 2218 4155 rei
2260 4103 2426 4171 gratia
2466 4099 2849 4155 convenimus?
2892 4102 2972 4154 An
3002 4101 3239 4156 dicemus
3268 4116 3365 4155 nos
3389 4101 3527 4156 haud

1948 4205 2105 4260 posse
2153 4191 2564 4260 magnitudinem
2614 4198 2882 4260 gestorum
2935 4191 3173 4245 oratione
3230 4192 3528 4260 consequi?

1947 4281 2104 4351 Atqui
2127 4281 2196 4335 ob
2215 4281 2317 4336 hoc
2343 4282 2509 4351 ipsum
2536 4295 2755 4335 necesse
2773 4290 2855 4336 est
2879 4280 3076 4345 dicere,
3095 4282 3522 4352 quandoquidem

1948 4371 2063 4426 lucc
2085 4379 2167 4426 est
2194 4371 2455 4440 prmcipua
2476 4370 2687 4425 laudum
2710 4370 2847 4425 illius
2867 4387 3009 4441 pars,
3031 4371 3172 4441 quod
3198 4373 3344 4426 factis
3365 4374 3524 4429 verba

1948 4461 2260 4531 mquiparari
2287 4477 2392 4515 non
2420 4460 2642 4530 possint.
2683 4461 2813 4516 Nam
2852 4476 3076 4531 quorum
3105 4471 3249 4531 gesta
3283 4474 3524 4521 naturam

1947 4553 2106 4607 etiam
2151 4560 2403 4621 superant
2443 4552 2755 4616 mortalem,
2800 4552 3133 4622 perspicuum
3175 4562 3287 4620 est,
3336 4556 3524 4611 horum

1946 4643 2130 4698 laudes
2159 4642 2421 4698 excedere
2450 4643 2681 4712 linguam
2713 4642 3031 4699 humanam-
3068 4645 3216 4700 llaud
3253 4653 3425 4701 tamen
3453 4648 3524 4701 ob

1948 4736 2000 4790 id
2027 4735 2398 4806 aspernabitur
2421 4735 2658 4790 officium
2688 4745 2949 4798 nostrum,
2978 4736 3071 4791 sed
3101 4751 3253 4790 suum
3292 4737 3524 4791 imitabi-

1949 4835 2033 4880 tur
2074 4827 2348 4881 Dominum
2384 4844 2398 4881 :
2437 4825 2696 4896 siquidem
2737 4835 2791 4881 et
2833 4826 2922 4881 ille
2960 4825 3130 4879 vidua:
3157 4825 3291 4881 duos
3321 4836 3522 4882 tantum

1947 4917 2132 4971 obolos
2155 4916 2442 4987 dejicicnti,
2473 4932 2579 4971 non
2609 4925 2809 4971 tantum
2831 4916 3055 4972 duorum
3081 4918 3355 4972 obolorum
3383 4934 3523 4973 mer—

1945 5009 2127 5064 cedem
2156 5010 2401 5064 reddidit.
2443 5010 2549 5064 Cur
2587 5011 2655 5064 ita
2699 5011 2944 5065 tandem?
2984 5010 3240 5078 Quoniam
3272 5026 3376 5065 non
3402 5027 3524 5082 per-

1946 5099 2208 5169 pendehat
2235 5100 2470 5169 pecuniae
2497 5100 2731 5167 modum,
2755 5099 2850 5154 sed
2877 5099 3038 5153 animi
3062 5101 3291 5155 divitias.
3319 5100 3450 5155 Nam
3477 5103 3523 5157 si

1948 5191 2186 5262 pecunia:
2215 5190 2430 5245 modum
2457 5190 2725 5259 expendas
2747 5231 2760 5252 .
2788 5204 2975 5259 magna
3013 5197 3293 5258 paupertas
3329 5197 3413 5244 est
3441 5189 3525 5245 :si

1947 5283 2266 5337 voluntatem
2293 5282 2549 5351 explices,
2572 5280 2886 5336 ineffabilem
2916 5280 3116 5334 videbis
3136 5279 3331 5335 excelsi
3359 5280 3522 5336 animi

1946 5375 2271 5430 thesaurum.
2298 5373 2525 5428 Proinde
2548 5372 2786 5441 quamvis
2815 5380 3007 5425 nostra!
3028 5368 3297 5426 facultates
3318 5372 3522 5443 exigua:

1944 5467 2047 5521 sint
2074 5465 2385 5533 minimique
2411 5463 2595 5533 pretii,
2625 5470 2855 5515 attamen
2886 5475 3004 5529 qum
3034 5474 3313 5528 possumus
3339 5461 3519 5519 oﬂ’crt-

1945 5558 2080 5611 nuis.
2131 5557 2199 5611 Et
2246 5555 2370 5610 licet
2416 5544 2525 5608 non
2573 5552 2929 5622 respondeant
2971 5553 3314 5622 magnitudini
3359 5554 3524 5609 animi

1946 5646 2184 5718 praeclari
2228 5645 2462 5715 justique
2507 5643 2797 5713 Philogonii
2823 5682 2837 5708 ,
2884 5651 3056 5697 tamen
3089 5644 3187 5698 hoc
3210 5645 3378 5714 ipsum
3408 5660 3519 5698 nia-

1947 5734 2305 5814 gnanimitatis
2328 5734 2773 5794 illiusmaximum
2797 5735 2949 5792 fuerit
2974 5744 3361 5806 argumentum,
3379 5735 3516 5806 quin!
