4062 6166
451 335 548 392 ’151

448 466 548 505 nec
577 448 765 519 pusilla
794 445 1039 516 repellat,
1063 443 1158 500 sed
1187 443 1325 497 idem
1355 442 1510 497 faciat
1537 441 1678 510 quod
1705 440 1882 495 solent
1903 441 2035 494 divi-

451 554 551 598 tes.
588 541 858 611 Siquidem
897 539 973 592 illi
1009 553 1129 592 eum
1156 535 1457 604 acceperint
1498 549 1526 588 a
1573 535 1815 590 tenuibus
1841 536 2030 604 exigua

453 634 640 704 quibus
680 648 785 685 non
825 637 1007 700 egent,
1037 643 1128 682 sna
1171 627 1400 680 vicissim
1442 634 1734 694 apponunt,
1781 641 2031 680 remune-

452 736 626 779 rantes
669 738 784 786 eos,
821 723 909 790 qui
947 719 1088 790 quod
1125 726 1370 788 poterant
1410 717 1696 772 obtulerint
1726 734 1740 771 :
1773 716 1952 770 itidem
1981 724 2036 770 et

447 815 536 870 hic
575 831 698 871 eum
741 815 1006 884 acceperit
1043 827 1072 866 a
1121 811 1274 866 nobis
1315 810 1543 876 laudem,
1567 825 1670 879 qua
1700 824 2031 878 nequaquam

446 918 583 978 eget,
601 907 874 962 redonabit
895 904 1048 958 nobis
1070 918 1162 972 per
1181 903 1292 972 ipsa
1316 902 1449 958 facta
1467 901 1909 966 benedictionem,
1929 915 2031 970 qua

445 1013 659 1066 semper
686 997 1000 1066 indigemus.
1035 994 1182 1050 Unde
1205 994 1363 1064 igitur
1389 993 1598 1048 laudem
1629 993 1767 1047 illius
1792 993 2037 1061 auspica-

448 1088 662 1141 himur?
710 1088 791 1140 An
838 1101 867 1138 a
914 1086 1246 1156 magistratu,
1271 1100 1428 1154 quem
1457 1083 1687 1152 Spiritus
1715 1083 1790 1136 illi
1820 1082 2034 1136 tradidit

446 1181 649 1249 gratia?
678 1179 809 1233 Nam
835 1177 1086 1232 mundani
1109 1177 1445 1246 magistratus
1461 1190 1789 1245 nequaquam
1810 1181 2033 1243 possunt

447 1286 652 1337 eorum,
701 1271 894 1340 quibus
935 1269 1124 1326 crediti
1160 1277 1330 1334 sunt,
1367 1267 1733 1322 demonstrare
1762 1267 1982 1321 virtutes
2017 1284 2030 1320 :

448 1361 574 1430 quin
602 1361 776 1430 potius
810 1359 1118 1429 frequenter
1148 1359 1342 1414 habent
1377 1358 1767 1412 accusationem
1796 1357 2032 1411 malitize.

448 1452 658 1516 Quare?
686 1451 946 1517 Quoniam
975 1460 1028 1504 et
1057 1450 1346 1518 patrocinia
1375 1449 1689 1513 amicorum,
1723 1458 1775 1501 et
1801 1449 2032 1501 cireum-

458 1542 780 1596 enrsationcs
817 1549 872 1595 et
911 1541 1240 1595 adulationes
1260 1582 1273 1604 ,
1302 1541 1509 1609 aliaque
1536 1539 1793 1607 permulta
1831 1539 1911 1592 his
1940 1537 2039 1594 fte-

459 1629 602 1684 Jiora
630 1631 758 1684 tales
785 1630 1121 1699 magistratus
1143 1630 1317 1682 solent
1335 1629 1617 1683 conciliare
1639 1647 1649 1680 :
1674 1638 1921 1682 caeterum
1948 1627 2036 1682 ubi

455 1728 594 1778 "deus
632 1740 730 1778 suo
772 1723 1022 1793 suffragio
1051 1724 1336 1793 designarit
1356 1723 1608 1790 aliquem,
1633 1722 1824 1788 illaque
1851 1736 2039 1774 manus

452 1824 692 1868 sanctum
723 1815 1002 1884 contigerit
1053 1824 1244 1883 caput.
1289 1816 1652 1882 incorruptum
1706 1812 2035 1880 suffragium,

454 1905 686 1959 alienum
713 1921 742 1958 a
766 1905 1065 1973 sIISpicione
1089 1903 1364 1972 judicium,
1398 1903 1689 1958 indubitata
1713 1901 1869 1955 fuerit
1889 1901 2038 1955 dele-

451 1994 520 2049 cti
545 1995 906 2064 eomprobatio
930 2005 1147 2064 propter
1171 1995 1284 2060 ejus
1305 1994 1392 2062 qui
1423 1993 1618 2062 delegit
1646 1992 2035 2046 auctoritatem.

524 2085 858 2156 Philogonius
878 2087 1177 2155 conjugatus
1201 2088 1368 2155 forum
1389 2083 1689 2148 sectabatur,
1709 2093 1879 2152 postea
1905 2082 1950 2134 Ε
1955 2082 2006 2148 pi
2020 2113 2036 2124 ο

448 2192 631 2244 acopus
659 2178 820 2245 factus
845 2185 937 2227 est.
961 2205 1029 2213 —
1057 2175 1223 2227 l‘orro
1253 2173 1393 2242 quod
1432 2173 1654 2241 elegerit
1682 2172 1827 2226 illum
1857 2172 1994 2225 Deus
2019 2211 2034 2237 ,

450 2268 536 2321 vel
560 2283 625 2319 ex
653 2268 762 2335 ipsa
793 2281 1000 2319 morum
1034 2265 1329 2330 integritate
1361 2264 1695 2333 perspicuum
1719 2271 1820 2326 cst,
1843 2262 2038 2332 quippe

451 2372 606 2428 quem
630 2372 695 2409 ex
729 2355 902 2408 medio
933 2359 1209 2424 abreptum
1239 2354 1354 2408 foro
1380 2355 1444 2408 ad
1477 2353 1722 2407 thronum
1751 2354 1892 2407 hunc
1915 2368 2038 2408 cve-

450 2449 591 2502 xcrit
616 2466 631 2502 :
659 2447 793 2502 adeo
817 2460 1016 2501 castam
1048 2456 1101 2501 et
1126 2448 1383 2516 insignem
1413 2448 1558 2516 prius
1584 2448 1688 2516 egit
1714 2447 1895 2512 vitam,
1915 2461 2034 2499 cum

449 2553 668 2591 uxorem
699 2537 918 2591 haberet
945 2552 1008 2591 ac
1038 2535 1198 2590 filiam
1229 2544 1283 2591 et
1307 2536 1358 2590 in
1385 2536 1498 2590 foro
1525 2544 1825 2590 versaretur
1859 2553 1872 2587 :
1903 2534 2038 2589 adeo

447 2629 616 2683 solem
647 2629 817 2697 ipsum
847 2626 1130 2696 splendore
1169 2627 1292 2680 vicit
1313 2667 1328 2693 ,
1358 2635 1416 2680 ut
1459 2626 1699 2694 protinus
1729 2625 1829 2679 hoc
1868 2624 2038 2695 magi-

448 2728 618 2772 stratu
639 2717 829 2787 dignus
851 2717 1146 2783 videretur,
1177 2727 1231 2772 et
1253 2733 1283 2770 a
1303 2717 1624 2786 judiciorum
1655 2717 1670 2747 ι
1701 2715 1944 2770 tribunali
1971 2715 2038 2770 ad

448 2821 658 2862 sacrum
680 2808 909 2862 tribunal
925 2817 1140 2862 evectus
1160 2807 1249 2863 sit.
1274 2807 1350 2861 Ac
1373 2815 1482 2861 tum
1501 2805 1713 2876 quidem
1734 2805 2039 2862 hominibus

447 2899 884 2972 patrocinabatur
912 2899 1165 2954 adversus
1189 2899 1454 2968 homines,
1479 2899 1569 2968 qui
1597 2899 1873 2954 struebant
1901 2899 2034 2953 insi-

445 2994 580 3059 dias,
613 3006 708 3049 eos
732 2993 820 3062 qui
847 2992 1213 3048 afliciebantur
1237 2993 1448 3063 injuria,
1475 2993 1779 3064 superiores
1804 2992 2036 3049 reddens

445 3087 531 3152 iis,
559 3089 646 3156 qui
675 3083 919 3154 iujuriam
946 3083 1242 3140 inferebant
1269 3101 1284 3139 :
1309 3083 1397 3139 hic
1423 3093 1602 3140 autem
1626 3084 1779 3139 adest
1800 3085 2034 3140 homini-

443 3180 544 3234 bus
564 3177 908 3250 patrocinans
929 3177 1185 3232 adversus
1209 3177 1479 3233 daemones
1501 3177 1831 3233 invadentes.
1856 3179 2036 3245 Quan-

445 3277 555 3324 tum
586 3281 760 3324 autem
788 3267 857 3324 sit
887 3268 1098 3336 pictatis
1127 3277 1521 3336 argumentum,
1552 3267 1694 3337 quod
1724 3267 1861 3322 Deus
1889 3268 2036 3322 illum

443 3371 590 3415 tanto
611 3361 917 3431 magistratu
935 3358 1430 3429 dignumjudiearit,
1453 3359 1597 3425 audi,
1619 3358 1866 3413 Christus
1881 3360 2028 3414 exei-

444 3462 584 3506 tatns
609 3468 638 3506 a
662 3461 854 3516 morte,
887 3450 1014 3519 quid
1037 3449 1164 3505 dicit
1187 3449 1380 3505 Petro?
1408 3449 1692 3518 Postquam
1718 3449 1860 3505 enim
1883 3450 2031 3504 illum

442 3545 842 3613 interrogasset,
863 3542 1036 3607 Pctre,
1057 3559 1198 3596 amas
1220 3558 1298 3595 me
1315 3541 1494 3610 (Joan.
1512 3542 1602 3595 2L
1626 3542 1714 3612 16)
1729 3543 1752 3595 ?
1769 3543 1918 3611 isque
1931 3557 2038 3597 res-

443 3635 739 3703 poudisscl:
764 3633 859 3697 Tu,
873 3632 1212 3698 Domine,scis
1231 3631 1364 3702 quod
1379 3648 1493 3685 amo
1513 3641 1587 3686 te:
1607 3647 1710 3686 non
1729 3632 1861 3686 dixit
1876 3632 2032 3684 Chri-

443 3724 753 3792 stus,abjice
767 3725 1038 3793 pecunias,
1049 3723 1308 3792 jejunium
1321 3738 1534 3786 exerce,
1549 3738 1757 3777 macera
1779 3733 1828 3778 te
1843 3723 2030 3778 labori-

444 3815 568 3878 bus,
595 3823 832 3869 mortuos
855 3815 1048 3880 excita,
1071 3813 1342 3868 daemones
1356 3814 1508 3884 abige
1525 3854 1540 3878 ,
1561 3813 1688 3867 nihil
1706 3814 1784 3869 vel
1813 3813 2028 3878 horum,

444 3906 532 3959 vel
547 3905 768 3959 aliorum
786 3905 1160 3960 miraculorum
1179 3914 1428 3974 recteque
1450 3906 1706 3959 factorum
1731 3907 1782 3959 in
1802 3905 2031 3960 medium

441 3996 680 4059 adduxit,
716 3996 808 4051 sed
839 3997 1086 4052 omnibus
1116 3997 1217 4050 illis
1247 3996 1622 4066 praetermissis
1652 3997 1780 4051 dicit
1818 3997 1891 4050 illi
1926 4013 1938 4050 :
1973 3996 2035 4052 Si

442 4089 612 4159 diligis
642 4105 752 4154 me,
783 4105 930 4160 pasce
967 4104 1081 4142 oves
1119 4104 1274 4142 meas.
1311 4087 1424 4142 Hoc
1462 4097 1641 4142 autem
1681 4087 1891 4142 dicebat
1925 4102 2033 4141 non

441 4182 614 4235 solum
629 4188 689 4233 ut
703 4179 859 4235 nobis
875 4178 1172 4234 certissime
1190 4178 1506 4244 declararet,
1521 4187 1850 4249 quantopere
1863 4179 2032 4247 ipsum

441 4271 685 4342 diligeret
709 4271 935 4326 Petrus:
965 4285 1149 4338 verum
1171 4271 1331 4325 etiam
1353 4279 1412 4324 ut
1439 4285 1592 4325 suum
1607 4285 1729 4340 erga
1755 4283 1878 4324 suas
1903 4282 2031 4323 oves

441 4378 677 4417 amorem
708 4361 1050 4427 ostenderet,
1085 4363 1374 4416 maximum
1405 4362 1710 4430 exemplum
1756 4361 2029 4430 proposuit

443 4455 586 4509 Petri
614 4471 737 4523 erga
761 4455 932 4524 ipsum
959 4456 1174 4519 amoris,
1207 4464 1407 4508 tantum
1435 4469 1540 4509 non
1566 4455 1749 4509 dicens
1782 4474 1795 4510 :
1827 4455 1925 4522 Qui
1946 4452 2031 4510 di-

442 4547 558 4615 ligit
585 4560 712 4600 oves
750 4561 897 4600 meas
918 4587 933 4611 ,
965 4562 1050 4601 me
1092 4547 1280 4616 diligit.
1313 4545 1446 4602 Vide
1488 4546 1648 4616 igitur
1676 4563 1832 4616 quam
1864 4551 2029 4606 multa

442 4645 660 4706 propter
692 4635 833 4691 hunc
862 4651 1078 4705 gregem
1129 4651 1314 4706 passus
1353 4638 1421 4691 sit
1458 4637 1719 4692 Christus.
1749 4639 1919 4694 Homo
1952 4640 2030 4696 fa-

441 4739 562 4783 ctus
582 4736 684 4792 est,
705 4728 843 4781 servi
869 4729 1096 4781 formam
1119 4728 1425 4797 assumpsit,
1439 4736 1728 4797 eonspntus
1740 4739 1840 4796 est,
1863 4731 2030 4802 alapis

441 4835 612 4876 caesus
638 4829 754 4886 est,
794 4829 1066 4890 postremo
1110 4836 1179 4875 ne
1220 4829 1446 4876 mortem
1476 4821 1687 4890 quidem
1727 4827 2026 4893 recusavit,

441 4927 666 4981 eamque
687 4911 1273 4981 ignominiosissimam;
1306 4911 1566 4982 siquidem
1595 4911 1646 4966 in
1672 4928 1829 4968 cruce
1855 4915 2026 4984 ipsum

438 5002 598 5056 etiam
629 5001 940 5071 sanguinem
988 5000 1192 5056 eﬂudit.
1224 5000 1406 5071 Itaque
1445 5002 1491 5057 si
1536 5005 1654 5072 quis
1681 5005 1910 5077 voluerit
1950 5008 2026 5061 illi

438 5092 842 5146 eonimendatus
870 5105 1012 5156 esse,
1040 5105 1221 5146 curam
1247 5091 1438 5148 habeat
1461 5094 1640 5148 ovium
1672 5095 1830 5160 illius,
1857 5097 2028 5166 publi-

437 5199 555 5238 cam
587 5191 791 5254 qmerat
833 5183 1115 5239 utilitatem
1139 5227 1154 5250 ,
1188 5184 1408 5240 fratrum
1453 5202 1669 5241 suorum
1709 5189 1862 5244 saluti
1903 5205 2027 5259 pro-

437 5275 627 5342 spiciat
654 5291 667 5327 :
698 5275 898 5329 nullum
943 5275 1088 5329 enim
1131 5275 1363 5330 officium
1405 5277 1506 5331 hoc
1549 5279 1658 5332 Deo
1687 5280 1861 5332 carius
1903 5290 2024 5335 est:

438 5363 562 5420 ideo
587 5365 713 5418 alibi
751 5365 879 5420 dicit
907 5383 922 5420 :
955 5365 1134 5420 Simon
1159 5407 1174 5430 ,
1205 5366 1416 5433 Simon,
1445 5370 1676 5438 expetivit
1705 5370 1946 5434 Satanas,
1975 5381 2030 5425 ut

437 5457 676 5509 cribraret
702 5465 748 5508 te
773 5466 1028 5526 tamquam
1049 5457 1269 5511 triticum
1292 5497 1308 5523 ,
1338 5459 1426 5512 sed
1449 5477 1540 5530 ego
1567 5461 1740 5531 rogavi
1764 5478 1854 5530 pro
1885 5473 1950 5525 te,
1973 5471 2030 5516 ut

438 5561 540 5598 non
567 5546 768 5613 deficiat
795 5547 920 5614 ﬁdes
946 5558 1034 5601 tua
1083 5547 1247 5618 (Luc.
1288 5550 1378 5602 22.
1414 5552 1500 5605 3|.
1534 5552 1666 5622 5‘2).
1695 5553 1842 5620 Quod
1873 5554 2030 5623 igitur

446 5634 605 5703 hujus
623 5636 996 5692 sollicitudinis
1021 5655 1268 5710 curteque
1289 5645 1562 5710 praemium
1593 5645 1719 5702 mihi
1743 5648 2031 5718 rependis?

514 5747 530 5779 ι
570 5751 618 5795 In
646 5742 891 5809 plerisque
907 5756 1013 5799 Mss.
1038 5750 1200 5813 deest,
1213 5751 1530 5814 judiciorum.

1187 329 1243 383 S.
1285 326 1564 383 JOANNIS
1588 324 2062 382 GURYSOSTOMI
2103 327 2422 385 ARCIIIEP.
2461 331 3010 389 CONSTANTINOP.

3619 336 3734 393 758

2137 441 2242 496 Sed
2265 459 2420 512 quam
2445 445 2611 514 poscit
2631 447 2889 516 gratiam?
2910 447 3158 503 Eamdem
3182 464 3382 514 curam,
3400 466 3554 517 quam
3572 452 3726 508 nobis

2139 532 2394 602 impendit
2426 538 2674 605 reposcit.
2707 538 2836 592 Nam
2869 548 2914 592 et
2953 547 3039 603 tu,
3074 539 3278 608 inquit,
3308 541 3578 610 aliquando
3604 559 3728 595 con-

2137 637 2308 676 versus
2331 666 2347 690 ,
2375 626 2622 693 conﬁrma
2658 629 2841 697 fratres
2870 637 3003 682 tuos.
3036 627 3125 683 Sic
3149 638 3203 683 et
3230 629 3423 684 Paulus
3448 632 3519 684 ait
3549 649 3562 683 :
3593 630 3722 684 Imi-

2137 723 2322 767 tatores
2347 716 2444 768 mei
2489 725 2640 770 estote
2669 719 2797 771 sicut
2826 728 2873 772 et
2910 735 3002 789 ego
3029 719 3214 772 Christi
3242 722 3259 787 (
3284 722 3334 774 l.
3365 718 3483 776 Car.
3511 721 3564 776 4.
3600 722 3721 789 ili}.

2137 804 2414 872 Quomodo
2450 807 2621 862 factus
2659 823 2720 863 es
2757 807 2953 865 Christi
3000 811 3272 866 imitator?
3309 811 3568 866 Omnibus
3632 828 3727 880 per

2137 897 2312 951 omnia
2331 899 2567 967 placens,
2584 915 2686 954 non
2709 917 2954 971 qumrens
2971 918 3142 956 meam
3164 903 3461 964 utilitatem,
3481 905 3573 959 sed
3594 906 3730 958 inul-

2139 999 2334 1054 torum,
2359 999 2416 1042 ut
2436 991 2566 1044 salvi
2591 991 2798 1046 fierent.
2823 992 3026 1046 Rursus
3052 993 3159 1046 alio
3186 995 3304 1047 loco
3329 994 3461 1048 dicit
3485 1012 3496 1045 :
3523 993 3732 1048 Etenim

2140 1077 2368 1133 Christus
2390 1097 2488 1133 non
2509 1081 2603 1134 sibi
2625 1082 2722 1151 ipsi
2749 1083 2960 1152 placuit,
2983 1084 3068 1137 sed
3095 1086 3263 1139 multis
3290 1085 3476 1157 (Rom.
3508 1087 3590 1140 15.
3613 1088 3682 1157 5)
3713 1105 3724 1138 :

2140 1187 2312 1241 neque
2339 1187 2558 1242 prorsus
2589 1174 2690 1228 alia
2720 1190 2807 1230 res
2837 1184 2937 1241 est,
2969 1192 3086 1246 qua:
3115 1178 3335 1245 perinde
3367 1179 3605 1233 declaret
3628 1180 3730 1232 du.

2139 1273 2384 1333 ceatque,
2418 1265 2537 1335 quis
2563 1266 2633 1319 sit
2659 1265 2826 1321 fidelis
2850 1275 2904 1322 et
2926 1282 3111 1320 amans
3131 1267 3347 1332 Christi,
3372 1285 3529 1338 quam
3554 1271 3599 1326 si
3623 1270 3732 1323 fra~

2141 1364 2279 1408 trum
2309 1371 2489 1409 curam
2519 1366 2660 1425 agat,
2695 1357 3011 1427 illormuque
3037 1359 3192 1412 saluti
3224 1361 3529 1429 prOSpiciat.

2212 1449 2264 1501 5.
2307 1447 2430 1501 "me
2460 1449 2678 1503 audiant
2707 1458 2760 1503 et
2801 1450 3046 1505 monachi
3085 1467 3271 1506 omnes
3295 1494 3310 1519 ,
3338 1452 3425 1522 qui
3467 1451 3734 1507 montium

2140 1547 2470 1605 occuparunt
2495 1541 2770 1594 cacumina
2788 1582 2803 1606 ,
2832 1541 3025 1611 quique
3053 1541 3225 1596 modis
3250 1543 3496 1598 omnibus
3522 1545 3732 1613 seipsos

2140 1627 2336 1681 mundo
2379 1628 2786 1695 crucifixerunt;
2841 1648 2945 1701 quo
2983 1647 3079 1701 pro
3119 1634 3320 1689 viribus
3369 1634 3729 1689 Ecclesiarum

2141 1719 2418 1788 prrefeetos
2447 1723 2698 1788 adjuvant
2717 1765 2731 1790 ,
2766 1734 2820 1778 et
2849 1725 3066 1778 incitent
3093 1727 3372 1794 precibus,
3403 1725 3685 1781 concordia
3712 1769 3729 1794 ,

2145 1811 2389 1890 caritate,
2416 1813 2645 1866 scientes
2671 1815 2810 1882 quod
2843 1817 2892 1870 ui
2924 1815 3095 1870 modis
3132 1817 3378 1874 omnibus
3402 1819 3740 1888 opitulentur

2139 1901 2226 1967 iis,
2249 1902 2339 1971 qui
2373 1911 2449 1956 tot
2485 1904 2732 1972 periculis
2761 1905 3080 1972 objiciuntur
3109 1923 3204 1978 per
3232 1909 3451 1977 gratiam
3482 1909 3595 1974 Dei,
3621 1918 3728 1963 tot-

2140 2009 2243 2063 que
2281 1996 2610 2064 negotiorum
2641 2011 2796 2050 curas
2825 1997 3092 2051 sustinent
3112 2041 3126 2063 ,
3159 1999 3579 2069 quibuscumque
3609 2016 3738 2069 pos-

2141 2095 2263 2138 sunt
2309 2087 2598 2140 rationibus
2632 2087 2982 2154 auxilientur,
3013 2106 3334 2160 quamquam
3364 2092 3545 2160 procul
3575 2091 3736 2146 habi-

2142 2188 2335 2242 tantes,
2361 2188 2411 2233 et
2447 2189 2607 2248 caput
2637 2178 2767 2248 ipsis
2807 2180 3019 2249 peribit,
3063 2191 3118 2235 et
3164 2192 3271 2236 tota
3309 2183 3612 2238 destruetur
3646 2198 3740 2237 sa-

2141 2269 2360 2336 pientia.
2406 2268 2606 2322 Verum
2659 2269 2761 2324 hoc
2805 2285 2924 2325 esse
2968 2273 3254 2326 maximum
3307 2274 3553 2327 amicitia:
3600 2288 3739 2344 erga

2139 2361 2408 2416 Christum
2439 2371 2808 2445 argumentum
2835 2363 2961 2418 hinc
2980 2364 3280 2421 declaratur
3303 2383 3316 2418 :
3339 2366 3610 2421 videamus
3639 2381 3740 2420 au-

2143 2469 2247 2516 tem
2307 2462 2573 2531 quomodo
2635 2478 2828 2518 munus
2888 2464 2989 2518 hoc
3050 2463 3283 2532 epise0pi
3325 2463 3740 2516 administrarit.

2141 2551 2276 2620 Quin
2301 2555 2474 2622 potius
2494 2570 2600 2620 pon
2625 2562 2706 2609 est
2735 2569 2869 2624 opus
2896 2554 2982 2610 hic
3013 2555 3252 2624 pluribus
3281 2555 3458 2610 verbis
3483 2564 3575 2608 ant
3598 2570 3743 2610 voce

2139 2651 2319 2697 nostra
2339 2685 2354 2710 ,
2386 2644 2596 2713 quando
2621 2655 2856 2700 vestrum
2885 2645 3118 2700 studium
3166 2646 3265 2701 hoc
3305 2647 3443 2700 ultro
3471 2646 3738 2701 declarat.

2143 2733 2292 2788 Sicut
2313 2735 2454 2789 enim
2475 2735 2665 2804 aliquis
2695 2737 2966 2807 ingressus
2987 2737 3215 2802 vineam,
3242 2738 3478 2808 vitesque
3499 2749 3746 2792 eontem-

2141 2823 2316 2893 platus
2341 2825 2602 2894 pampinis
2617 2837 2911 2892 comantes,
2937 2827 3107 2882 fructu
3128 2837 3369 2895 onustas,
3394 2829 3644 2883 maceriis
3668 2842 3745 2888 ac

2139 2917 2305 2984 septis
2322 2903 2554 2986 undique
2567 2919 2816 2984 munitas,
2831 2919 3233 2990 haudquaquam
3250 2920 3518 2976 desiderat
3529 2923 3748 2978 oratio-

2140 3022 2263 3063 nem
2291 3008 2734 3081 cujusquam,qui
2765 3009 3094 3067 demonstret
3126 3011 3363 3067 vinitoris
3393 3013 3746 3080 industriam,

2141 3108 2196 3157 et
2214 3101 2463 3170 agricola:
2489 3103 2738 3158 virtutem
2774 3122 2787 3158 :
2819 3103 2999 3158 itidem
3023 3112 3079 3159 et
3108 3104 3214 3169 hic,
3247 3106 3292 3159 si
3321 3106 3439 3174 quis
3461 3106 3750 3176 ingressus

2139 3193 2430 3262 conspiciat
2456 3195 2589 3250 vites
2617 3196 2938 3264 spiritualcs,
2967 3204 3312 3265 vestrmnque
3343 3197 3569 3252 lructum
3595 3214 3745 3253 con-

2141 3289 2452 3358 templetur,
2483 3290 2557 3345 nil
2587 3305 2720 3359 opus
2750 3291 3034 3356 habuerit,
3073 3301 3129 3344 nt
3169 3307 3238 3345 ex
3272 3291 3581 3361 cujusquam
3610 3308 3749 3346 ora-

2143 3379 2285 3434 tione
2319 3379 2507 3443 discat,
2555 3382 2725 3450 qualis
2770 3382 2842 3435 sit
2880 3391 3060 3436 vester
3097 3382 3436 3452 pracpositus.
3482 3382 3632 3436 Sient
3678 3393 3750 3439 et

2138 3469 2335 3526 Paulus
2359 3472 2544 3526 scribit
2575 3488 2588 3524 :
2627 3470 2856 3541 Epistola
2897 3488 3008 3526 mea
3045 3488 3130 3526 vos
3165 3473 3314 3538 estis,
3345 3489 3460 3542 qua:
3486 3474 3749 3542 inscripta

2139 3571 2230 3628 est,
2260 3573 2306 3617 et
2335 3564 2514 3634 legitur
2543 3564 2628 3635 (2.
2656 3564 2773 3618 Cor.
2801 3565 2854 3619 5.
2884 3563 2973 3636 2).
3004 3565 3224 3620 Fluvius
3256 3566 3432 3635 arguit
3463 3566 3634 3634 qualis
3659 3567 3748 3620 sit

2141 3653 2294 3720 fons,
2321 3665 2376 3710 et
2408 3655 2612 3710 fructus
2656 3655 2855 3711 indicat
2899 3656 3072 3727 qualis
3111 3658 3182 3710 sit
3226 3656 3398 3710 radix.
3435 3654 3746 3712 Dicendum

2139 3746 2299 3817 igitur
2319 3756 2434 3802 erat
2460 3757 2514 3802 et
2537 3757 2745 3818 tempus
2771 3764 2879 3819 quo
2904 3748 3255 3818 principatum
3283 3749 3423 3802 hunc
3445 3747 3688 3818 suscepit
3722 3768 3742 3803 :

2139 3855 2314 3908 neque
2356 3840 2498 3895 enim
2538 3839 2652 3893 ha‘e
2690 3840 2908 3894 minima
2958 3855 3081 3909 pars
3124 3841 3350 3894 encomii
3395 3839 3588 3904 fuerit,
3632 3840 3743 3896 sed

2140 3929 2318 4000 magni
2364 3929 2618 3984 momenti
2665 3929 2730 3984 ad
2775 3929 3146 3985 declarandam
3195 3929 3425 3984 hominis
3454 3931 3739 3986 virtutem.

2139 4019 2246 4074 Res
2279 4030 2388 4075 tum
2417 4030 2534 4076 erat
2571 4022 2752 4076 multae
2781 4021 3104 4075 diflicultatis
3131 4037 3253 4076 cum
3282 4037 3451 4090 nuper
3475 4031 3619 4075 esset
3641 4036 3744 4076 se-

2138 4110 2258 4164 data
2291 4112 2632 4181 persequutio
2656 4151 2671 4176 ,
2703 4112 3038 4168 manentibus
3080 4115 3368 4168 etiamnum
3397 4114 3741 4184 gravissima:

2136 4203 2467 4271 tempestatis
2497 4203 2637 4258 illius
2666 4205 2921 4275 reliquiis,
2947 4219 3174 4276 cumque
3211 4206 3417 4276 negotia
3445 4206 3736 4274 plurimam

2137 4294 2502 4350 desiderarent
2526 4297 2935 4352 correctionem.
2981 4297 3074 4353 llis
3113 4298 3332 4367 insuper
3365 4298 3492 4353 illud
3530 4287 3734 4367 adjun-

2135 4385 2366 4454 gendum
2394 4395 2511 4442 erat
2531 4427 2547 4451 ,
2581 4387 2724 4457 quod
2753 4388 3124 4443 htereticorum
3155 4387 3315 4443 factio
3343 4389 3442 4443 sub
3471 4389 3560 4442 illo
3601 4400 3730 4444 nata

2138 4479 2406 4547 negotium
2424 4479 2683 4546 exhibuit,
2700 4480 2841 4536 illius
2860 4481 3115 4550 sapientia
3133 4491 3323 4536 cuncta
3341 4482 3726 4552 prospiciente.

2136 4567 2332 4625 Verum
2360 4569 2427 4624 ad
2453 4571 2608 4624 aliam
2639 4571 2995 4628 necessariam
3022 4573 3296 4628 materiam
3325 4573 3476 4628 nobis
3509 4573 3731 4629 festinat

2135 4660 2329 4726 oratio,
2361 4676 2531 4731 eoque
2559 4663 2826 4717 communi
2853 4663 3014 4732 patri,
3038 4663 3285 4733 beatique
3309 4664 3606 4734 Philogonii
3629 4680 3727 4720 se-

2135 4753 2323 4808 ctatori
2349 4753 2462 4808 haec
2485 4753 2708 4809 dicenda
2737 4754 3118 4825 relinquentes,
3139 4744 3208 4809 ut
3235 4755 3326 4825 qui
3354 4756 3543 4810 melius
3565 4757 3726 4812 nobis

2135 4853 2314 4899 teneat
2350 4844 2604 4915 quidquid
2641 4853 2727 4901 est
2765 4846 3134 4916 antiquitatum
3158 4885 3174 4910 ,
3202 4846 3269 4902 ad
3305 4847 3462 4901 aliam
3499 4847 3725 4901 concio-

2137 4935 2299 4991 nandi
2342 4937 2600 4992 rationem
2648 4947 3002 4994 transeamus.
3059 4939 3276 5008 Appetit
3319 4938 3464 4994 enim
3520 4937 3720 4993 festum

2134 5026 2370 5081 omnium
2402 5025 2656 5082 festorum
2701 5027 2931 5084 maxime
2959 5028 3320 5084 venerandum
3350 5027 3720 5083 tremendum-

2133 5133 2236 5188 que
2269 5136 2284 5173 :
2311 5117 2453 5188 quod
2483 5119 2529 5173 si
2558 5119 2676 5189 quis
2704 5119 2934 5189 appellet
2961 5120 3196 5175 omnium
3229 5119 3486 5176 festorum
3520 5128 3724 5174 metro-

2133 5211 2295 5279 polim
2317 5251 2332 5275 ,
2363 5209 2767 5280 haudquaquam
2799 5211 3028 5266 aberret.
3059 5212 3212 5279 Quod
3253 5220 3435 5267 autem
3465 5211 3568 5266 hoc
3594 5209 3720 5266 est?

2131 5300 2330 5355 Christi
2361 5302 2410 5354 in
2437 5317 2598 5356 carne
2621 5301 2840 5356 Natalis.

2203 5393 2282 5448 De
2309 5397 2439 5463 festo
2469 5392 2764 5447 Nativitatis
2789 5404 2836 5448 et
2865 5394 3166 5465 Epiphaniae
3189 5395 3395 5450 Christi.
3416 5425 3490 5436 —
3506 5395 3590 5450 Ab
3615 5395 3718 5451 hoc

2132 5485 2272 5538 enim
2293 5483 2483 5538 festmn
2505 5484 2948 5554 Epiphaniormn,
2967 5501 3030 5541 ac
3050 5502 3260 5541 sacrum
3282 5487 3505 5553 Pascha,
3525 5489 3722 5542 Ascen-

2132 5576 2233 5640 sio,
2266 5585 2320 5629 et
2349 5576 2664 5630 Pentecoste
2691 5577 2949 5646 originem
2979 5593 3041 5633 ac
3069 5578 3468 5633 fundamentum
3493 5578 3718 5634 ducunt.

2132 5666 2244 5720 Nisi
2266 5666 2406 5720 enim
2436 5667 2726 5720 secundmn
2754 5683 2970 5722 carnem
2997 5677 3152 5724 natus
3170 5678 3314 5724 esset
3333 5669 3600 5734 Christus,
3619 5683 3719 5722 ne-

2136 5773 2397 5827 quaquam
2429 5757 2724 5828 baptizatus
2751 5766 2853 5826 est,
2888 5774 3008 5823 nam
3049 5759 3098 5815 id
3129 5757 3320 5816 festum
3345 5759 3722 5834 Thcophanio—
