4062 6166
417 309 522 364 755

420 427 488 480 ἂν
509 426 571 479 τὸ
597 425 817 495 Πνεῦμα
844 424 1211 495 κατέπεμψεν,
1235 427 1372 497 ὅπερ
1395 427 1541 481 ἐστὶν
1561 431 1594 499 ἡ
1620 428 1990 499 Πεντηκοστή.

416 508 583 564 Ὥστε
632 509 898 573 ἐντεῦθεν,
942 508 1130 581 ῶσπερ
1175 511 1283 562 ἀπό
1323 529 1466 574 τινος
1511 513 1717 583 πηγῆς,
1765 511 2000 580 ποταμοὶ

417 595 660 664 διάφοροι
679 595 918 662 ῥυέντες,
940 586 1100 646 αὗται
1136 593 1432 664 ἐτέχθησαν
1467 597 1598 666 ἡμῖν
1621 598 1676 647 αἱ
1699 595 1902 665 ἑορταί.
1926 594 2000 646 Οὐ

419 677 560 731 κατὰ
584 677 742 730 τοῦτο
783 677 839 729 δὲ
869 677 1028 746 μόνον
1052 677 1235 729 δικαία
1259 677 1462 747 ταύτης
1494 680 1559 730 ἂν
1599 679 1684 749 εἴη
1722 678 1822 748 τῆς
1867 695 2002 748 προ-

416 759 603 831 εδρίας
622 772 648 800 ιι
663 758 954 811 ἀπολαύειν
977 760 1009 828 ἡ
1031 759 1235 828 ἡμέρα,
1250 759 1363 812 ἀλλ’
1380 762 1461 814 ὃτι
1481 762 1577 814 zeal
1597 761 1658 814 τὸ
1677 764 1732 814 ἐν
1752 761 1888 832 αὐτῇ
1909 777 2002 828 γε-

418 843 644 914 νόμενον
658 843 766 895 τῶν
785 842 958 897 ἄλλων
982 841 1239 896 ἀπάντων
1262 843 1394 897 πολὺ
1415 844 1748 915 φρικωδέστε
1758 845 1847 916 ρόν
1864 847 1998 898 ἐστι.

421 926 494 978 Τὸ
522 926 620 995 μὲν
648 924 756 996 γὰρ
780 923 1069 995 ἄνθρωπον
1097 926 1389 996 γενόμενον
1418 927 1508 981 τὸν
1539 928 1774 999 Χριστὸν
1793 927 2004 982 ἀποθα-

420 1010 552 1074 νεῖν,
575 1009 673 1078 τῆς
699 1007 1018 1071 ἀκολουθίας
1053 1008 1238 1062 λοιπὸν
1261 1005 1360 1080 ἦν·
1399 1010 1449 1062 εί
1474 1009 1581 1081 γὰρ
1605 1012 1700 1063 zeal
1730 1011 2005 1083 ἁμαρτίαν

418 1094 518 1146 οὑκ
541 1090 815 1162 ἐποίησεν,
837 1091 974 1145 ἀλλά
998 1091 1190 1163 θνητὸν
1220 1092 1380 1164 σῶμα
1408 1093 1641 1147 ἀνέλαϐε
1661 1111 1675 1125 ·
1702 1095 1795 1148 zeal
1815 1091 1882 1165 ἦν
1908 1094 2007 1165 μὲν

420 1177 516 1231 zeal
539 1175 698 1230 τοῦτο
727 1175 1038 1246 θαυμαστόν
1057 1193 1070 1206 ·
1105 1175 1165 1228 τὸ
1195 1175 1250 1228 δὲ
1281 1175 1416 1230 Θεὸν
1441 1177 1588 1241 ὄντα,
1614 1178 1898 1250 ἄνθρωπον
1919 1178 2008 1231 θε-

418 1258 582 1328 λῆσαι
615 1258 867 1326 γενέσθαι
896 1259 991 1312 zeal
1020 1258 1352 1327 ἀνασχέσθαι
1389 1259 1694 1330 καταϐῆναι
1726 1259 2005 1327 τοσοῦτον,

419 1342 545 1394 ὅσον
567 1341 686 1393 οὑδὲ
703 1341 914 1394 διάνοια
929 1340 1183 1405 δέξασθαι
1207 1341 1451 1407 δύναται,
1474 1343 1636 1396 τοῦτό
1661 1345 1778 1396 ἐστι
1798 1342 1864 1396 τὸ
1884 1360 2009 1413 φριο

423 1424 762 1478 κωδέστατον
795 1425 890 1478 καὶ
920 1423 1232 1495 ἐκπλήξεως
1259 1425 1448 1495 γέμον.
1489 1427 1553 1480 Ὃ
1585 1425 1649 1497 δὴ
1680 1428 1774 1479 zeal
1796 1427 2008 1491 Παῦλος

422 1508 719 1578 θαυμάζων
743 1507 954 1577 ἔλεγεν·
977 1508 1084 1563 Καί
1102 1508 1592 1577 ὁμολογουμένως
1611 1509 1765 1578 μέγα
1787 1511 1916 1564 ἐστὶ
1939 1511 2007 1564 τὸ

423 1590 538 1660 τῆς
565 1593 880 1655 εὐσεϐείας
903 1590 1263 1660 μυστήριον.
1295 1593 1452 1644 Ποῖον
1479 1593 1650 1662 μέγας
1681 1596 1828 1660 Θεὸς
1859 1593 2006 1662 ἐφα-

423 1675 649 1744 νερώθη
677 1676 746 1727 ἐν
782 1675 980 1742 σαρκί.
1014 1675 1123 1727 Kal
1151 1673 1312 1726 πάλιν
1343 1674 1576 1745 ἀλλαχοῦ
1600 1693 1613 1706 ·
1649 1678 1731 1729 Οὐ
1763 1677 1870 1746 γὰρ
1906 1678 2010 1747 ἀγ-

424 1759 618 1829 γέλων
655 1755 1116 1826 ἐπιλαμϐάνεται
1168 1760 1201 1810 ὀ
1246 1755 1410 1823 Θεὸς,
1461 1756 1624 1811 ἀλλὰ
1665 1757 2010 1827 σπέρματος

436 1840 687 1909 Ἀϐραὰμ
710 1839 1172 1909 ἐπιλαμϐάνεται
1193 1853 1212 1872 ·
1240 1839 1378 1893 ὅθεν
1405 1841 1622 1908 ὤφειλε
1649 1842 1798 1895 κατὰ
1814 1843 2010 1896 πάντα

424 1924 550 1990 τοῖς
590 1923 875 1992 ἀδελφοῖς
901 1921 1277 1992 ὁμοιωθῆναι.
1314 1924 1414 1977 Διά
1443 1924 1600 1976 τοῦτο
1635 1924 1874 1995 μάλιστα
1906 1926 2008 1978 ἀσ-

427 2008 672 2078 πάζομαι
696 2007 794 2077 τὴν
821 2005 1034 2077 ἡμέραν
1058 2006 1264 2075 ταύτην
1291 2007 1385 2060 zeal
1411 2006 1570 2075 φιλῶ,
1599 2008 1693 2060 zeal
1721 2008 1812 2060 τὸν
1830 2007 2007 2079 ἔρωτα

426 2092 506 2153 εἰς
537 2091 701 2161 μέσον
731 2088 1051 2160 προτίθημι,
1083 2088 1169 2142 ἵνα
1201 2091 1489 2152 κοινωνοὺς
1519 2091 1664 2159 ὑμᾶς
1686 2092 1895 2162 ποιήσω
1916 2090 2006 2144 τοῦ

427 2175 686 2244 φίλτρου·
716 2173 802 2226 διὰ
833 2171 991 2225 τοῦτο
1036 2171 1226 2241 δέομαι
1273 2171 1494 2224 πάντων
1545 2171 1698 2243 ὑμῶν
1739 2174 1835 2227 zeal
1863 2175 2013 2226 ἀντι-

428 2257 570 2311 ϐολῶ
619 2255 756 2328 μετὰ
786 2255 964 2323 πάσης
1001 2254 1235 2323 σπουδῆς
1277 2254 1372 2306 zeal
1411 2254 1720 2325 προθυμίας
1764 2272 2012 2326 παραγε-

429 2339 646 2399 νέσθαι.
677 2339 777 2408 τὴν
809 2336 986 2390 οἰκίαν
1022 2336 1251 2389 ἕκαστον
1284 2336 1596 2390 κενώσαντα
1645 2339 1744 2408 τὴν
1789 2339 2012 2405 ἐαυτοῦ,

432 2423 521 2477 ἵνα
557 2422 755 2492 ἴδωμεν
791 2420 881 2472 τὸν
913 2419 1187 2488 Δεσπότην
1216 2422 1248 2490 ή
1259 2420 1375 2490 μῶν
1405 2421 1498 2472 ἐπὶ
1526 2421 1624 2491 τῆς
1658 2422 1864 2492 φάτνης
1900 2423 2014 2476 κεί-

435 2523 618 2576 μενον,
654 2502 1168 2574 ἐσπαργανωμένον,
1204 2503 1268 2555 τὸ
1309 2503 1537 2573 φρικτὸν
1568 2505 1746 2557 ἐκεῖνο
1780 2505 1874 2558 zeal
1907 2523 2014 2558 πα-

433 2587 652 2660 ράδοξον
675 2587 871 2657 θέαμα.
894 2585 1032 2639 Ποία
1052 2585 1160 2656 γὰρ
1183 2586 1314 2657 ἡμῖν
1333 2585 1486 2657 [493]
1511 2587 1798 2656 ἀπολογία,
1818 2589 1944 2642 ποία
1958 2589 2015 2642 δὲ

434 2669 755 2740 συγγνώμη,
789 2671 918 2722 ὅταν
947 2668 1111 2731 αὑτὸς
1141 2669 1240 2738 μὲν
1271 2670 1336 2722 ἐκ
1358 2668 1467 2721 τῶν
1500 2671 1747 2740 οὐρανῶν
1769 2671 1834 2724 δι’
1870 2673 2018 2742 ἡμᾶς

432 2752 758 2823 καταϐαίνῃ,
797 2753 958 2822 ἡμεῖς
990 2751 1047 2804 δὲ
1077 2751 1215 2822 μηδὲ
1253 2753 1319 2804 ἐκ
1351 2752 1449 2822 τῆς
1479 2753 1656 2816 οἰκίας
1688 2753 1826 2824 πρὸς
1855 2755 2018 2808 αὑτὸν

433 2835 755 2907 ἐρχώμεθα;
789 2835 916 2887 ὅταν
953 2834 1118 2903 μάγοι
1153 2835 1273 2904 μὲν,
1309 2834 1586 2906 ἄνθρωποι
1623 2835 1890 2908 βάρϐαροι
1925 2837 2020 2892 zeal

433 2918 746 2988 ἀλλόφυλοι,
791 2918 855 2970 ἐκ
896 2917 1154 2988 Περσίδος
1199 2919 1488 2988 τρέχωσιν,
1525 2919 1668 2972 ῶστε
1699 2919 1861 2974 αὑτὸν
1893 2921 2019 2975 ίδεῖν

434 3001 528 3054 ἐπὶ
555 3002 654 3070 τῆς
701 2999 908 3070 φάτνης
950 2999 1235 3070 κείμενον·
1271 3001 1336 3053 σὺ
1368 3000 1426 3054 δὲ
1451 3003 1480 3054 6
1517 3003 1843 3073 Χριστιανὸς
1885 3005 2020 3074 μηδέ

437 3085 634 3156 μικρὸν
659 3083 937 3155 διάστημα
966 3083 1245 3155 ὑπομένῃς
1264 3125 1277 3148 ,
1302 3084 1446 3138 ὥστε
1464 3086 1564 3156 τῆς
1590 3086 1867 3158 μακαρίας
1891 3090 2021 3142 ταύ-

434 3186 536 3239 της
563 3167 868 3221 ἀπολαῦσαι
902 3166 1169 3238 θεωρία;;
1202 3169 1312 3222 Kal
1348 3168 1479 3240 γάρ,
1516 3168 1583 3222 ἂν
1615 3169 1755 3240 μετά
1785 3170 2022 3237 πίστεως

435 3249 896 3323 παραγενώμεθα.
925 3250 1147 3314 πάντως
1169 3250 1330 3306 αὑτὸν
1357 3251 1602 3322 ὀψόμεθα
1633 3252 1726 3306 ἐπὶ
1765 3253 1867 3322 τῆς
1910 3255 2020 3322 φά-

435 3351 568 3406 τνης
588 3335 912 3406 κείμενον·ή
943 3333 1052 3406 γὰρ
1077 3333 1325 3407 τράπεζα
1354 3334 1494 3406 αῦτη
1520 3333 1673 3400 τάξιν
1694 3335 1796 3406 τῆς
1816 3337 2024 3408 φάτνης

433 3419 657 3490 πληροῖ.

505 3564 618 3618 Kal
657 3563 769 3635 γάρ
798 3563 896 3617 zeal
922 3561 1158 3616 ἐνταῦθα
1188 3563 1430 3617 κείσεται
1462 3565 1524 3618 τὸ
1554 3565 1714 3636 σῶμα
1738 3567 1800 3621 τὸ
1829 3567 2020 3622 δεσπο-

433 3647 608 3712 τικὸν,
653 3648 775 3716 οὐχὶ
824 3646 1342 3717 ἐσπαργανωμένον,
1392 3647 1653 3724 καθάπερ
1693 3651 1837 3716 τότε,
1885 3653 2022 3707 ἀλλά

437 3729 716 3802 Πνεύματι
747 3729 1083 3798 πανταχόθεν
1112 3729 1252 3799 ἁγίῳ
1277 3730 1783 3802 περιστελλόμενον.
1813 3736 2022 3792 Ἴσασιν

437 3816 491 3868 οί
521 3813 866 3884 μεμυημένοι
897 3811 966 3865 τὰ
990 3811 1279 3881 λεγόμενα.
1313 3814 1376 3866 Οἱ
1409 3814 1508 3884 μὲν
1532 3809 1626 3868 οῦν
1659 3815 1823 3886 μάγοι
1845 3835 2020 3891 προσ-

437 3897 711 3968 εκύνησαν
753 3895 944 3967 μόνον·
973 3895 1037 3949 σὺ
1069 3894 1149 3962 δὲ,
1175 3895 1242 3949 ἂν
1272 3896 1411 3966 μετά
1440 3896 1686 3970 καθαροῦ
1714 3901 2023 3974 προσέλθῃς
2050 3943 2058 3952 .

441 3979 744 4044 συνειδότος
768 4018 783 4042 ,
821 3978 915 4033 καὶ
959 3977 1146 4031 λαϐεῖν
1186 3995 1267 4032 σοι
1299 3979 1432 4033 αὑτὸ
1467 3982 1899 4054 συγχωρήσομεν
1929 3987 2024 4040 zeal

439 4063 696 4120 ἀπελθεῖν
729 4062 934 4116 οἴκαδε.
966 4061 1194 4141 Πρόσιθι
1226 4061 1406 4118 τοίνυν
1434 4064 1531 4118 zeal
1563 4067 1628 4120 σὺ
1658 4066 1808 4138 δῶρα
1850 4084 2026 4141 προσ-

437 4148 609 4218 άγων,
648 4147 725 4218 μὴ
757 4145 986 4200 τοιαῦτα
1027 4138 1116 4199 οἷα
1151 4146 1386 4215 ἐκεῖνοι,
1435 4147 1575 4204 ἀλλά
1620 4150 1803 4223 πολλῷ
1833 4138 2024 4223 σεμνό-

438 4249 594 4305 τερα.
638 4230 1032 4303 Προσήνεγκαν
1076 4229 1275 4284 ἐκεῖνοι
1309 4231 1543 4302 χρυσόν·
1576 4235 1912 4306 προσένεγκε
1953 4237 2020 4292 σὺ

442 4313 802 4387 σωφροσύνην
827 4313 926 4368 zeal
955 4313 1159 4385 ἀρετήν
1182 4329 1198 4347 ·
1231 4314 1615 4385 προσήνεγκαν
1643 4319 1840 4372 ἐκεῖνοι
1869 4317 2025 4372 λιϐαο

440 4398 638 4454 νωτόν·
671 4397 1006 4468 προσένεγκε
1030 4396 1094 4450 σὺ
1116 4395 1282 4468 εὑχάς
1311 4397 1582 4470 καθαρὰς,
1612 4398 1683 4453 τά
1703 4399 2022 4473 θυμιάματα

439 4481 512 4535 τά
527 4480 891 4551 πνευματικά·
919 4481 1298 4552 προσήνεγκαν
1320 4481 1517 4535 ἐκεῖνοι
1542 4481 1819 4554 σμύρναν·
1847 4501 2022 4556 προσ-

445 4565 638 4631 ένεγκε
714 4563 778 4616 σὺ
837 4558 1346 4634 ταπεινοφροσύνην
1402 4565 1498 4618 καὶ
1550 4569 2026 4640 τεταπεινωμένην

444 4644 674 4718 καρδίαν
703 4647 798 4698 zeal
831 4645 1225 4717 ἐλεημοσύνην.
1259 4649 1356 4701 Ἂν
1387 4647 1526 4718 μετά
1557 4648 1763 4702 τούτων
1797 4652 2026 4723 προσέλ-

447 4731 546 4804 θῃς
575 4727 684 4781 τῶν
710 4727 919 4800 δώρων,
957 4727 1094 4798 μετά
1139 4728 1324 4792 ἀδείας
1362 4730 1644 4803 ἀπολαύσῃ
1682 4733 1882 4803 πολλῆς
1924 4735 2027 4805 τῆς

448 4815 601 4886 ἱερᾶς
633 4811 836 4882 ταύτης
857 4810 1159 4882 τραπέζης.
1194 4813 1303 4865 Kal
1326 4812 1435 4884 γὰρ
1458 4812 1570 4882 ἐγὼ
1595 4813 1683 4868 διά
1713 4815 1873 4869 τοῦτο
1899 4817 2026 4882 τού-

447 4913 572 4961 τους
601 4893 736 4950 κινῶ
764 4895 888 4958 τοὺς
930 4893 1121 4963 λόγους
1162 4895 1278 4960 νῦν,
1306 4895 1495 4968 ἐπειδὴ
1527 4895 1644 4950 οἶδα
1687 4898 1770 4952 ὅτι
1811 4900 2026 4967 πάντως

448 4979 636 5034 πολλοὶ
660 4977 780 5032 κατ’
811 4977 1029 5049 ἐκείνην
1055 4977 1508 5046 προσελεύσονται
1534 4979 1634 5051 τὴν
1662 4981 1896 5053 ἡμέραν,
1931 4985 2026 5037 zeal

449 5061 840 5118 ἐπιπεσοῦνται
869 5063 935 5132 τῇ
972 5063 1320 5132 πνευματικῇ
1359 5061 1532 5134 ταύτῃ
1561 5062 1743 5136 θυσίᾳ.
1780 5065 1900 5119 Ἵνα
1931 5062 2026 5120 οῦν

451 5145 586 5218 μηδέ
611 5145 706 5201 ἐπὶ⁵
730 5143 908 5216 κακῷ,
953 5143 1087 5215 μηδέ
1115 5145 1209 5197 ἐπὶ
1242 5144 1470 5215 κρίματι
1495 5145 1596 5216 τῆς
1623 5147 1901 5219 ἡμετέρας
1926 5149 2027 5218 ψυ-

449 5230 552 5302 χῆς
582 5229 739 5283 τοῦτο
765 5228 1032 5298 ποιῶμεν,
1060 5227 1194 5281 ἀλλά
1220 5227 1313 5280 ἐπὶ
1347 5229 1613 5300 σωτηρίᾳ,
1647 5230 1896 5285 ἐντεῦθεν
1922 5233 2024 5305 ήδη

449 5313 1001 5385 προδιαμαρτύρομαι
1031 5313 1126 5365 zeal
1154 5311 1478 5384 παρακαλῶ,
1514 5313 1679 5367 παντὶ
1702 5314 1890 5386 τρόπῳ
1921 5333 2024 5369 κα-

451 5397 723 5468 θάραντας
751 5397 977 5460 ἑαυτοὺς
1006 5395 1149 5449 οὕτω
1175 5394 1458 5466 προσιέναι
1480 5399 1592 5461 τοῖς
1621 5398 1786 5470 ίεροῖς
1819 5415 2028 5469 μυστη-

451 5483 606 5552 ρίοις.

519 5598 585 5654 δ’.
609 5598 720 5652 Kal
739 5599 813 5668 μή
841 5615 931 5668 μοι
957 5597 1163 5668 λεγέτω
1181 5615 1284 5665 τις,
1311 5597 1572 5671 αἰσχύνης
1586 5599 1760 5673 γέμω,
1782 5600 2029 5673 ἁμαρτηο

527 5751 544 5770 ⁸
565 5755 667 5809 Alii
689 5754 983 5818 προσεδρίας,
1007 5755 1088 5804 alii
1108 5755 1369 5822 προεδρίας.

1117 309 1176 364 s.
1215 309 1501 367 JOANNIS
1539 308 2028 370 cnmsosmzn
2069 307 2386 365 ARCHIEP.
2427 308 2978 367 CONSTA‘NTINOP.
3070 265 3089 274 ‘-

3577 311 3680 368 7M

2111 423 2295 494 μάτων
2323 423 2432 494 ἔχω
2455 426 2516 477 τὸ
2547 425 2787 488 συνειδὸς
2817 423 3269 496 πεπληρωμένον,
3301 423 3521 496 φορτίον
3565 426 3688 480 ἐπι·

2105 506 2338 577 φέρομαι
2379 508 2708 578 βαρύτατον·
2753 508 2911 578 ἱκανὴ
2953 508 3059 578 γάρ
3097 506 3205 560 τῶν
3251 509 3412 560 πέντε
3458 507 3688 579 ἡμερῶν

2105 591 2307 643 τούτων
2335 591 2367 660 ή
2391 591 2718 662 προθεσμία,
2745 590 2840 644 ἐὰν
2867 594 3042 662 νήφῃς
3067 591 3160 643 zeal
3197 590 3475 662 προσεύχῃ
3518 591 3548 632 ι)
3591 593 3690 646 zeal

2105 675 2412 745 ἀγρυπνῇς,
2434 675 2496 727 τὸ
2521 674 2654 728 πολὺ
2685 674 2791 728 τῶν
2818 675 3234 746 ἁμαρτημάτων
3257 675 3686 744 ὑποτέμνεσθαι.

2107 759 2199 828 Μὴ
2230 758 2338 828 γάρ
2376 757 2459 809 ὅτι
2495 756 2698 828 βραχὺς
2731 759 2759 810 ό
2791 757 2980 828 χρόνος
3011 757 3146 828 ἴδῃς,
3182 756 3295 810 ἀλλ’
3338 759 3518 811 ἐκεῖνο
3558 759 3687 810 σκό-

2107 857 2304 910 πησον,
2329 841 2412 893 ὅτι
2439 840 2822 912 φιλάνθρωπος
2849 843 2878 895 ὁ
2907 841 3218 911 Δεσπότης·
3253 842 3442 912 ἐπειδὴ
3471 843 3566 896 καὶ
3590 844 3694 896 Νι-

2107 924 2313 980 νευῗται
2341 925 2400 977 ἐν
2430 926 2609 996 τρισὶν
2636 926 2872 996 ἡμέραις
2906 926 3174 996 τοσαύτην
3203 925 3374 997 ὀργὴν
3405 927 3691 998 ἀπεκρού-

2109 1026 2290 1073 σαντο,
2332 1010 2427 1064 καὶ
2451 1010 2603 1063 οὐδὲν
2641 1009 2950 1064 ἐνεπόδισεν
2985 1013 3018 1081 ὴ
3055 1009 3149 1064 τοῦ
3189 1010 3387 1081 καιροῦ
3421 1027 3692 1081 στενοχω-

2110 1093 2222 1164 ρία,
2252 1093 2367 1147 ἀλλ’
2399 1094 2620 1163 ἴσχυσεν
2647 1096 2680 1164 ἡ
2715 1094 2815 1165 τῆς
2851 1093 3030 1164 ψυχῆς
3061 1092 3340 1165 προθυμία
3367 1096 3469 1166 τῆς
3496 1095 3694 1165 φιλαν-

2109 1176 2356 1247 θρωπίας
2394 1175 2765 1247 ἐπιλαϐομένη
2791 1175 2886 1230 τοῦ
2920 1177 3191 1231 Δεσπότου
3223 1177 3283 1230 τὸ
3316 1180 3425 1231 πᾶν
3451 1179 3696 1250 ἐργάσα-

2110 1260 2255 1317 σθαι.
2279 1262 2386 1314 Καὶ
2418 1263 2452 1332 ή
2483 1261 2656 1331 πόρνη
2675 1260 2736 1313 δὲ
2773 1263 2830 1312 ἐν
2863 1259 3091 1331 βραχείᾳ.
3122 1261 3315 1332 καιροῦ
3351 1264 3490 1332 ῥοπῇ
3517 1279 3697 1334 προσ-

2109 1344 2339 1398 ελθοῦσα
2361 1345 2439 1415 τῷ
2466 1342 2708 1414 Χριστῷ,
2737 1344 2808 1396 τὰ
2834 1344 3012 1413 ὀνείδη
3035 1345 3218 1398 πάντα
3245 1345 3572 1415 ἀπενίψατο,
3593 1347 3695 1400 zeal

2107 1427 2215 1480 τῶν
2248 1428 2518 1482 Ἰουδαίων
2541 1427 2938 1496 ἐγκαλούντων,
2970 1429 3052 1481 ὅτι
3079 1428 3396 1498 προσήκατο
3431 1429 3526 1482 zeal
3557 1446 3694 1498 μετ-

2107 1509 2305 1565 έδωκεν
2345 1512 2482 1582 αὑτῇ
2525 1510 2840 1582 παρρησίας
2873 1509 3147 1580 τοσαύτης
3197 1511 3226 1562 ό
3261 1511 3494 1582 Χριστὸς
3517 1553 3533 1574 ,
3562 1513 3693 1577 τοὺς

2111 1595 2210 1665 μὲν
2238 1595 2618 1665 ἐπεστόμισεν,
2651 1594 2866 1663 ἐκείνην
2894 1593 2950 1646 δὲ
2983 1593 3202 1648 πάντων
3235 1594 3550 1659 ἀπαλλάξας
3578 1596 3692 1649 τῶν

2109 1677 2317 1744 κακῶν,
2349 1679 2445 1731 zeal
2493 1678 2588 1748 τῆς
2642 1677 2880 1748 σπουδῆς
2907 1677 3306 1751 ἀποδεξάμενος
3329 1720 3342 1743 ,
3378 1677 3550 1742 οὕτως
3580 1683 3692 1732 ἀπ-

2113 1760 2350 1832 έπεμψε.
2387 1761 2452 1814 Τί
2480 1761 2708 1832 δήποτες
2752 1762 2874 1814 Ὅτι
2914 1761 3051 1830 μετά
3084 1759 3292 1832 θερμῆς
3317 1762 3552 1826 διανοίας
3593 1764 3693 1817 καὶ

2111 1845 2512 1918 πεπυρωμένης
2545 1845 2722 1916 ψυχῆς
2753 1845 2846 1916 zeal
2873 1844 3102 1916 ζεούσης
3131 1845 3400 1916 προσῆλθε
3431 1847 3687 1912 πίστεως,

2109 1929 2205 1984 zeal
2229 1929 2338 1982 τῶν
2367 1930 2538 1998 ἁγίων
2567 1931 2658 1982 zeal
2692 1928 2852 2000 ίερῶν
2878 1929 3106 1982 ἐκείνων
3134 1929 3311 1999 ἥψατο
3337 1929 3534 1991 ποδῶν,
3562 1933 3692 1993 τοὺς

2112 2011 2441 2084 βοστρύχους
2473 2011 2706 2076 λύσασα,
2752 2011 2938 2082 πηγὰς
2966 2011 3217 2083 δακρύων
3257 2013 3322 2064 ἐκ
3354 2013 3461 2066 τῶν
3489 2013 3695 2082 ὀφθαλ-

2114 2095 2233 2167 μῶν
2267 2097 2489 2167 ἀφεῖσα,
2523 2096 2585 2149 τὸ
2613 2093 2784 2167 μύρον
2813 2094 3121 2149 κενώσασα.

2181 2291 2260 2344 Δι’
2287 2283 2362 2344 ῶν
2387 2289 2497 2360 γάρ
2524 2290 2814 2361 ἐγοήτευσε
2837 2289 2964 2353 τοὺς
2992 2287 3333 2362 ἀνθρώπους,
3363 2285 3454 2341 διὰ
3484 2287 3698 2341 τούτων

2108 2373 2180 2429 τά
2196 2375 2462 2446 φάρμακα
2479 2375 2577 2445 τῆς
2595 2373 2881 2444 μετανοίας
2892 2371 3279 2426 κατεσκεύασε·
3299 2371 3365 2424 δι’
3380 2364 3454 2427 ὧν
3465 2372 3697 2426 ἀνεπτέ-

2115 2475 2256 2530 ρωσε
2280 2458 2378 2522 τὰς
2407 2457 2516 2511 τῶν
2542 2455 2856 2511 ἀκολάστων
2879 2456 3052 2524 ὄψεις,
3077 2454 3165 2509 διὰ
3181 2454 3386 2509 τούτων
3402 2456 3691 2527 ἐδάκρυσε·

2111 2543 2199 2596 διὰ
2219 2543 2327 2596 τῶν
2345 2540 2495 2614 [499]
2520 2539 2835 2611 πλοκάμων,
2855 2539 2922 2592 δι’
2946 2532 3022 2594 ὧν
3042 2539 3397 2593 ὑπεσκέλισεν
3417 2542 3496 2602 εἰς
3514 2541 3698 2610 ἀμαρ-

2113 2626 2233 2679 τίαν
2274 2624 2522 2688 πολλοὺς,
2553 2622 2640 2676 διὰ
2665 2623 2872 2677 τούτων
2913 2623 3040 2686 τοὺς
3092 2622 3258 2685 πόδας
3307 2622 3558 2692 ἀπέμαξε
3595 2623 3695 2676 τοῦ

2114 2708 2353 2780 Χριστοῦ
2374 2726 2388 2738 ο
2413 2707 2503 2761 διά
2525 2707 2619 2760 τοῦ
2654 2705 2847 2779 μύρου,
2869 2704 2938 2760 δι’
2970 2701 3032 2760 οῦ
3063 2703 3292 2768 πολλοὺς
3314 2705 3582 2768 ἐδελέασε,
3607 2705 3699 2757 διὰ

2115 2792 2303 2847 τούτου
2320 2793 2447 2855 τοὺς
2469 2791 2637 2855 πόδας
2658 2789 2868 2844 ἐκείνου
2885 2788 3096 2860 ἦλειψε.
3121 2789 3232 2841 Kal
3254 2789 3318 2842 σὺ
3339 2788 3514 2842 τοίνυν
3535 2789 3600 2842 δι’
3619 2783 3699 2843 ὧν

2115 2875 2442 2948 παρώξυνας
2471 2875 2562 2928 τὸν
2594 2873 2748 2938 Θεὸν,
2781 2872 2868 2926 διά
2905 2871 3112 2925 τούτων
3141 2870 3302 2924 ῖλεων
3337 2873 3560 2943 ποίησον
3589 2875 3701 2927 πά-

2115 2960 2218 3014 λιν.
2252 2957 2584 3030 Παρώξυνας
2618 2956 2782 3011 αὑτὸν
2816 2955 2906 3010 διὰ
2943 2954 3243 3026 χρημάτων
3275 2955 3566 3026 ἀρπαγῆς;
3607 2955 3701 3010 διὰ

2116 3043 2322 3097 τούτων
2352 3042 2515 3098 αὑτὸν
2536 3040 2890 3106 κατάλλαξον,
2914 3040 3008 3094 zeal
3025 3039 3096 3092 τά
3122 3039 3440 3111 ἁρπαγέντα
3464 3040 3704 3115 ἀποδοὺς

2117 3131 2229 3192 τοῖς
2255 3127 2640 3198 ἠδικημένοις,
2666 3125 2761 3178 zeal
2798 3123 2962 3195 ἐτερα
3003 3123 3215 3188 τούτοις
3260 3123 3621 3195 προσεπιδοὺς
3646 3135 3700 3187 ε,

2119 3213 2240 3267 εἰπὲ
2273 3210 2415 3266 κατὰ
2454 3210 2546 3263 τὸν
2589 3209 2892 3278 Ζακχαῖον·
2935 3206 3236 3277 ἀποδίδωμι
3264 3205 3703 3278 τετραπλασίονα

2116 3293 2193 3353 ὧν
2219 3299 2447 3370 ἥρπασα
2474 3293 2713 3348 πάντων.
2741 3288 3072 3358 Παρώξυνας
3088 3289 3176 3344 διὰ
3199 3289 3444 3360 γλώττης
3470 3291 3566 3344 zeal
3583 3289 3703 3345 λοι-

2117 3381 2303 3454 δορίας
2356 3379 2586 3450 ὑϐρίσας
2644 3373 2903 3439 πολλούς;
2957 3373 3244 3440 ἐξιλέωσαι
3305 3373 3394 3428 διά
3449 3373 3702 3445 γλώττης

2119 3466 2319 3528 πάλιν,
2357 3463 2525 3533 εὑχάς
2580 3459 2828 3531 καθαρὰς
2877 3457 3238 3528 ἀναπέμπων,
3283 3457 3520 3527 εὐλογῶν
3568 3461 3703 3523 τοὺς

2119 3547 2516 3621 λοιδοροῦντας,
2545 3543 2909 3614 ἐγκωμιάζων
2937 3541 3065 3604 τοὺς
3085 3540 3269 3604 κακῶς
3293 3540 3568 3608 λέγοντας,
3600 3543 3707 3612 χά-

2123 3651 2208 3706 ριν
2234 3631 2512 3703 ὁμολογῶν
2547 3629 2663 3690 τοῖς
2698 3624 2967 3680 ἀδικοῦσι.
2997 3623 3184 3678 Ταῦτα
3209 3624 3308 3695 οὑχ
3334 3625 3561 3696 ἡμερῶν
3596 3625 3705 3678 δεῖ.

2117 3735 2230 3782 ται,
2277 3715 2398 3769 οὑδὲ
2445 3710 2705 3766 ἐνιαυτῶν
2747 3707 2979 3772 πολλῶν,
3017 3706 3154 3761 ἀλλὰ
3195 3706 3568 3778 προαιρέσεως
3602 3709 3705 3779 μό-

2118 3818 2240 3872 νης,
2271 3799 2368 3854 zeal
2393 3799 2451 3851 ἐν
2488 3797 2588 3867 μιᾷ
2619 3791 2981 3864 κατορθοῦται
3011 3790 3216 3862 ἡμέρᾳ.
3268 3790 3562 3862 Ἀπόστηθι
3596 3791 3703 3862 τῆς

2119 3882 2408 3956 πονηρίας,
2443 3876 2702 3934 ἐπιλαϐοῦ
2725 3877 2825 3946 τῆς
2848 3875 3068 3946 ἀρετῆς,
3098 3873 3307 3927 παῦσαι
3341 3873 3445 3944 τῆς
3475 3873 3700 3939 κακίας,

2121 3968 2217 4023 zeal
2241 3965 2480 4036 ὑπόσχου
2519 3962 2716 4034 μηκέτι
2734 3960 2905 4014 ταῦτα
2932 3959 3124 4023 ποιεῖν,
3145 3958 3238 4011 zeal
3254 3958 3416 4030 ἀρκεῖ
3435 3974 3516 4010 σοι
3541 3957 3705 4012 τοῦτο

2120 4053 2201 4116 είς
2225 4047 2541 4117 ἀπολογίαν.
2600 4045 2742 4114 Ἐγὼ
2776 4042 3221 4115 διαμαρτύρομαι
3258 4041 3355 4095 zeal
3385 4041 3700 4113 ἐγγυῶμαι,

2120 4136 2204 4191 ὅτι
2221 4134 2329 4189 τῶν
2350 4129 2776 4204 ἁμαρτανόντων
2795 4126 2953 4200 ήμῶν
2967 4126 3218 4189 ἕκαστος,
3240 4125 3308 4180 ἂν
3327 4125 3572 4188 ἀποστὰς
3587 4126 3704 4180 τῶν

2120 4218 2404 4293 προτέρων
2438 4213 2625 4269 κακῶν
2662 4211 2965 4282 ὑπόσχηται
3000 4207 3079 4280 τῷ
3113 4208 3234 4279 Θεῷ
3267 4206 3408 4293 μετά
3439 4208 3704 4279 ἀληθείας

2125 4292 2322 4379 μηκέτι
2348 4299 2527 4354 αὑτῶν
2553 4296 2816 4368 ἀψασθαι,
2847 4293 3212 4379 οὐδέν-ἓτερον
3243 4295 3272 4346 ό
3307 4292 3438 4379 Θεὸς
3471 4293 3702 4379 ζητήσῃ

2121 4376 2258 4460 πρὸς
2290 4382 2588 4452 ἀπολογίαν
2623 4379 2864 4452 μείζονα.
2895 4377 3279 4450 Φιλάνθρωπος
3315 4377 3423 4449 γάρ
3459 4379 3574 4430 ἐστι
3602 4376 3702 4431 καὶ

2124 4471 2394 4543 ἐλεήμων,
2431 4466 2527 4520 zeal
2558 4465 2808 4532 καθάπερ
2837 4463 2872 4533 ἡ
2900 4461 3162 4516 ὠδίνουσα
3201 4460 3458 4531 ἐπιθυμεῖ
3493 4463 3697 4525 τεκεῖν,

2124 4555 2267 4610 οὕτω
2299 4552 2394 4606 zeal
2431 4548 2596 4614 αὐτὸς
2629 4545 2888 4618 ἐπιθυμεῖ
2917 4545 3008 4599 τὸν
3041 4545 3189 4599 ἔλεον
3227 4547 3408 4615 ἐκχεῖν
3445 4544 3537 4598 τὸν
3565 4545 3700 4597 ἐαυ-

2123 4638 2238 4693 τοῦ·
2273 4635 2388 4690 ἀλλ⁹
2419 4635 2478 4688 αἱ
2514 4630 2779 4703 ἁμαρτίαι
2812 4632 2866 4684 at
2903 4629 3170 4701 ἡμέτεραι
3199 4627 3356 4681 τοῦτο
3373 4627 3699 4682 διακόπτου-

2127 4740 2232 4777 σιν.
2277 4718 2583 4788 ’Δνέλωμεν
2619 4714 2799 4769 τοίνυν
2833 4713 2894 4767 τὸ
2926 4712 3148 4782 τειχίον,
3182 4711 3277 4765 zeal
3313 4710 3562 4764 ἐντεῦθεν
3595 4708 3702 4782 ἤδη

2123 4807 2222 4877 τῆς
2252 4802 2447 4876 ἐορτῆς
2475 4797 2791 4872 ἀρξώμεθα,
2820 4794 2921 4859 τάς
2949 4795 3112 4848 πέντε
3133 4793 3348 4865 ἡμέρας
3375 4793 3704 4877 ταύταςῗπᾶ-

2127 4876 2210 4946 σιν
2243 4884 2662 4955 ἀποταξάμενοι·
2700 4880 2908 4953 ἐρρέτω
2937 4879 3285 4950 δικαστήρια,
3320 4877 3529 4948 ἐῤῥέτω
3575 4876 3702 4947 βου-

2124 4973 2408 5043 λευτήρια,
2448 4965 2732 5038 οἰμωζέτω
2767 4963 2996 5035 βιωτικὰ
3025 4964 3324 5034 πράγματα
3369 4961 3465 5013 zeal
3497 4959 3706 5030 συμϐό-

2125 5059 2252 5112 λαια
2299 5055 2394 5108 zeal
2436 5049 2876 5120 συναλλάγματα·
2916 5045 3015 5116 τὴν
3058 5045 3238 5116 ψυχήν
3289 5062 3388 5115 μου
3439 5043 3702 5115 βούλομαι

2129 5143 2322 5196 σῶσαι.
2357 5137 2418 5193 Τί
2456 5133 2768 5205 ὠφελεῖται
2813 5131 3141 5199 ἅνθρωπος,
3179 5129 3286 5182 ἐὰν
3323 5127 3431 5181 τὸν
3467 5129 3706 5196 κόσμοι⁹

2126 5227 2274 5281 ὅλον
2293 5220 2571 5292 κερδὰν-ῃ,
2599 5217 2714 5285 τὴν
2739 5216 2808 5269 δὲ
2831 5212 3043 5283 ψυχὴν
3063 5211 3249 5266 αὑτοῦ
3273 5210 3546 5280 ζημιωθῇ·
3583 5213 3704 5278 Ἐξ..

2125 5309 2288 5382 ἦλθον
2321 5305 2430 5360 ἀπὸ
2461 5301 2716 5374 Περσίδος
2749 5300 2796 5351 οἱ
2827 5297 3009 5382 μάγοι·
3043 5295 3224 5382 ἔξελθε
3251 5294 3480 5382 ῌσὺμτῶν
3519 5295 3702 5382 βιωτι-

2127 5378 2240 5448 κῶν
2275 5389 2638 5462 πραγμάτων,
2674 5384 2768 5439 zeal
2804 5382 2939 5452 πρὸς
2962 5380 3054 5434 τὸν
3103 5379 3310 5452 Ἰησοῦν
3333 5378 3565 5432 ὃδευσον·
3599 5378 3704 5432 οὑκ

2189 5630 2219 5672 ι)
2244 5629 2340 5681 Alii
2360 5631 2615 5694 προσέχῃς,
2637 5625 2723 5676 alii
2746 5624 3006 5690 προσεύχῃ.
3037 5623 3254 5684 Utraque
3287 5621 3434 5670 lectio
3459 5617 3706 5679 quadrare

2128 5699 2344 5804 Ροὶρῖίὶι
2367 5751 2613 5816 τροσδούς.
2638 5749 2794 5800 Paulo
2821 5753 2930 5810 post
2959 5747 3154 5810 quidam
3178 5759 3292 5794 mss.
3317 5739 3581 5794 ἀντιδώσω.
