4062 6166
251 275 343 330 τῐῧ

240 402 348 438 l'tlltl
381 393 463 438 est
499 399 511 434 :
543 396 874 450 nequaquam
901 379 1083 434 fuisset
1108 377 1426 439 cruciﬁxus,
1455 393 1575 430 nam
1605 375 1706 428 hoc
1733 381 1814 428 est

236 478 424 532 festum
470 472 688 526 Pascha:
721 490 733 524 :
770 486 1097 540 nequaquam
1139 471 1366 524 misisset
1405 469 1659 538 Spiritum
1696 483 1816 521 sau-

234 575 396 629 ctum,
428 563 570 634 quod
603 572 686 619 est
727 563 914 617 festum
958 563 1318 617 Peutccostcs.
1368 560 1547 630 Itaque
1578 559 1645 613 ab
1675 559 1775 614 hoc
1799 600 1815 625 ,

233 670 328 711 ceu
349 670 380 709 a
410 654 558 710 fonte
596 653 844 724 qquiam
888 653 1082 708 diversi
1129 652 1272 706 fluvii
1303 693 1317 716 ,
1348 661 1468 705 nata
1512 660 1636 704 sunt
1665 652 1817 704 nobis

234 744 347 799 haec
375 742 533 798 festa.
560 743 757 799 Verum
806 759 909 797 non
953 744 1023 798 ob
1065 743 1168 797 hoc
1207 751 1407 796 tantum
1441 759 1536 812 par
1559 753 1640 796 est
1678 741 1817 796 lumc

231 835 370 890 dicm
399 835 610 890 exteris
647 834 894 904 anteponi
916 873 932 900 ,
963 833 1056 888 sed
1096 835 1254 889 etiam
1285 835 1406 903 quia
1452 835 1593 904 quod
1633 834 1683 888 in
1718 834 1818 888 huc

233 935 413 980 natum
454 934 570 991 est,
597 927 812 980 czrteris
852 925 1100 981 omnibus
1136 935 1219 980 est
1263 925 1638 980 venerabilius.
1684 924 1815 979 Nam

231 1017 370 1085 quod
394 1016 638 1070 Christus
659 1015 820 1070 homo
841 1015 1028 1079 factus,
1052 1017 1119 1070 sit
1139 1024 1398 1080 mortuus,
1421 1016 1816 1085 consequentiae

230 1108 506 1177 cujusdam
540 1108 638 1163 fuit
671 1126 683 1162 :
712 1109 836 1163 licet
863 1109 1004 1162 enim
1052 1109 1256 1163 nullum
1297 1108 1516 1162 omnino
1543 1116 1815 1176 peccatum

233 1209 592 1268 perpetrasset
610 1241 624 1263 ,
653 1199 874 1254 mortale
903 1208 1078 1254 tamen
1107 1214 1301 1270 corpus
1330 1208 1689 1268 assumpscrat
1720 1214 1733 1251 :
1761 1207 1816 1253 et

229 1303 342 1346 erat
378 1293 592 1362 quidem
620 1292 721 1347 hoc
749 1293 1113 1348 admirandum
1161 1311 1174 1345 :
1219 1302 1467 1348 cancrum
1503 1291 1643 1362 quod
1675 1292 1814 1347 Deus

229 1399 350 1436 cum
379 1393 561 1447 esset,
595 1377 820 1438 voluerit
851 1383 1010 1439 homo
1041 1385 1152 1439 fieri
1177 1425 1192 1449 ,
1228 1394 1535 1455 tantumque
1575 1399 1692 1438 sese
1720 1384 1815 1438 de-

231 1475 444 1528 mittere
486 1473 818 1536 sustinuerit,
843 1483 1096 1543 quantum
1143 1489 1210 1529 ne
1246 1475 1562 1543 cogitatione
1598 1476 1811 1546 quidem

228 1564 506 1632 complecti
533 1578 733 1632 queas,
762 1564 862 1618 hoc
903 1575 985 1618 est
1022 1566 1260 1619 omnium
1305 1567 1532 1620 maxime
1558 1582 1812 1620 reveren-

228 1656 395 1718 dum,
425 1656 764 1725 stuporisque
803 1657 1038 1725 plenum.
1079 1656 1232 1724 Quod
1267 1657 1482 1726 quidem
1522 1665 1576 1711 ct
1618 1657 1812 1712 Paulus

227 1745 498 1799 admirans
525 1746 736 1800 dicebat
759 1788 773 1809 ,
807 1745 876 1801 Et
916 1749 1179 1818 manifeste
1212 1765 1448 1819 magnum
1478 1749 1675 1820 pietatis
1702 1765 1813 1819 my-

224 1838 432 1890 sterium
459 1837 477 1907 (
502 1839 550 1890 ι.
586 1835 718 1893 Tim.
746 1838 799 1892 5.
845 1838 967 1909 l6).
993 1839 1143 1906 Quod
1169 1841 1459 1910 magnum?
1488 1841 1626 1895 Deus
1649 1842 1813 1894 mani-

226 1928 436 1992 {estatus
463 1929 516 1980 in
541 1943 710 1980 carne.
742 1930 817 1982 Ac
844 1943 1052 1982 rursum
1097 1929 1220 1984 alibi
1253 1949 1266 1983 :
1301 1928 1422 1984 Non
1447 1931 1578 1984 enim
1605 1930 1811 2001 angelos

223 2017 561 2087 apprehendit
615 2017 753 2072 Deus
777 2059 792 2086 ,
841 2019 929 2073 sed
988 2037 1154 2075 semen
1197 2021 1414 2075 Abrahae
1454 2023 1808 2092 apprehendit.

226 2109 378 2164 Unde
403 2109 570 2162 debuit
611 2125 700 2180 per
725 2111 894 2163 omnia
936 2096 1178 2179 fratribus
1212 2112 1485 2166 assimilari
1521 2111 1716 2181 (Hebr.
1751 2111 1806 2166 2.

225 2203 318 2257 l6.
361 2200 489 2270 l7).
522 2201 744 2271 Propter
788 2201 889 2257 hoc
929 2204 1264 2273 potissimum
1303 2205 1595 2273 amplector
1621 2203 1810 2276 diligo-

221 2309 332 2361 que
349 2293 492 2348 diem
523 2295 684 2360 hunc,
710 2303 765 2348 ct
792 2310 1028 2349 amorem
1057 2297 1172 2365 ejus
1202 2298 1252 2351 in
1285 2297 1515 2352 medium
1543 2312 1806 2367 propono,

220 2393 286 2437 ut
330 2399 426 2438 vos
469 2384 626 2452 hujus
680 2385 963 2455 participes
1016 2387 1234 2442 reddam
1270 2405 1282 2441 :
1315 2403 1484 2459 eoque
1537 2403 1666 2458 rogo
1712 2402 1808 2442 vos

219 2491 412 2530 omnes
431 2476 783 2547 obsecroque,
810 2492 1020 2532 summo
1040 2479 1214 2534 studio
1230 2493 1540 2549 summaque
1556 2494 1677 2534 cum
1699 2479 1810 2534 ala-

217 2570 412 2623 critate
439 2569 614 2623 velitis
643 2569 853 2636 adesse,
883 2570 976 2625 sed
1007 2571 1152 2641 prius
1181 2587 1328 2626 suam
1351 2573 1574 2641 quisque
1593 2572 1804 2628 domum

218 2667 444 2713 evacuet
468 2700 484 2724 ,
510 2666 568 2712 ut
593 2659 862 2714 videamus
904 2662 1186 2716 Dominum
1218 2673 1457 2717 nostrum
1489 2663 1540 2717 in
1583 2663 1806 2733 prtesepi

215 2750 489 2821 jacentem
518 2765 582 2805 ac
607 2752 783 2806 fasciis
808 2753 1122 2818 involutum,
1153 2755 1485 2810 tremendum
1512 2770 1574 2810 ac
1599 2764 1810 2824 stupen-

220 2843 346 2898 dum
378 2845 762 2913 spcctaculum.
792 2845 926 2911 Quid
955 2846 1097 2900 enim
1124 2848 1515 2913 excusabimus,
1539 2858 1805 2918 autquam

217 2935 430 2988 veniam
460 2934 834 3001 obtinebimus,
861 2937 908 2991 si
929 2953 1047 2991 cum
1077 2939 1188 3007 ipse
1215 2940 1380 2993 nostri
1411 2953 1566 2994 causa
1586 2939 1807 2994 descen-

219 3027 358 3083 derit
387 3043 417 3082 e
444 3028 622 3094 caelis,
654 3044 750 3082 nos
776 3029 840 3083 ad
886 3029 1030 3083 illum
1061 3031 1143 3086 vel
1188 3047 1251 3086 ex
1282 3032 1485 3086 aedibus
1513 3034 1590 3087 ire
1617 3047 1806 3102 grave-

219 3119 381 3174 mur?
421 3134 543 3172 cum
599 3118 908 3190 alienigenae
950 3120 1265 3191 barbarique
1306 3122 1437 3191 Magi
1481 3138 1544 3177 ex
1595 3123 1808 3178 Perside

219 3218 541 3274 occurrant,
573 3217 634 3262 ut
661 3211 804 3264 illum
847 3212 1058 3266 videant
1087 3212 1139 3266 in
1172 3215 1393 3282 praisepi
1423 3213 1683 3282 jacentem
1707 3256 1720 3276 ,
1751 3223 1806 3267 tu

219 3316 351 3354 vero
397 3301 489 3367 qui
530 3299 860 3354 Christianus
905 3315 964 3356 es
1010 3317 1077 3356 nc
1118 3303 1282 3358 breve
1325 3303 1536 3372 quidem
1579 3305 1805 3373 spatium

216 3392 430 3448 emetiri
461 3393 749 3457 sustineas,
783 3403 838 3447 ut
864 3393 966 3448 hoc
993 3394 1130 3449 felici
1155 3395 1458 3464 spectaculo
1485 3395 1808 3464 perfruaris?

216 3484 351 3539 Nam
391 3485 435 3539 si
467 3499 588 3540 cum
619 3485 721 3541 fide
763 3487 1143 3541 accesserimus
1163 3525 1178 3550 ,
1207 3487 1392 3555 procul
1419 3486 1580 3541 dubio
1604 3487 1808 3541 videbi-

214 3593 337 3632 mus
367 3576 520 3632 illum
545 3578 598 3632 in
623 3577 846 3648 prmsepi
869 3577 1154 3648 jacentem.
1187 3578 1457 3650 Siquidem
1488 3578 1602 3634 haec
1624 3594 1806 3634 mensa

213 3670 390 3724 vicem
413 3668 594 3738 explet
618 3669 888 3740 praesepis.

286 3760 494 3831 Corpus
521 3761 834 3815 Dominicum
863 3763 916 3816 in
947 3761 1223 3834 Mysteriis.
1252 3795 1325 3804 —
1347 3764 1482 3820 Nam
1514 3773 1568 3820 et
1597 3766 1684 3820 hic
1712 3782 1810 3838 po—

217 3864 383 3908 netur
411 3869 608 3923 corpus
629 3854 951 3909 dominicum
972 3895 988 3921 ,
1020 3871 1124 3910 non
1153 3856 1365 3927 quidem
1392 3857 1572 3914 fasciis
1597 3858 1806 3914 involu-

215 3954 335 3998 tum
361 3944 518 3998 sicuti
547 3952 692 4007 tunc,
721 3943 815 3999 sed
840 3944 1071 4016 undique
1096 3945 1293 4016 Spiritu
1319 3958 1504 4004 sancto
1533 3950 1805 4006 veSIitum.

216 4034 320 4102 Qui
354 4034 624 4104 mysteriis
655 4034 842 4089 initiati
868 4045 1024 4102 sunt,
1058 4036 1353 4108 intelligunt
1379 4052 1500 4108 qua:
1536 4039 1805 4096 dicuntur.

215 4131 295 4182 Ac
323 4126 463 4197 Magi
489 4126 702 4196 quidem
733 4127 863 4182 nihil
888 4128 1028 4182 aliud
1051 4145 1206 4198 quam
1235 4130 1542 4199 adorarunt,
1567 4133 1660 4188 tibi
1684 4149 1810 4189 vero

216 4219 262 4271 si
293 4233 420 4272 cum
453 4232 584 4286 pura
615 4220 904 4274 accesseris
924 4220 1246 4280 conscientia
1269 4260 1286 4281 ,
1317 4221 1686 4290 permittemus
1704 4264 1719 4290 ,
1750 4233 1810 4279 ut

218 4323 426 4371 sumas,
447 4317 725 4378 etsumpto
743 4309 960 4364 domum
986 4311 1166 4366 abeas.
1191 4311 1394 4367 Accede
1423 4313 1581 4383 igitur
1599 4322 1654 4368 tu
1677 4330 1812 4385 quo-

219 4417 328 4471 que
357 4417 579 4456 munera
604 4401 834 4458 offerens
853 4444 867 4461 .
899 4419 1002 4457 non
1028 4403 1202 4474 qualia
1229 4404 1538 4460 deferebant
1575 4407 1672 4470 illi,
1713 4407 1809 4462 sed

220 4495 394 4546 multo
436 4493 793 4562 religiosiura.
838 4493 1156 4550 Obtuleruut
1197 4496 1273 4550 illi
1319 4512 1503 4551 aurum
1530 4539 1546 4563 ,
1593 4500 1725 4554 ofl'er
1756 4510 1805 4554 tu

223 4584 633 4652 temperantiam
663 4599 724 4638 ac
750 4585 998 4640 virtutem
1031 4585 1372 4642 :obtulerunt
1399 4589 1471 4642 illi
1505 4589 1642 4651 thus,
1678 4591 1811 4645 offer

223 4683 282 4726 tu
313 4691 473 4745 puras
520 4690 745 4744 preces,
795 4692 916 4745 quze
948 4687 1074 4732 sunt
1109 4677 1449 4733 odoramenta
1499 4681 1812 4748 Spiriltltliia:

226 4768 539 4821 obtulerunt
565 4767 639 4820 illi
669 4767 962 4839 myrrham.
990 4769 1123 4825 offer
1147 4780 1198 4823 tu
1231 4771 1602 4836 humilitatem,
1637 4782 1690 4826 ct
1715 4787 1808 4826 cor

225 4861 554 4914 submissum
583 4875 703 4915 cum
730 4860 1088 4934 eleemosyna.
1121 4863 1269 4929 Quod
1296 4865 1338 4918 si
1367 4864 1514 4919 hisce
1537 4879 1655 4918 cum
1695 4880 1811 4919 mu-

226 4952 448 5006 neribus
488 4953 782 5006 accesseris
804 4994 819 5017 ,
855 4954 1018 5007 multa
1049 4969 1168 5010 cum
1193 4955 1382 5009 fiducia
1415 4957 1680 5025 particeps
1706 4957 1812 5010 eris

224 5042 603 5117 lmjusqsacrae.
650 5059 868 5099 mensze.
927 5045 1058 5099 Nam
1108 5046 1220 5100 haec
1266 5046 1386 5101 ideo
1416 5063 1557 5103 nunc
1597 5049 1806 5116 loquor,

224 5135 371 5204 quod
401 5137 570 5188 sciam
612 5145 759 5189 certo
798 5136 1027 5190 futurum
1053 5178 1068 5204 ,
1112 5145 1170 5190 ut
1200 5137 1251 5190 in
1283 5137 1372 5191 illa
1399 5139 1484 5192 die
1514 5141 1812 5208 complures

226 5224 492 5279 accedant
542 5225 850 5294 irruantque
878 5226 943 5280 ad
984 5227 1248 5282 victimam
1287 5227 1423 5282 hanc
1461 5229 1811 5298 spiritualan

225 5312 397 5383 Igitur
435 5330 506 5371 ne
551 5316 806 5372 faciamus
829 5318 894 5372 ad
925 5317 1301 5374 detrimentum
1330 5329 1383 5374 et
1412 5321 1813 5376 condemnatio-

230 5423 355 5462 nem
381 5409 579 5463 animte
611 5417 805 5464 nostrae
829 5451 843 5474 ,
886 5409 981 5464 sed
1017 5411 1084 5464 ad
1118 5411 1343 5466 salutem
1377 5429 1390 5465 :
1418 5412 1527 5481 jam
1559 5429 1696 5468 nunc
1721 5415 1817 5468 ob-

234 5507 401 5553 testor
428 5500 762 5570 obsecroque
784 5541 802 5568 ,
833 5511 891 5555 ut
916 5502 1168 5557 omnibus
1195 5504 1367 5558 modis
1403 5507 1698 5576 repurgati,
1746 5507 1815 5562 ita

233 5596 445 5644 acinum
472 5606 627 5645 sacra
658 5590 856 5646 adeatis
885 5594 1156 5654 mysteria.

311 5681 360 5738 4.
385 5683 513 5740 Cum
541 5699 662 5740 vera
693 5685 978 5755 pandentia
1004 5683 1138 5739 brevi
1161 5694 1322 5756 potest
1344 5688 1646 5745 conscientia
1664 5709 1814 5749 man-

1366 263 1453 320 DE
1493 258 1717 317 BEATO
1755 255 2183 320 PlllLOGONlO.
2228 266 2313 322 Vl.

3387 287 3488 345 731

1923 371 2053 426 dari.
2084 404 2157 414 —
2184 376 2363 449 Neque
2385 381 2512 436 mihi
2540 384 2816 455 quisquam
2838 385 3054 451 dixerit.
3091 409 3296 460 vereor,
3325 397 3497 450 habeo

1920 466 2300 524 conscientiam
2344 475 2571 541 peccatis
2613 477 2921 546 oppletam,
2968 485 3231 538 sarcinam
3271 488 3500 541 circum-

1921 553 2033 609 fero
2055 559 2444 627 gravissimam.
2497 563 2703 620 Sufficit
2733 569 2874 622 enim
2906 571 3093 627 horum
3121 575 3355 646 quinque
3379 577 3497 633 die-

1923 662 2035 701 rum
2064 659 2290 721 tcmpus,
2319 654 2361 706 si
2389 654 2596 711 sobrius
2616 657 2797 724 fueris,
2819 662 2864 715 si
2891 665 3144 729 oraveris,
3174 666 3218 719 si
3241 668 3497 736 vigilave-

1921 739 2014 806 ris,
2037 750 2092 795 ut
2109 745 2495 800 multitudinem
2513 763 2848 817 peccatorum
2868 754 3057 810 reddas
3068 761 3498 815 contractiorem.

1920 828 2027 884 Nec.
2058 831 2180 885 illud
2219 835 2484 903 perpende
2510 839 2649 907 quod
2679 839 2840 896 breve
2865 853 3070 913 tempus
3089 855 3210 913 est;
3241 849 3336 904 sed
3368 851 3495 905 illud

1920 921 2196 1010 considera
2229 925 2366 993 quod
2410 926 2672 999 benignus
2710 941 2792 986 est
2833 933 3104 992 Dominus.
3153 938 3500 1010 Quandoqui-

1919 1009 2037 1064 dem
2059 1021 2113 1065 et
2138 1012 2379 1069 Ninivitte
2429 1018 2585 1072 tridui
2631 1023 2801 1089 spatio
2847 1032 3046 1083 tantam
3075 1027 3204 1081 iram
3238 1029 3330 1084 Dei
3361 1009 3405 1083 ai
3437 1047 3497 1086 se

1919 1099 2238 1170 depulerunt
2261 1146 2276 1171 ,
2321 1121 2420 1160 nec
2445 1107 2649 1163 obstitit
2676 1111 2782 1166 illis
2813 1118 3063 1183 temporis
3090 1118 3326 1188 angustia
3353 1161 3367 1185 ,
3400 1119 3496 1175 sed

1917 1193 2079 1246 animi
2109 1196 2489 1263 promptitudo,
2517 1201 2845 1271 amplectens
2863 1204 3066 1260 Domini
3092 1207 3494 1277 benignitatem,

1918 1292 2084 1337 totum
2115 1301 2367 1356 peragere
2388 1289 2552 1343 valuit
2580 1289 2725 1363 (Jan.
2759 1294 2834 1363 5).
2867 1295 2930 1349 Et
2956 1297 3203 1351 meretrix
3234 1299 3322 1353 illa
3345 1299 3494 1356 brevi

1917 1378 2170 1446 temporis
2209 1389 2515 1449 momento,
2570 1398 2692 1439 cum
2732 1385 2798 1440 ad
2837 1386 3106 1443 Christum
3151 1393 3491 1460 accessisset,

1915 1469 2090 1520 omnia
2119 1469 2308 1537 probra
2337 1471 2490 1526 diluit
2515 1474 2669 1542 (Luc.
2698 1477 2772 1547 7).
2801 1479 2936 1545 Quin
2966 1489 3021 1535 et
3051 1481 3494 1541 calumniantibus

1914 1557 2132 1644 .ludaeis,
2158 1561 2298 1630 quod
2331 1563 2472 1616 illam
2499 1565 2822 1633 admisisset,
2855 1579 3157 1641 tantamque
3181 1575 3497 1644 przcbuissct

1916 1641 2160 1696 fiduciam
2185 1685 2200 1708 ,
2245 1646 2494 1703 Christus
2538 1650 2642 1703 illis
2669 1653 2880 1721 quidem
2922 1641 3193 1710 silentium
3223 1659 3492 1728 imposuit,

1915 1732 2053 1788 hanc
2080 1750 2206 1789 vero
2233 1739 2387 1793 malis
2411 1741 2658 1796 omnibus
2699 1743 2975 1799 liberatam
2997 1788 3012 1811 ,
3042 1750 3493 1822 comprobatoque

1913 1823 2057 1879 illius
2081 1826 2275 1893 studio,
2318 1831 2386 1882 ita
2417 1830 2632 1885 domum
2659 1835 2882 1888 remisit.
2931 1835 3065 1903 Quid
3111 1839 3183 1893 ita
3227 1841 3487 1896 tandem?

1916 1915 2174 1981 Quoniam
2203 1918 2423 1974 ferventi
2461 1923 2656 1989 animo,
2690 1934 2743 1979 et
2770 1926 3011 1997 flagranti
3035 1931 3217 1996 corde,
3256 1932 3493 1989 ardenti-

1915 2022 2018 2076 que
2056 2010 2280 2064 accessit
2323 2011 2427 2065 fide
2450 2053 2464 2076 ,
2502 2026 2820 2086 sanctosque
2863 2019 2978 2073 illos
3018 2035 3080 2075 ac
3113 2037 3293 2078 sacros
3322 2025 3492 2093 attigit

1912 2099 2094 2168 pedes,
2127 2100 2310 2154 solutis
2338 2103 2560 2170 capillis,
2594 2105 2826 2161 fontibus
2852 2109 3204 2180 lacrymarum
3232 2127 3301 2168 ex
3324 2116 3492 2170 oculis

1911 2191 2120 2246 emissis
2143 2233 2158 2258 ,
2188 2204 2456 2262 unguento
2483 2195 2716 2264 profuso.

1985 2283 2301 2341 Pcenitentite
2327 2290 2524 2343 modus.
2564 2319 2639 2330 -—-
2685 2291 2895 2346 Etenim
2938 2309 3033 2363 per
3069 2311 3187 2366 quae.
3213 2298 3494 2368 deceperat

1913 2373 2190 2441 homines,
2234 2394 2330 2448 per
2363 2380 2548 2436 eadem
2592 2385 2794 2452 paravit
2835 2388 3066 2442 remedia
3121 2392 3442 2458 pmnitentire
3477 2412 3489 2447 :

1912 2481 2008 2535 per
2044 2483 2162 2536 qua:
2189 2481 2436 2525 evocarat
2463 2473 2645 2527 oculos
2687 2475 3181 2546 intemperantinm,
3235 2497 3332 2551 per
3379 2484 3494 2540 lucc

1911 2562 2086 2616 emisit
2111 2564 2372 2635 Iacrymas
2402 2583 2415 2619 :
2439 2582 2535 2636 per
2561 2568 2782 2637 capillos
2807 2581 2921 2626 arte
2944 2573 3268 2643 compositos
3297 2577 3491 2631 multos

1912 2654 2153 2708 illexerat
2195 2654 2260 2709 ad
2291 2666 2562 2725 peccatum
2587 2699 2602 2724 ,
2647 2675 2740 2729 per
2778 2660 2994 2715 eosdem
3043 2663 3207 2732 pedes
3242 2665 3492 2721 abstersit

1911 2742 2124 2798 Christi.
2171 2744 2447 2815 Unguento
2489 2750 2682 2803 multos
2723 2749 3023 2816 inescarat,
3077 2769 3167 2823 per
3195 2754 3297 2810 hoc
3331 2757 3492 2827 pedes

1912 2835 2053 2888 illius
2082 2835 2250 2890 unxit.
2296 2837 2529 2894 Proinde
2559 2849 2612 2894 et
2648 2849 2701 2894 tu
2730 2857 2870 2896 nunc
2895 2845 3089 2912 quibus
3117 2847 3276 2901 rebus
3301 2863 3492 2916 provo-

1911 2928 2042 2980 casti
2073 2928 2259 2993 Deum,
2290 2944 2386 2998 per
2413 2929 2509 2985 bas
2537 2947 2746 2987 rursum
2773 2933 2930 2988 facito
2961 2937 3263 3006 propitium.
3295 2939 3494 2994 Provo-

1911 3023 2043 3073 casti
2100 3020 2245 3074 illum
2299 3022 2642 3091 pecuniarum
2697 3025 2908 3093 rapina,
2958 3041 3052 3095 per
3093 3029 3311 3083 easdem
3343 3029 3491 3086 illum

1910 3113 2192 3166 reconcilia
2219 3153 2234 3174 ,
2285 3127 2514 3184 cumque
2553 3122 2608 3169 et
2648 3125 2798 3186 rapta
2841 3119 3143 3173 restitueris
3178 3121 3319 3190 illis,
3360 3138 3494 3192 quos

1913 3201 2102 3269 injuria
2129 3201 2417 3270 afleceras,
2447 3213 2500 3258 et
2541 3205 2642 3260 alia
2703 3207 2919 3276 insuper
2966 3209 3275 3277 addideris,
3326 3213 3491 3269 dicito

1909 3293 2062 3363 juxta
2117 3292 2399 3349 Zachaium
2431 3314 2444 3350 :
2473 3297 2640 3351 reddo
2671 3299 2687 3330 ¹
2719 3301 2976 3366 omnium,
3005 3317 3123 3371 quae
3158 3305 3328 3372 rapui,
3359 3319 3492 3374 qua-

1913 3384 2156 3454 druplum
2189 3385 2340 3457 (Luc.
2372 3387 2460 3442 19.
2497 3387 2579 3457 8).
2627 3388 2930 3445 Provocasti
2973 3391 3148 3462 lingua
3177 3402 3232 3447 et
3269 3395 3493 3449 maledi-

1911 3479 2122 3546 centia,
2169 3479 2351 3533 multis
2394 3483 2711 3537 contumelia
2756 3483 2994 3550 affectis,
3038 3486 3270 3540 vicissim
3316 3487 3494 3557 lingua

1913 3571 2119 3640 placato
2143 3613 2158 3636 ,
2202 3586 2362 3641 puras
2390 3573 2640 3630 emittens
2669 3589 2884 3644 preces,
2915 3576 3234 3632 benedicens
3264 3578 3492 3633 maledi-

1911 3663 2175 3727 centibus,
2206 3662 2427 3718 laudans
2449 3666 2830 3738 vituperantes,
2849 3667 3047 3737 gratias
3067 3682 3229 3738 agens
3247 3668 3490 3738 injuriam

1912 3754 2279 3810 inferentibus.
2329 3755 2453 3810 Haec
2478 3771 2584 3812 non
2609 3766 2769 3826 egent
2802 3759 2980 3813 multis
3021 3759 3209 3815 diebus
3237 3761 3480 3826 annisve,

1910 3845 2005 3918 sed
2030 3846 2144 3900 solo
2171 3846 2332 3900 animi
2361 3848 2633 3916 proposito
2651 3888 2666 3914 ,
2716 3858 2772 3903 et
2817 3850 2975 3903 unico
3003 3850 3091 3905 die
3127 3851 3490 3920 perficiuntur.

1913 3937 2137 3994 Discede
2161 3954 2191 3994 a
2219 3939 2360 3992 malo
2378 3977 2396 4006 ,
2439 3940 2684 3995 virtutem
2713 3942 3032 4011 amplectere
3051 3984 3066 4008 ,
3097 3945 3294 3999 desiSIe
3313 3961 3342 3999 a
3370 3961 3492 4014 pra-

1911 4031 2072 4086 vitate
2099 4031 2394 4100 :pollicere
2424 4039 2474 4086 te
2512 4031 2732 4100 posthac
2775 4033 2875 4087 ista
2919 4048 3022 4087 non
3062 4036 3489 4102 commissurum,

1911 4133 1965 4178 et
1991 4123 2130 4178 istud
2171 4122 2401 4178 sufficiet
2434 4121 2498 4176 ad
2529 4123 2941 4178 excusationem.
2998 4123 3110 4193 Ego
3143 4127 3396 4182 testificor
3431 4143 3496 4184 ac

1913 4216 2178 4288 fidejubeo
2221 4214 2368 4279 fore,
2395 4225 2453 4270 ut
2489 4216 2535 4270 si
2583 4224 2821 4270 nostrum
2861 4218 3083 4286 quisque
3121 4221 3210 4287 qui
3262 4219 3495 4290 peccatis

1913 4308 2127 4364 obnoxii
2166 4321 2352 4362 sumus
2380 4306 2636 4362 recedens
2663 4321 2693 4360 a
2723 4306 2961 4376 pristinis
2985 4308 3135 4362 malis
3154 4348 3170 4375 ,
3209 4324 3278 4364 ex
3311 4310 3493 4364 animo

1913 4416 2141 4472 vereque
2189 4401 2457 4470 promittat
2494 4400 2603 4454 Deo
2642 4415 2703 4455 se
2746 4409 2926 4470 postea
2975 4416 3259 4472 numquam
3296 4403 3362 4459 ad
3405 4403 3495 4468 illa

1915 4496 2226 4558 rediturum,
2262 4493 2393 4547 nihil
2421 4493 2560 4547 aliud
2588 4493 2726 4547 Deus
2751 4494 2983 4563 requiret
3003 4493 3069 4548 ad
3095 4498 3494 4555 excusationem

1915 4589 2192 4654 majorem.
2224 4585 2487 4655 Benignus
2510 4585 2652 4638 enim
2680 4591 2763 4639 cst
2781 4627 2797 4648 ,
2823 4592 2877 4639 et
2898 4587 3342 4654 quemadmodum
3373 4604 3497 4659 par-

1914 4680 2118 4736 turiens
2141 4679 2287 4746 cupit
2314 4679 2440 4731 eniti
2483 4678 2644 4732 fetum
2669 4718 2684 4740 ,
2729 4676 2796 4730 ita
2842 4685 2896 4731 et
2933 4678 3018 4731 ille
3057 4679 3200 4747 cupit
3224 4679 3497 4735 effundere

1916 4791 2064 4829 suam
2093 4771 2508 4827 misericordiam
2543 4787 2558 4824 :
2590 4770 2683 4825 sed
2712 4769 2786 4823 illi
2815 4769 3019 4824 obstant
3052 4781 3264 4838 peccata
3289 4780 3490 4827 nostra.

1918 4867 2197 4920 Diruamus
2224 4865 2379 4932 igitur
2405 4862 2708 4927 maceriam,
2732 4872 2888 4932 atque
2912 4876 2975 4914 ex
3000 4860 3102 4914 hoc
3125 4861 3231 4929 jam
3253 4870 3492 4930 tempore

1917 4961 2110 5014 festum
2139 4959 2492 5026 auspicemur,
2525 4957 2686 5009 hosce
2706 4954 2816 5008 dies
2834 4953 3063 5023 quinque
3087 4953 3310 5022 negotiis
3334 4955 3500 5007 omni-

1921 5053 2018 5106 bus
2046 5051 2219 5104 valere
2247 5050 2406 5117 jussis
2430 5090 2444 5111 ,
2476 5048 2648 5101 valeat
2680 5046 2848 5100 forum
2873 5087 2885 5106 ,
2914 5046 3084 5098 valeat
3112 5046 3260 5100 curia
3283 5087 3296 5109 ,
3329 5045 3497 5101 fat-cs-

1919 5152 2039 5197 sant
2083 5141 2364 5195 mundanae
2414 5153 2556 5192 cura:
2603 5153 2720 5191 cum
2771 5136 2937 5206 pactis
2985 5145 3038 5188 et
3087 5125 3494 5190 contractibus:

1919 5237 2145 5289 animam
2172 5248 2342 5288 meam
2373 5246 2586 5286 scrvare
2623 5231 2798 5298 cupio.
2835 5229 2968 5292 Quid
3006 5229 3206 5296 prodest
3238 5229 3426 5282 homini
3452 5231 3498 5282 si

1919 5336 2075 5380 totum
2103 5325 2343 5378 mundum
2369 5324 2588 5375 lucretur
2607 5362 2620 5383 ,
2662 5321 2845 5372 animae
2880 5334 2991 5370 vero
3019 5334 3124 5371 διίω
3151 5319 3499 5372 detrimentmn

1922 5418 2144 5488 patiatur
2171 5413 2379 5485 (Matth.
2405 5412 2487 5466 l6.
2511 5410 2640 5478 9.6)?
2664 5409 2872 5478 Egressi
2900 5416 3022 5462 sunt
3047 5424 3074 5459 a
3108 5407 3322 5462 Perside
3343 5406 3499 5477 Magi,

1922 5507 2176 5580 egredere
2219 5515 2272 5559 tu
2302 5521 2332 5559 e
2363 5499 2694 5571 tcmporariis
2737 5497 2997 5570 negotiis,
3042 5497 3107 5553 ad
3146 5497 3325 5555 .lcsutn
3374 5515 3497 5570 pro.

1990 5703 2008 5734 ι
2042 5699 2236 5761 Quidam
2261 5705 2386 5760 Mss,
2411 5694 2635 5747 reddam.
