4062 6166
500 249 605 306 755

490 376 726 423 tlciscere
764 383 779 422 :
817 381 921 420 non
965 371 1048 420 est
1089 363 1305 436 longum
1347 367 1678 424 intervallum
1727 369 1772 424 si
1814 372 2058 428 velimus.

489 459 602 513 Non
630 459 768 514 enim
794 473 1012 513 necesse
1035 468 1116 513 est
1138 458 1385 528 trajicere
1411 475 1578 524 mare,
1605 477 1776 531 neque
1802 465 2058 518 montium

485 567 738 622 superare
764 553 1059 618 cacumina,
1087 553 1180 608 sed
1202 553 1342 608 domi
1373 554 1584 620 sedens,
1614 554 1657 609 si
1690 557 1935 625 pietatem
1965 572 2062 611 ex-

486 643 710 707 hibeas,
765 644 1092 714 multamque
1133 644 1308 698 cordis
1359 647 1860 717 compunctionem,
1908 658 2061 718 potes

485 734 636 789 illum
663 736 840 791 videre
861 777 874 798 ,
921 743 1070 802 potes
1101 745 1261 790 totam
1287 736 1501 792 diruere
1531 739 1812 792 maceriam
1837 779 1854 804 ,
1891 748 2059 793 totum

484 827 803 882 submovere
830 828 1184 893 obstaculum,
1211 827 1522 884 abbreviare
1539 830 1634 883 viae
1655 831 2057 900 longitudinem.

483 916 624 970 Deus
659 918 789 970 enim
812 957 828 983 ,
872 918 1070 987 inquit,
1120 920 1534 988 apprOpinquam
1561 936 1651 990 ego
1678 936 1789 974 sum
1815 963 1831 987 ,
1871 933 1918 975 et
1958 939 2058 976 non

483 1005 621 1061 Deus
662 1007 839 1077 procul
872 1007 1082 1071 Herem.
1108 1009 1198 1064 25.
1237 1010 1331 1078 25)
1352 1051 1368 1076 ,
1407 1018 1479 1076 et,
1515 1009 1764 1064 Dominus
1798 1028 1955 1080 prope
1989 1024 2061 1066 est

481 1099 710 1152 omnibus
728 1093 1069 1154 innocentibus
1095 1103 1260 1170 ipsum
1286 1103 1336 1154 in
1366 1103 1568 1156 veritate
1596 1102 1766 1174 (Psal.
1794 1105 1916 1159 144.
1948 1105 2056 1174 18).

484 1188 632 1244 Nunc
655 1198 829 1244 autem
858 1191 1008 1245 multi
1036 1192 1270 1247 ﬁdelium
1301 1192 1354 1246 in
1384 1202 1578 1246 tantam
1607 1194 1910 1248 vecordiam
1942 1205 2057 1248 tan-

486 1288 701 1349 tumque
727 1295 922 1336 venere
951 1292 1344 1351 contemptum,
1380 1293 1437 1335 nt
1467 1299 1586 1337 cum
1619 1284 1910 1337 innumeris
1939 1299 2059 1338 sea-

483 1376 628 1422 teant
652 1370 804 1424 malis
824 1411 840 1435 ,
884 1371 1184 1441 nullamque
1212 1373 1331 1428 vita:
1357 1389 1468 1428 suae
1496 1389 1678 1429 curam
1706 1373 1968 1440 habeant,
2005 1375 2056 1428 in

482 1459 668 1516 diebus
695 1460 840 1516 festis
868 1463 1194 1533 negligenter
1220 1480 1283 1519 ac
1310 1475 1509 1520 temere
1544 1465 1610 1519 ad
1644 1481 1882 1521 mensam
1923 1467 2057 1521 hanc

483 1551 754 1618 accedant,
787 1551 926 1606 haud
953 1554 1323 1625 intelligentes,
1351 1555 1489 1625 quod
1516 1556 1904 1610 communionis
1923 1563 2060 1611 tem-

483 1659 583 1712 pus
608 1660 712 1699 non
734 1655 814 1700 est
844 1645 1056 1712 festum,
1086 1662 1258 1718 neque
1285 1649 1590 1714 celebritas,
1619 1650 1715 1705 sed
1737 1651 2056 1706 conscientia

482 1751 647 1804 pura,
694 1738 902 1808 vitaque
938 1754 968 1791 a
1005 1740 1235 1807 peccatis
1275 1751 1577 1809 repurgata.
1623 1741 1771 1796 Sicut
1799 1743 1939 1796 enim
1968 1743 2058 1813 qui

480 1826 580 1881 sibi
613 1827 805 1882 nullius
849 1829 972 1883 mali
998 1830 1242 1886 conscius
1269 1841 1384 1896 est,
1424 1831 1564 1887 hunc
1599 1842 1811 1902 Oportet
1838 1834 2057 1904 singulis

480 1916 667 1972 diebus
687 1917 979 1984 accedere;
1021 1920 1099 1974 sic
1136 1921 1224 1990 qui
1251 1922 1480 1991 peccatis
1509 1933 1797 1992 occupatus
1827 1934 1929 1989 est,
1959 1941 2059 1980 nec

482 2012 720 2077 paenitet,
747 2026 866 2065 eum
897 2027 962 2065 ne
993 2011 1048 2066 in
1075 2010 1222 2066 festis
1241 2013 1452 2081 quidem
1481 2014 1733 2069 accedere
1756 2025 1924 2069 tutum
1953 2026 2053 2070 est.

480 2100 660 2170 Neque
687 2102 828 2156 enim
859 2102 1025 2156 semel
1067 2101 1120 2157 in
1164 2118 1304 2156 anno
1345 2105 1599 2159 accedere
1622 2147 1638 2172 ,
1684 2106 1868 2162 liberat
1901 2124 1999 2162 nos
2026 2123 2055 2162 a

479 2192 748 2260 peccatis,
793 2193 838 2245 si
880 2191 1095 2262 indigne
1133 2194 1550 2250 accesserimus:
1582 2197 1705 2266 quin
1757 2198 1856 2252 hoc
1886 2199 2056 2269 ipsum

482 2282 655 2351 potius
682 2291 839 2352 auget
863 2283 1255 2339 damnationem
1275 2326 1289 2349 ,
1335 2287 1476 2356 quod
1501 2301 1623 2342 cum
1651 2289 1820 2343 semel
1853 2299 2054 2345 tantum

477 2373 825 2438 accedamus,
868 2390 935 2429 ne
984 2384 1094 2430 tum
1139 2376 1353 2447 quidem
1397 2392 1526 2446 pure
1567 2381 1886 2436 accedimus.
1916 2382 2052 2449 Qua.

479 2473 693 2532 propter
736 2464 994 2520 adhortor
1021 2481 1117 2522 vos
1159 2481 1348 2523 omnes
1393 2483 1462 2523 ne
1506 2469 1852 2539 negligenter,
1892 2474 2056 2529 veluti

478 2555 614 2610 festo
637 2555 725 2610 die
750 2567 971 2626 cogente
990 2597 1006 2624 ,
1048 2557 1114 2612 ad
1139 2557 1317 2613 divina
1342 2560 1592 2629 mysteria
1629 2560 1895 2616 accedatis
1913 2604 1929 2629 ,
1958 2565 2056 2620 sed

477 2646 523 2700 si
559 2646 772 2715 quando
801 2647 957 2716 hujus
985 2664 1149 2704 sacrae
1187 2649 1373 2704 hostia:
1401 2649 1561 2704 futuri
1596 2651 1878 2722 participes
1903 2655 2052 2720 estis,

476 2737 656 2791 multis
698 2748 822 2792 ante
862 2738 1050 2795 uiebus
1094 2741 1386 2811 repurgetis
1416 2757 1511 2797 vos
1544 2743 1687 2814 ipsos
1717 2742 1735 2775 ¹
1763 2759 1860 2817 per
1885 2746 2055 2815 pretii-

475 2833 725 2894 tentiatn,
755 2831 1112 2901 precationem
1133 2843 1188 2888 et
1213 2833 1620 2906 eleemosynam,
1657 2851 1855 2907 perque
1893 2838 2052 2907 spiri-

475 2923 672 2978 tualcm
697 2924 1146 2991 exercitationem,
1177 2940 1276 2980 nec
1302 2925 1478 2981 denuo
1496 2929 1878 2982 convertamini
1904 2928 2053 2984 canis

476 3017 530 3071 in
553 3031 757 3072 morem
781 3017 845 3071 ad
873 3017 1140 3086 proprium
1167 3017 1445 3072 vomitum.
1477 3020 1668 3075 Annon
1697 3019 1841 3074 enim
1867 3019 2054 3074 absur-

473 3106 608 3181 dum
639 3114 838 3161 tantam
883 3107 1080 3162 habere
1118 3122 1299 3162 curam
1351 3123 1531 3163 rerum
1559 3109 1910 3179 corporalium
1935 3153 1950 3176 ,
1997 3119 2055 3165 ut

471 3206 752 3267 appetente
799 3197 935 3252 festo
971 3197 1149 3253 multis
1190 3207 1316 3254 ante
1341 3197 1528 3255 diebus
1553 3209 1753 3256 vestem
1782 3216 1814 3255 e
1841 3202 2051 3257 scriniis

472 3289 882 3357 pulcherrimam
909 3289 1191 3359 diligenter
1218 3304 1464 3359 appares,
1492 3305 1639 3345 emas
1668 3293 2048 3358 calceamenta,

470 3394 655 3433 mensa
686 3379 880 3449 largior
895 3379 1326 3451 splendidiorque
1351 3391 1584 3450 paretur,
1607 3383 1835 3457 denique
1852 3385 2048 3442 variam

472 3472 810 3542 undiquaque
851 3487 1031 3527 rerum
1077 3473 1286 3542 copiam
1332 3475 1640 3544 excogites,
1695 3477 2048 3547 omnibusque

470 3562 642 3616 modis
665 3563 998 3632 temetipsum
1035 3578 1224 3630 ornes,
1251 3563 1578 3634 nitidumque
1601 3565 1794 3622 reddas
1823 3585 1835 3621 :
1859 3568 2050 3622 animze

469 3669 599 3707 vero
641 3654 895 3722 neglectae
915 3693 934 3720 ,
975 3653 1241 3709 sordentis
1263 3696 1279 3722 ,
1316 3655 1602 3725 squalidae,
1634 3656 1769 3711 fame
1792 3659 2047 3713 contabe-

469 3746 667 3798 seentis
705 3745 906 3798 nullum
948 3744 1144 3800 habeas
1172 3755 1473 3815 respectum
1515 3762 1637 3800 cum
1681 3748 1794 3802 sola
1836 3759 2048 3804 maneat

469 3839 698 3906 impura,
728 3852 791 3893 ac
813 3851 1008 3906 corpus
1025 3836 1237 3907 quidem
1263 3837 1486 3892 nitidum
1513 3838 1617 3894 huc
1639 3839 1892 3907 adducas,
1923 3841 2042 3895 ani-

528 4018 542 4048 ι
581 4022 728 4065 Deest
752 4017 799 4065 in
816 4014 1100 4078 quibusdam
1115 4021 1241 4076 uss,
1265 4026 1345 4066 vos
1365 4013 1511 4078 ipsos.

1229 257 1285 312 S.
1319 258 1602 316 JOANNIS
1629 254 2108 322 CllRYSOSTOMl
2147 259 2464 317 ARCHIEP.
2503 261 3035 322 CONS’I‘ANTINOP.

3640 271 3740 330 756

2171 389 2310 428 mam
2332 390 2459 430 vero
2488 377 2681 430 nudam
2710 379 3070 450 incultamque
3089 380 3113 434 ?
3133 382 3290 452 Atqui
3317 397 3512 453 corpus
3529 389 3739 457 quidem

2166 465 2310 520 videt
2351 481 2681 534 conservus,
2733 485 2906 539 neque
2955 472 3242 541 quidquam
3292 485 3376 529 est
3418 477 3739 546 detrimenti,

2167 555 2665 626 quomodocumque
2708 557 2866 613 fuerit
2904 559 3140 614 habitum
3169 578 3182 614 :
3211 563 3353 616 illam
3379 574 3555 620 autem
3599 569 3743 625 videt

2167 644 2458 709 Dominus,
2512 649 2601 716 qui
2648 649 2958 718 gravissime
3007 651 3160 720 punit
3212 655 3604 724 negligentiam.
3658 662 3744 714 An

2165 737 2381 790 nescitis
2404 737 2544 807 quod
2569 739 2682 793 haec
2713 755 2896 794 mensa
2923 742 3074 810 plena
3103 754 3184 797 est
3215 744 3333 813 igne
3366 747 3623 816 spirituah
3643 792 3658 815 ,
3690 762 3746 806 et

2164 827 2606 894 quemadmodum
2651 828 2822 885 fontes
2864 846 3014 901 aquae
3043 833 3154 887 vim
3192 835 3497 902 exundant,
3529 839 3598 894 ita
3629 841 3746 897 hrcc

2164 913 2430 971 ﬂammam
2459 919 2737 987 quamdam
2769 919 2928 976 habet
2952 937 3199 978 arcanam
3227 926 3349 981 ?Ne
3378 927 3536 997 igitur
3563 947 3744 986 acces-

2164 1007 2300 1062 seris
2326 1009 2574 1078 stipulam
2613 1011 2839 1067 atl‘erens
2860 1053 2876 1079 ,
2919 1029 3026 1069 non
3065 1015 3205 1084 ligna
3229 1058 3245 1083 ,
3275 1033 3378 1072 non
3407 1019 3605 1076 fcenum
3625 1063 3642 1088 ,
3677 1041 3746 1080 ne

2162 1111 2355 1166 augeas
2395 1099 2696 1154 incendium
2721 1143 2738 1168 ,
2786 1117 3082 1174 exurasque
3126 1105 3356 1161 animam
3397 1109 3462 1163 ad
3505 1127 3747 1168 commu-

2162 1189 2375 1243 nionem
2412 1191 2752 1247 accedentem
2787 1210 2801 1246 :
2829 1195 2923 1250 sed
2957 1197 3152 1252 accede
3181 1198 3355 1253 ferens
3385 1200 3586 1270 lapides
3612 1221 3741 1274 pre-

2162 1278 2328 1331 tiosos
2352 1321 2364 1342 ,
2395 1295 2612 1346 aurum,
2641 1293 2919 1353 argentum
2941 1327 2954 1349 ,
2978 1301 3084 1355 quo
3112 1289 3379 1356 puriorem
3407 1292 3600 1347 reddas
3623 1311 3743 1347 tua-

2162 1370 2350 1422 teriam
2376 1412 2391 1435 ,
2433 1372 2704 1442 multoque
2731 1389 2851 1428 cum
2896 1375 3044 1430 lucro
3087 1377 3348 1433 discedas.
3379 1381 3432 1435 Si
3461 1384 3584 1451 quid
3613 1384 3743 1439 mali

2161 1469 2245 1515 est
2264 1502 2279 1527 ,
2311 1462 2492 1532 abigas
2516 1464 2584 1518 ab
2608 1466 2806 1521 animo.
2840 1467 3009 1523 Habet
3029 1470 3146 1540 quis
3173 1471 3443 1527 inimicum
3461 1516 3474 1540 ,
3508 1477 3749 1544 graviter

2162 1550 2318 1605 l:esus
2343 1563 2458 1616 est,
2489 1555 2660 1609 solvat
2686 1556 3028 1624 simultatem,
3058 1570 3303 1616 coerceat
3329 1564 3564 1619 animum
3590 1582 3746 1620 exar-

2161 1640 2467 1697 descentem
2513 1643 3061 1717 intumescentemque
3083 1691 3098 1714 ,
3141 1666 3210 1704 ne
3235 1652 3354 1720 quis
3379 1653 3448 1706 sit
3478 1656 3620 1710 intus
3653 1667 3742 1710 tu-

2160 1733 2358 1788 multus
2401 1741 2492 1786 aut
2538 1735 2886 1802 perturbatio.
2936 1738 3135 1808 Regem
3176 1740 3319 1794 enim
3345 1753 3661 1813 excepturus
3684 1763 3750 1803 es

2162 1838 2259 1893 per
2299 1831 2726 1881 communionem
2755 1845 2769 1880 :
2799 1843 2920 1882 cum
2959 1839 3135 1884 autem
3184 1847 3275 1885 rex
3305 1832 3600 1903 ingreditur
3627 1840 3748 1891 ani-

2159 1928 2322 1981 mam,
2355 1924 2562 1985 oportet
2589 1931 2831 1986 magnam
2854 1932 2972 1973 esse
3003 1921 3452 1990 tranquillitatem,
3483 1925 3750 1980 multum-

2161 2020 2264 2073 que
2288 2006 2580 2074 silentium,
2612 2008 2930 2078 profundam
2955 2012 3332 2081 cogitationum
3353 2015 3606 2084 quietem.
3635 2017 3747 2072 Sed

2159 2099 2412 2154 atrociter
2432 2100 2589 2156 laesus
2607 2116 2685 2166 es,
2714 2117 2814 2156 nec
2838 2111 2987 2174 potes
3012 2104 3142 2158 iram
3162 2107 3449 2162 remittere.
3479 2108 3560 2162 An
3583 2109 3750 2178 igitur

2161 2187 2385 2256 teipsum
2411 2192 2578 2259 magis
2601 2192 2760 2248 etiam
2790 2203 2844 2248 et
2872 2195 3088 2264 gravius
3118 2195 3322 2250 laedes?
3364 2197 3547 2268 Neque
3586 2203 3737 2255 enim

2161 2279 2321 2333 tantis
2348 2281 2499 2336 malis
2527 2291 2578 2338 te
2622 2284 2819 2340 afﬁciet
2857 2285 3105 2341 inimicus
3144 2303 3489 2358 quaecumque
3527 2290 3740 2354 fecerit,

2159 2370 2352 2439 quibus
2390 2372 2614 2441 teipsum
2641 2374 2807 2430 amcis
2829 2417 2842 2440 ,
2894 2377 2939 2430 si
2979 2393 3084 2432 non
3119 2377 3192 2432 illi
3220 2380 3611 2446 reconcilieris,
3644 2382 3746 2436 sed

2159 2459 2256 2514 Dei
2284 2459 2428 2530 leges
2466 2463 2819 2518 conculcaris.
2861 2464 2953 2520 llle
2983 2474 3037 2520 te
3063 2467 3384 2522 contumelia
3413 2468 3588 2524 all‘ecit
3608 2511 3622 2536 ,
3652 2471 3746 2525 dic

2158 2551 2310 2616 mihi,
2339 2568 2464 2607 num
2487 2563 2542 2607 tu
2563 2554 2681 2610 ideo
2712 2555 2875 2610 Deum
2905 2556 3110 2612 adicies
3135 2560 3499 2615 contumelia?
3524 2561 3745 2617 Etenim

2159 2657 2266 2696 non
2297 2643 2535 2712 recipere
2582 2645 2633 2698 in
2679 2645 2900 2715 gratiam
2926 2661 3048 2702 eum
3088 2648 3178 2718 qui
3215 2649 3509 2703 molestiam
3539 2652 3744 2720 attulit,

2159 2747 2267 2786 non
2297 2742 2403 2787 tam
2429 2742 2511 2788 est
2548 2734 2692 2788 illum
2722 2736 2941 2801 ulcisci,
2971 2753 3129 2806 qnam
3169 2738 3382 2793 afﬁcere
3414 2741 3744 2795 contumelia

2158 2821 2324 2877 Deum
2347 2863 2366 2891 ,
2411 2823 2544 2894 legis
2572 2823 2729 2894 hujus
2770 2834 3062 2882 auctorem.
3109 2827 3336 2883 Proinde
3373 2845 3441 2884 ne
3478 2830 3741 2900 respicias

2159 2916 2228 2971 ad
2257 2931 2604 2985 conservum,
2647 2933 2817 2988 neque
2856 2919 2924 2974 ad
2961 2920 3374 2990 magnitudinem
3401 2921 3738 2990 injuriarum,

2156 3022 2289 3077 quas
2333 3008 2508 3062 intulit
2550 3008 2639 3063 ille
2667 3050 2682 3072 ,
2731 3010 2826 3064 sed
2866 3010 3029 3065 Deum
3054 3050 3070 3078 ,
3121 3011 3365 3082 illiusque
3411 3013 3655 3068 timorem
3685 3015 3739 3069 iu

2155 3102 2334 3156 animo
2356 3101 2578 3169 habens,
2611 3102 2663 3157 id
2694 3111 2866 3158 tecum
2893 3114 3100 3174 reputa,
3127 3115 3178 3159 te
3205 3119 3309 3174 quo
3337 3106 3599 3175 majorem
3631 3109 3739 3162 vim

2154 3195 2455 3250 admoveris
2499 3196 2678 3250 animo
2722 3205 2812 3251 tuo
2837 3239 2850 3262 ,
2897 3205 3017 3266 post
3056 3197 3332 3252 innumera
3374 3199 3510 3253 mala
3535 3214 3736 3269 cogens

2154 3286 2302 3340 illum
2329 3286 2504 3341 redire
2526 3287 2581 3340 in
2601 3287 2820 3356 gratiam
2842 3302 2960 3341 cum
2984 3301 3071 3351 eo,
3099 3288 3185 3357 qui
3207 3288 3507 3343 molestiam
3537 3291 3738 3356 intulit,

2155 3388 2301 3434 tanto
2331 3381 2503 3449 majus
2532 3381 2807 3448 praemium
2833 3380 3061 3434 laturum
3087 3395 3116 3433 a
3142 3380 3250 3434 Deo
3274 3421 3289 3445 ,
3320 3381 3409 3450 qui
3453 3381 3566 3435 haec
3593 3397 3740 3450 pra:-

2153 3471 2315 3541 cepit.
2351 3471 2417 3528 Et
2444 3471 2580 3525 sicut
2608 3471 2693 3526 hic
2723 3471 2887 3525 Deum
2913 3471 3113 3539 excipis
3141 3471 3310 3524 multo
3347 3486 3467 3526 cum
3507 3471 3736 3540 honore,

2152 3560 2231 3616 sic
2249 3570 2303 3615 et
2332 3562 2444 3630 ipse
2469 3569 2522 3616 te
2552 3561 2659 3616 illic
2684 3561 2848 3615 multa
2874 3577 2994 3615 cum
3020 3561 3188 3632 gloria
3216 3561 3480 3630 excipiet,
3509 3561 3733 3617 reddet-

2151 3665 2256 3720 que
2291 3651 2384 3706 tibi
2421 3651 2773 3720 millecuplam
2819 3651 2973 3706 istius
3018 3650 3335 3706 obedientite
3379 3651 3681 3706 mercedem
3721 3673 3734 3707 :

2151 3756 2310 3811 quam
2359 3742 2510 3796 nobis
2558 3742 2804 3796 omnibus
2845 3742 3058 3812 assequi
3106 3743 3416 3813 contingat,
3465 3745 3634 3814 gratia
3680 3757 3736 3799 et

2150 3833 2480 3904 benignitate
2528 3835 2737 3889 Domini
2785 3836 2952 3888 nostri
2999 3834 3126 3890 Jesu
3175 3835 3406 3901 Christi,
3455 3851 3578 3890 cum
3628 3853 3736 3907 quo

2148 3923 2320 3993 gloria
2366 3925 2434 3979 sit
2479 3924 2654 3990 Patri,
2697 3925 2905 3991 honor,
2951 3925 3229 3994 imperium
3256 3935 3310 3979 et
3339 3925 3613 3992 adoratio,
3655 3928 3736 3980 si.

2150 4013 2364 4083 mulque
2392 4025 2578 4069 sancto
2602 4013 2820 4082 Spiritui
2851 4014 2902 4067 in
2927 4014 3119 4068 saecula
3148 4014 3463 4068 saeculorum
3485 4055 3500 4080 ,
3536 4021 3711 4070 Amen

464 4239 526 4283 IN
573 4240 711 4297 EOS,
757 4239 867 4292 QUI
907 4240 993 4283 AD
1037 4239 1320 4284 SYNAXIM
1362 4238 1490 4282 NON
1531 4238 2016 4295 OCCUEBERUNT,
2075 4238 2158 4281 ET
2209 4237 2379 4291 QUOD
2435 4238 2640 4282 FILIUS
2695 4240 2883 4282 PATEI
2946 4241 3045 4283 SIT
3096 4240 3732 4296 CONSUBSTANTIALIS,

543 4342 1058 4400 DFMONSTRATIO,
1103 4341 1403 4395 QUODQUE
1446 4341 1552 4397 EA,
1597 4340 1740 4393 QUE
1785 4339 2156 4402 ‘HUMILITER
2219 4339 2300 4382 AB
2336 4339 2416 4383 EO
2458 4340 2648 4383 DICTA
2677 4341 2837 4384 SUNT
2870 4341 2952 4383 ET
2993 4340 3217 4394 FACTA,
3262 4340 3387 4383 NON
3445 4341 3733 4383 PROPTER

541 4438 1082 4487 ιΜΒεειιιιΤΑΤΕΜ
1123 4442 1477 4498 ΡΟΤΕΝΤῙΔΞ,
1524 4441 1644 4484 νει
1684 4441 1768 4484 UT
1809 4439 2014 4484 MINOR
2054 4439 2446 4495 CENSEATUR,
2489 4440 2694 4482 FACTA
2734 4439 2873 4482 SINT
2907 4439 2987 4481 ET
3028 4439 3214 4481 DICTA
3239 4464 3255 4492 ,
3301 4437 3416 4481 SED
3445 4438 3732 4481 PROPTER

546 4543 840 4588 DIVERSAS
899 4542 1410 4588 DISPENSATIONIS
1464 4540 1772 4585 RATIONES
1817 4543 1833 4582 :

541 4646 860 4700 QUENTER.

1899 4541 1986 4583 EX
2026 4539 2487 4584 DISPUTATIONE
2529 4541 2613 4582 DE
2655 4539 3326 4596 INCOMPEEHENSIBILI,
3372 4539 3453 4581 ET
3495 4539 3732 4584 CONSE-

1867 4765 2308 4822 WB

997 4923 1126 4965 EOII
1133 4923 1216 4964 UA
1253 4921 1314 4964 SE
1321 4922 1480 4964 PTIIA
1489 4948 1502 4962 .

530 5087 810 5146 l..lterum
844 5085 1101 5142 circensia
1125 5124 1141 5148 ,
1189 5083 1486 5154 iterumque
1530 5083 1685 5141 nobis
1727 5083 2038 5143 imminutus

458 5191 541 5238 est
580 5189 872 5236 conventus
902 5194 916 5232 :
945 5177 1054 5232 imo
1077 5191 1207 5232 vero
1235 5176 1486 5246 quamdiu
1510 5191 1605 5231 vos
1647 5175 1882 5244 adestis,
1924 5178 2038 5234 ﬁeri

459 5273 674 5340 nequit,
714 5279 772 5324 ut
803 5269 1161 5324 imminuatur.
1207 5266 1340 5321 Nam
1369 5267 1504 5322 sicut
1533 5266 1760 5337 agricola
1786 5267 1832 5321 si
1857 5267 2038 5337 fruges

425 5423 430 5426 ,
458 5363 665 5419 adultas
705 5362 898 5417 viderit
930 5369 983 5417 et
1019 5369 1252 5416 maturas
1275 5400 1291 5426 ,
1323 5359 1462 5429 quod
1508 5359 1698 5414 cadant
1723 5360 1846 5415 folia
1869 5401 1886 5426 ,
1933 5375 2038 5416 non

461 5457 743 5513 admodum
785 5457 1082 5512 curatzsic
1125 5457 1372 5510 nimirum
1402 5463 1457 5510 et
1480 5469 1619 5523 ego,
1671 5467 1793 5509 cum
1838 5452 2038 5509 fructus

460 5549 616 5604 nobis
641 5548 812 5609 adsit,
859 5561 963 5602 non
1007 5547 1078 5601 ita
1104 5547 1260 5602 doleo
1287 5587 1303 5612 ,
1333 5546 1457 5601 dum
1503 5545 1630 5600 folia
1670 5545 1824 5599 nobis
1869 5545 2037 5615 abripi

461 5654 644 5695 cerno.
698 5639 822 5692 Mihi
876 5637 1088 5707 quidem
1140 5649 1356 5708 propter
1406 5638 1614 5693 illorum
1663 5638 2036 5708 negligentiam

460 5729 647 5796 dolet,
687 5737 1048 5786 verumtamen
1073 5735 1388 5799 conceptum
1416 5726 1486 5786 ob
1514 5726 1637 5787 illos
1673 5727 1915 5787 dolorem
1939 5728 2039 5787 mi-

2144 4907 2276 4977 tigat
2315 4912 2512 4961 vestrae
2551 4902 2798 4957 alacritas
2825 4901 3094 4957 caritatis.
3143 4900 3430 4957 Enimvero
3456 4900 3533 4955 illi
3555 4915 3730 4971 quan—

2141 4998 2342 5054 tumvis
2364 4995 2676 5052 advenerint
2701 4994 3001 5065 aliquando,
3030 5009 3098 5049 ne
3124 5005 3234 5049 tum
3262 4993 3476 5063 quidem
3505 4994 3726 5060 adsunt,

2140 5090 2234 5146 sed
2263 5089 2348 5144 hic
2369 5088 2583 5159 quidem
2613 5101 2807 5158 corpus
2833 5102 3020 5142 eorum
3047 5095 3130 5142 est
3157 5084 3338 5150 situm,
3366 5101 3519 5142 mens
3545 5096 3728 5142 autem

2139 5179 2271 5236 foris
2312 5186 2576 5252 vagatur:
2605 5186 2660 5232 at
2695 5192 2790 5233 vos
2832 5177 2956 5232 licet
3001 5175 3186 5231 absitis
3231 5175 3549 5245 aliquando,
3590 5185 3723 5231 tunc

2139 5272 2299 5327 etiam
2323 5269 2523 5325 adestis
2549 5286 2564 5323 :
2595 5282 2788 5337 corpus
2816 5268 2957 5323 enim
2981 5273 3217 5321 vestrum
3243 5265 3370 5319 l'oris
3389 5305 3405 5330 ,
3440 5280 3594 5319 mens
3623 5281 3726 5319 au-

2140 5371 2247 5418 tem
2269 5361 2358 5416 hic
2385 5371 2564 5416 vestra
2585 5366 2845 5414 versatur.
2866 5357 3167 5413 Statueram
3188 5355 3433 5425 equidem
3459 5356 3723 5425 prolixam

2142 5452 2196 5506 in
2225 5451 2344 5506 illos
2363 5451 2658 5505 orationem
2680 5447 2914 5510 habere:
2951 5445 3044 5502 sed
3074 5461 3163 5512 ne,
3191 5447 3317 5501 dum
3344 5444 3562 5500 minime
3589 5460 3730 5515 pra:-

2150 5553 2360 5607 sentes,
2405 5555 2508 5596 nec
2545 5539 2824 5595 audientes
2867 5539 3122 5607 increpo,
3162 5550 3283 5591 cum
3328 5534 3515 5590 umbra
3541 5534 3730 5591 videar

2143 5632 2446 5702 depugnare
2468 5671 2484 5696 ,
2527 5631 2608 5686 his
2632 5628 2968 5686 sermonibus
2996 5629 3050 5682 in
3078 5627 3289 5682 illorum
3314 5624 3601 5680 adventum
3633 5641 3725 5681 re-

2145 5727 2399 5796 servatis,
2445 5724 2513 5782 ad
2536 5735 2848 5783 consuetum
2859 5725 3146 5798 Scriptum
3169 5731 3376 5795 pratum
3400 5735 3466 5779 ac
3494 5720 3719 5794 pelagus
