4062 6166
299 281 397 340 755

289 397 404 456 ἔστι
434 398 577 455 πολὺ
605 399 670 454 τὸ
696 400 883 472 μέσον,
925 402 993 457 ἀν
1026 401 1320 473 ἐθέλωμεν.
1367 401 1441 456 Οὑ
1483 400 1593 474 γὰρ
1628 401 1865 468 πέλαγος

289 482 504 553 ἀνάγκη
532 482 887 554 διαπερᾶσαι,
928 484 1050 537 οὑδέ
1079 483 1223 555 ὀρῶν
1255 483 1556 555 ὑπερϐῆναι
1598 482 1862 555 κορυφὰς,

289 565 402 620 ἀλλ’
433 564 572 619 οἴκοι
603 565 931 638 καθήμενον,
963 566 1248 621 εὐλάϐειαν
1285 565 1726 636 ἐπιδεικνύμενον
1771 565 1867 618 καὶ

290 648 492 720 πολλὴν
534 648 634 720 τὴν
655 647 966 714 κατάνυξιν,
996 649 1142 702 ἐστιν
1170 649 1297 703 ίδεῖν
1331 661 1357 689 ι
1390 648 1537 702 ἀπαν
1564 645 1865 703 καταλῦσαι

286 732 351 788 τὸ
396 733 618 802 τειχίον,
664 732 873 785 ἀνελεῖν
930 731 992 785 τὸ
1028 732 1275 802 κώλυμα,
1315 734 1584 787 συστεῖλαι
1615 732 1714 803 τῆς
1743 731 1864 784 ὁδοῦ

289 817 351 870 τὸ
382 816 573 887 μῆκος·
607 815 754 882 Θεὸς
784 816 895 884 γὰρ
916 814 1156 885 ὲγτίζων
1177 815 1291 887 ἐγώ
1313 818 1450 885 ειμι,
1483 816 1635 886 φησὶ,
1666 816 1763 868 καὶ
1792 816 1864 868 οὐ

290 902 437 966 Θεὸς
490 900 815 968 πόρῤωθεν·
871 903 988 963 καὶ,
1041 899 1253 969 Ἔγτὺς
1301 903 1515 967 Κύριος
1552 898 1702 953 πᾶσι
1742 898 1868 963 τοῖς

286 981 793 1052 ἐπικαλουμένοις
829 982 1018 1036 αὑτὸν
1059 982 1130 1035 ἐν
1181 983 1452 1050 ἀληθείῃ.
1504 981 1620 1034 Νῦν
1674 980 1732 1034 δὲ
1787 982 1867 1045 είς

288 1064 514 1119 τοσοῦτο
558 1064 746 1128 ἀνοίας
777 1064 873 1118 καὶ
911 1066 1373 1136 καταφρονήσεως
1404 1064 1590 1118 πολλοὶ
1636 1065 1745 1117 τῶν
1778 1082 1866 1117 πι-

291 1149 434 1204 στῶν
473 1148 825 1221 ἐληλάκασιν,
863 1148 942 1211 ὡς
976 1149 1076 1201 καὶ
1110 1149 1320 1219 μυρίων
1357 1148 1618 1219 γέμοντες
1659 1147 1864 1212 κακῶν,

288 1232 383 1285 καὶ
433 1230 704 1302 μηδεμίαν
745 1230 882 1293 ὅλως
921 1228 1129 1283 ἑαυτῶν
1179 1230 1498 1300 ἐπιμέλειαν
1534 1230 1865 1301 ποιούμενοι,

286 1316 478 1381 ἀτελῶς
525 1316 620 1370 καὶ
667 1315 741 1379 ὡς
780 1314 969 1385 ἔτυχεν
1009 1316 1068 1367 ὲν
1109 1317 1229 1378 ταῖς
1272 1316 1484 1387 ἑορταῖς
1518 1317 1582 1385 τῇ
1616 1314 1868 1388 τραπέζῃ

286 1398 464 1471 ταύτῃ
488 1397 906 1470 προσέρχονται,
941 1397 1042 1450 οὐκ
1070 1397 1098 1437 δ
1126 1396 1326 1459 εἰδότες
1349 1397 1432 1450 ὅτι
1460 1397 1651 1467 καιρὸς
1675 1414 1864 1450 κοινω-

288 1484 409 1545 νίας
440 1484 542 1555 οὑχ
579 1483 748 1554 ἑορτὴ
774 1481 869 1537 καὶ
895 1482 1224 1553 πανήγυρις,
1254 1480 1389 1535 ἀλλά
1424 1480 1664 1545 συνειδὸς
1699 1481 1870 1535 καθα-

290 1569 383 1640 ρὸν
410 1570 509 1622 καὶ
548 1566 666 1638 βίος
696 1566 1056 1635 ἐγκλημάτων
1090 1564 1527 1636 ἀπηλλαγμένος.
1562 1567 1671 1619 Καὶ
1696 1565 1868 1620 καθά-

286 1671 395 1724 περ
425 1654 517 1707 τὸν
546 1651 698 1706 οὐδὲν
731 1649 907 1721 ἐαυτῷ
936 1649 1206 1703 συνειδότα
1252 1649 1454 1719 φαῦλον
1484 1649 1605 1704 καθ’
1631 1652 1870 1721 ἑκάστην

285 1738 367 1791 δεῖ
406 1735 686 1809 προσιέναι
724 1734 824 1807 τὴν
858 1734 1092 1806 ἡμέραν,
1122 1732 1265 1788 οὕτω
1293 1733 1383 1787 τὸν
1412 1736 1471 1787 ἐν
1508 1734 1868 1806 ἁμαρτήμασι

288 1819 857 1895 προκατειλημμένον,
884 1819 978 1872 καὶ
1001 1819 1075 1890 μὴ
1100 1818 1461 1889 μετανοοῦντα
1486 1819 1606 1871 οὑδέ
1626 1820 1683 1871 ἐν
1707 1820 1868 1891 ἑορτῇ

289 1906 577 1979 προσιέναι
606 1902 863 1974 ἀσφαλές.
892 1904 969 1957 UO
998 1901 1107 1974 γὰρ
1140 1901 1204 1974 δὴ
1235 1902 1297 1954 τὸ
1330 1901 1474 1968 ἅπαξ
1498 1902 1593 1956 τοῦ
1624 1904 1868 1957 ἐνιαυτοῦ

289 1991 612 2063 προσελθεῖν
661 1988 992 2043 ἀπαλλάττει
1046 1986 1156 2041 τῶν
1204 1986 1568 2058 ἐγκλημάτων
1598 1988 1770 2059 ήμᾶς,
1803 1988 1870 2043 ἂν

288 2073 525 2139 ἀναξίως
582 2070 917 2144 προσίωμεν,
970 2070 1084 2124 ἀλλ’
1123 2070 1256 2123 αὐτὸ
1297 2070 1360 2141 δὴ
1404 2069 1564 2123 τοῦτο
1609 2071 1872 2139 μειζόνως

291 2158 669 2223 καταδικάζει,
715 2158 798 2210 ὅτι
845 2155 995 2221 ἅπαξ
1019 2154 1173 2227 [500]
1207 2154 1547 2227 προσιόντες,
1579 2154 1700 2209 οὐδὲ
1750 2155 1870 2208 τότε

288 2241 549 2315 καθαρῶς
571 2240 760 2312 προσίε
769 2256 886 2310 μεν.
902 2240 1002 2294 Διά
1014 2238 1171 2291 τοῦτο
1186 2236 1489 2309 παρακαλῶ
1504 2237 1712 2300 πάντας
1728 2236 1872 2307 ὑμᾶς

294 2328 366 2400 μὴ
418 2325 612 2389 ἀπλῶς
654 2325 743 2378 διὰ
781 2323 879 2395 τὴν
923 2324 1022 2394 τῆς
1058 2322 1253 2395 ἑορτῆς
1290 2321 1537 2392 ἀνάγκην
1577 2321 1685 2375 τῶν
1712 2320 1871 2375 θείων

290 2409 563 2465 ἅπτεσθαι
618 2407 952 2479 μυστηρίων·
1018 2406 1133 2461 ἀλλ’
1186 2406 1243 2459 εί
1289 2423 1419 2459 ποτε
1479 2403 1723 2475 μέλλοιτε
1771 2403 1873 2476 τῆς

290 2494 454 2563 ἁγίας
483 2492 688 2564 ταύτης
712 2491 957 2563 μεθέξειν
995 2491 1332 2561 προσφορᾶς,
1364 2488 1472 2555 πρὸ
1504 2487 1713 2541 πολλῶν
1736 2489 1875 2559 ἡμε-

292 2579 397 2653 ρῶν
429 2579 662 2640 ἐαυτοὺς
692 2588 714 2617 ο
737 2575 1108 2644 διακαθαίρειν
1144 2573 1232 2627 διά
1265 2572 1549 2644 μετανοίας
1584 2573 1679 2626 καὶ
1707 2573 1874 2644 εὑχῆς

292 2664 383 2717 καὶ
428 2660 805 2733 ἐλεημοσύνης
850 2659 944 2713 καὶ
975 2659 1074 2728 τῆς
1108 2658 1236 2728 περὶ
1270 2657 1339 2709 τά
1377 2654 1724 2726 πνευματικά
1759 2663 1885 2726 σχο-·

291 2749 409 2819 λῆς,
447 2748 544 2801 καὶ
575 2746 649 2818 μὴ
675 2745 837 2799 πάλιν
869 2741 1296 2813 ἐπιστρέφεσθαι
1326 2739 1578 2812 καθάπερ
1605 2739 1749 2794 κύων
1782 2740 1877 2793 ἐπὶ

292 2832 381 2886 τὸν
416 2831 556 2885 ἴδιον
592 2830 805 2900 ἔμετον.
838 2828 965 2891 Πῶς
999 2825 1109 2897 γὰρ
1143 2826 1245 2878 οὐκ
1271 2824 1469 2878 ἄτοπον
1496 2822 1603 2876 τῶν
1642 2824 1740 2894 μὲν
1770 2841 1875 2876 σω-

295 2915 547 2987 ματικῶν
591 2912 860 2983 τοσαύτην
896 2908 1166 2964 ποιεῖσθαι
1203 2909 1302 2978 τήν
1346 2906 1683 2977 ἐπιμέλειαν,
1733 2904 1874 2959 ὥστε

294 3000 490 3071 ἑορτῆς
509 2995 890 3069 παραγούσης,
925 2992 1032 3065 πρὸ
1060 2990 1270 3045 πολλῶν
1291 2989 1514 3060 ἡμερῶν
1537 2989 1631 3042 καὶ
1660 2988 1875 3060 ἱμάτιον

296 3085 356 3136 ἐκ
378 3083 496 3135 τῶν
518 3080 789 3135 κιϐωτίων
814 3078 876 3131 τὸ
901 3076 1183 3131 κάλλιστον
1209 3072 1565 3143 ἀνελομένους
1593 3088 1880 3143 προευτρε-

296 3166 498 3231 πίζειν,
529 3164 626 3219 καὶ
656 3162 984 3233 ὑποδήματα
1011 3157 1288 3219 ὠνεῖσθαι,
1320 3156 1414 3209 καὶ
1438 3152 1683 3226 τραπέζῃ
1724 3153 1878 3223 δαψι-

296 3250 534 3322 λεστέρᾳ
574 3246 902 3319 κεχρῆσθαι,
937 3245 1034 3298 καὶ
1063 3241 1289 3304 πολλοὺς
1320 3238 1583 3322 πάντοθεν
1613 3254 1876 3322 προσεπι-

296 3337 433 3389 νοεῖν
468 3320 694 3403 πόρους,
747 3329 842 3383 καὶ
884 3328 1048 3382 παντὶ
1101 3324 1288 3397 τρόπῳ
1341 3320 1651 3393 φαιδρύνειν
1684 3320 1876 3403 ἑαυτὸν

296 3417 384 3470 καὶ
411 3401 807 3477 καλλωπίζειν·
838 3412 937 3481 τῆς
975 3409 1033 3464 δὲ
1063 3408 1243 3479 ψυχῆς
1284 3405 1659 3478 ἡμελημένης,
1696 3401 1878 3474 ῥυπώ-

295 3518 412 3572 σης,
470 3497 794 3571 αὑχμώσης,
838 3494 982 3566 λιμῷ
1040 3492 1510 3564 διαφθειρομένης.
1565 3489 1876 3561 ἀκαθάρτου

299 3582 576 3655 μενούσης
609 3580 813 3653 μηδένα
840 3577 1109 3632 ποιεῖσθαι
1137 3575 1314 3644 λόγον,
1345 3575 1482 3629 ἀλλά
1504 3574 1562 3628 τὸ
1597 3573 1696 3645 μὲν
1717 3572 1879 3643 σῶμα

296 3664 713 3728 καλλωπίζοντα
752 3662 992 3729 εἰσάγειν
1026 3659 1280 3721 ἐνταῦθα,
1319 3657 1536 3727 ἐκείνην
1573 3656 1632 3710 δὲ
1664 3656 1878 3727 γυμνήν

295 3751 389 3803 καὶ
452 3746 874 3819 ἀσχημονοῦσαν
918 3745 1215 3816 περιορῷς
1270 3742 1463 3796 Καίτοι
1502 3741 1661 3817 τοῦτο
1710 3739 1808 3810 μὲν
1853 3741 1881 3792 6

298 3830 590 3895 σύνδουλος
634 3829 887 3902 όρᾷ,.καὶ
929 3827 1123 3899 βλάϐος
1153 3825 1304 3880 οὐδὲν
1345 3823 1448 3878 κᾶν
1478 3820 1727 3877 ὁπωσοῦν
1762 3821 1879 3875 δια·

360 3988 387 4016 ⁸
418 3986 562 4037 Ἰδεῖν
580 3985 724 4036 deest
743 3983 793 4033 in
811 3983 1000 4046 aliqqu
1015 3995 1132 4031 mss.

358 4048 388 4088 δ
409 4050 509 4110 Alii
529 4052 590 4109 τῆ
609 4047 811 4110 τραπέζῃ
831 4040 1074 4110 πρόαέναι
1094 4042 1262 4110 ῖαὺτην
1284 4040 1373 4089 οὐκ
1393 4040 1479 4089 c16-

364 4114 386 4141 "
417 4104 655 4165 Ἑαυτούς
672 4104 818 4157 deest
836 4104 886 4156 ixi
909 4104 1200 4169 quibusdam
1219 4116 1338 4152 mss.

1175 282 1264 337 DE
1295 278 1957 344 CONSUBSTANTMLI,
2000 277 2280 333 CONTRA
2321 272 2701 333 ΑΝοΜαεοε.
2756 277 2866 333 ΠΙ.

3430 260 3533 314 736

1965 398 2216 469 κείμενον
2240 392 2298 472 ᾗ,
2322 395 2536 468 ἐκείνην
2562 397 2619 451 δὲ
2649 399 2677 451 6
2704 396 2999 468 Δεσπότης,
3029 397 3123 452 καὶ
3154 396 3415 469 μεγίστην
3443 398 3542 452 ἐπ’

1964 485 2088 553 άγει
2121 484 2342 538 κόλασιν
2367 484 2466 555 τῆς
2485 483 2764 555 ἀμελείας.
2790 484 2903 537 Ούκ
2938 484 3051 537 ῐστε
3078 483 3162 536 ὅτι
3193 482 3364 555 πυρὸς
3402 482 3539 553 αῦτη

1964 569 2125 638 γέμει
2151 570 2184 639 ή
2204 568 2454 639 τράπεζα
2478 566 2867 638 πνευματικοῦ,
2900 568 2994 622 καὶ
3016 567 3265 641 καθάπερ
3289 570 3343 622 αί
3366 571 3539 639 πηγαὶ

1966 651 2127 721 φύσιν
2160 650 2351 715 ὕδατος
2387 651 2801 717 ἀναϐλύζουσιν,
2853 651 2995 723 οῦτῳ
3043 652 3135 705 καὶ
3175 651 3314 722 αῦτη
3369 650 3541 719 φλόγα

1964 734 2087 788 τινά
2131 736 2245 806 ἔχει
2299 734 2568 807 ἀρρητον;
2609 736 2698 806 Μὴ
2731 736 2908 789 τοίνυν
2948 734 3252 806 προσέλθῃς
3289 735 3541 806 καλάμην

1964 815 2126 888 έχων,
2166 819 2241 888 μὴ
2282 816 2415 882 ξύλα
2444 820 2537 872 καὶ
2566 820 2780 890 χόρτον,
2821 819 2906 873 ἴνα
2955 820 3029 891 μὴ
3069 818 3289 872 πλείονα
3320 818 3413 871 τὸν
3443 821 3543 888 ἐμ-

1969 901 2221 973 πρησμὸν
2248 903 2477 974 ἐργάσῃ,
2522 904 2617 957 καὶ
2659 902 3014 978 κατακαύσῃς
3060 903 3157 974 τὴν
3188 902 3541 975 μεταλαμϐά-

1965 1003 2161 1039 νουσαν
2185 986 2384 1058 ψυχήν·
2421 986 2535 1040 ἀλλ’
2567 987 2704 1057 ἔχων
2731 987 2911 1052 λίθους
2930 989 3163 1057 τιμίους,
3194 988 3413 1058 χρυσὸν,
3445 989 3542 1059 ἄρ-

1964 1086 2152 1141 γυρον,
2183 1071 2270 1124 ἵνα
2299 1071 2688 1144 καθαρωτέραν
2724 1072 2957 1142 ποιήσῃς
2987 1072 3085 1143 τὴν
3119 1071 3269 1143 ὓλην,
3305 1072 3390 1126 ῖνα
3413 1071 3541 1124 πολ-

1964 1153 2061 1223 λὴν
2096 1152 2278 1206 λαϐὼν
2322 1154 2422 1226 τὴν
2467 1154 2760 1226 ἐμπορίαν,
2794 1154 3055 1228 ἀπέλθῃς.
3108 1156 3176 1208 Εἴ
3193 1173 3244 1208 τι
3283 1155 3540 1227 πονηρὸν,

1965 1235 2273 1308 ἐξόρισονά,
2303 1239 2639 1307 φυγάδευσον
2667 1240 2775 1293 ἀπὸ
2800 1240 2898 1310 τῆς
2921 1240 3099 1311 ψυχῆς
3130 1258 3244 1295 σου.
3272 1242 3427 1311 Ἔχει
3457 1257 3543 1305 τις

1967 1322 2183 1393 ἐχθρὸν,
2227 1322 2323 1376 καὶ
2365 1322 2435 1376 τὰ
2486 1322 2695 1391 μεγάλα
2742 1323 3034 1393 ήδίκηταιξ
3083 1323 3397 1377 καταλυέτω
3444 1325 3543 1394 τὴν

1967 1404 2189 1477 ἔχθραν,
2224 1405 2630 1460 καταστελλέτω
2671 1408 2771 1477 τὴν
2803 1407 3040 1460 διάνοιαν
3082 1408 3541 1476 φλεγμαίνουσαν,

1966 1489 2236 1554 οἰδοῦσαν,
2281 1491 2370 1544 ῖνα
2406 1491 2591 1562 μηδεὶς
2620 1491 2765 1544 ἔνδον
2806 1491 3033 1564 θόρυϐος
3133 1492 3267 1562 μηδέ
3307 1493 3543 1563 ταραχή.

1967 1575 2202 1629 Βασιλέα
2233 1574 2341 1645 γὰρ
2367 1573 2723 1645 ὑποδέχεσθαι
2754 1574 2969 1645 μέλλεις
2993 1574 3081 1628 διὰ
3110 1575 3209 1643 τῆς
3240 1574 3540 1636 κοινωνίας·

1971 1657 2236 1728 βασιλέως
2268 1658 2326 1712 δὲ
2357 1657 2725 1721 ἐπιϐαίνοντος
2753 1660 2819 1729 τῇ
2850 1658 3020 1729 ψυχῇ,
3058 1658 3258 1728 πολλὴν
3294 1653 3435 1711 εἶναι
3464 1658 3546 1710 δεῖ

1967 1741 2067 1811 τήν
2093 1740 2357 1810 γαλήνην,
2384 1736 2585 1813 πολλὴν
2608 1739 2705 1811 τὴν
2733 1741 2983 1811 ἡσυχίαν,
3016 1740 3235 1810 βαθεῖαν
3262 1740 3371 1793 τῶν
3401 1741 3548 1808 λογι-

1971 1822 2123 1893 σμῶν
2156 1822 2255 1892 τὴν
2297 1824 2541 1894 εἰρήνην.
2576 1822 2739 1875 Ἀλλά
2779 1820 2991 1892 μεγάλα
3030 1821 3301 1891 ἠδίκησαι.
3348 1824 3441 1875 καὶ
3482 1823 3544 1875 ού

1970 1906 2158 1976 φέρεις
2193 1907 2407 1974 ἀφεῖναι
2437 1907 2534 1977 τὴν
2574 1906 2779 1976 ὸργήνς
2821 1903 2873 1957 τί
2912 1905 3092 1958 τοίνυν
3134 1906 3329 1960 σαυτὸν
3364 1906 3545 1976 πολλῷ

1974 1989 2196 2061 μείζονα
2223 1991 2428 2055 ἀδικεῖς
2456 1991 2549 2044 καὶ
2571 1988 2957 2060 χαλεπώτερα;
2985 1989 3060 2041 Οὑ
3096 1989 3201 2060 γὰρ
3228 1990 3453 2045 τοιαῦτά
3486 2008 3547 2045 σε

1970 2074 2285 2143 διαθήσεται
2327 2074 2355 2125 6
2390 2073 2581 2143 ἐχθρὸς
2611 2073 2819 2142 ὅσαπερ
2852 2073 2918 2126 ἂν
2957 2074 3106 2144 ποιῇ,
3145 2067 3232 2125 οἷα
3262 2074 3325 2127 σὺ
3354 2073 3549 2127 σαυτὸν

1975 2157 2049 2230 μὴ
2107 2158 2606 2228 καταλλαττόμενος
2655 2157 2791 2228 πρὸς
2837 2158 3062 2218 ἐκεῖνον,
3115 2156 3252 2210 ἀλλά
3289 2159 3414 2221 τοὺς
3451 2158 3546 2211 τοῦ

1972 2239 2107 2294 Θεοῦ
2155 2240 2487 2295 καταπατῶν
2521 2245 2742 2311 νόμους.
2785 2240 3017 2310 ’Υϐρισέ
3065 2257 3123 2292 σε
3169 2242 3410 2307 ἐκεῖνος;
3460 2243 3552 2296 διά

1971 2324 2131 2377 τοῦτο
2158 2320 2251 2378 οῦν
2285 2325 2349 2378 σὺ
2389 2323 2479 2377 τὸν
2513 2322 2647 2376 Θεὸν
2698 2321 2961 2392 ὑϐρίζεις,
3002 2322 3122 2375 είπέ
3169 2340 3290 2394 μοις
3327 2323 3401 2378 Τὸ
3440 2326 3550 2397 γὰρ

1977 2405 2051 2478 μὴ
2080 2406 2542 2461 καταλλάττεσθαι
2574 2405 2653 2475 τῷ
2679 2404 3029 2475 λελυπηκότι,
3053 2406 3150 2459 οὑκ
3174 2407 3380 2461 ἐκεῖνόν
3403 2408 3551 2461 ἐστιν
3586 2450 3589 2459 ρ

1973 2489 2316 2561 ἀμυνομένου
2346 2488 2619 2554 τοσοῦτον,
2655 2489 2780 2542 ὅσον
2825 2488 2916 2541 τὸν
2948 2488 3080 2541 θεὸν
3119 2488 3431 2560 ὑϐρίζοντος
3457 2491 3552 2543 τὸν

1973 2573 2146 2627 ταῦτα
2178 2570 2635 2644 νομοτεθήσαντα.
2663 2571 2754 2641 Μὴ
2783 2571 2962 2625 τοίνυν
2987 2572 3124 2641 πρὸς
3148 2572 3239 2626 τὸν
3271 2571 3551 2626 σύνδουλον

1972 2655 2115 2729 ῖδῃς,
2151 2656 2286 2725 μηδὲ
2324 2655 2462 2727 πρὸς
2501 2655 2563 2707 τὸ
2600 2654 2827 2725 μέγεθος
2860 2654 2969 2707 τῶν
3012 2655 3365 2723 ἀδικημάτων
3410 2657 3553 2709 ἐκεί-

1975 2758 2088 2796 νου·
2131 2739 2268 2794 ἀλλά
2304 2740 2396 2792 τὸν
2427 2739 2559 2792 Θεὸν
2602 2739 2697 2793 καὶ
2729 2739 2821 2792 τὸν
2855 2738 3063 2791 ἐκείνου
3102 2738 3264 2807 φόϐον
3309 2741 3388 2802 εἰς
3431 2738 3553 2793 νοῦν

1978 2823 2325 2895 βαλλόμενος,
2378 2823 2557 2875 ἐκεῖνο
2597 2822 2893 2893 σκόπησον,
2934 2821 3015 2874 ὅτι
3056 2820 3165 2892 ὅσῳ
3220 2820 3287 2874 ἂν
3334 2820 3555 2891 μείζονα

1978 2908 2195 2977 πάσχῃς
2223 2906 2345 2975 βίαν
2384 2904 2528 2958 κατά
2555 2903 2753 2975 ψυχὴν,
2783 2905 2919 2975 μετὰ
2949 2904 3115 2975 μυρία
3147 2903 3294 2957 κακά
3315 2904 3556 2973 ἀναγκα-

1978 2987 2205 3060 ζόμενος
2247 2987 2709 3042 καταλλάττεσθαι
2754 2986 2831 3057 τῷ
2871 2986 3219 3056 λελυπηκότι,
3265 2987 3502 3058 τοσούτῳ
3528 3000 3553 3027 ο

1980 3072 2224 3135 πλείονος
2245 3071 2526 3142 ἀπολαύσῃ
2552 3073 2651 3141 τῆς
2678 3070 2845 3140 τιμῆς
2876 3068 3026 3140 παρά
3047 3068 3138 3122 τοῦ
3159 3068 3333 3123 ταῦτα
3366 3071 3556 3124 κελεύο

1982 3171 2173 3218 σαντος
2202 3154 2358 3208 Θεοῦ·
2389 3153 2482 3207 κοιλ¹
2508 3153 2759 3221 καθάπερ
2784 3151 2944 3205 αὑτὸν
2982 3150 3120 3221 μετά
3157 3152 3354 3219 πολλῆς
3377 3153 3571 3206 ὑποδέ-

1981 3255 2051 3312 χῃ
2078 3237 2232 3310 [501]
2276 3237 2380 3307 τῆς
2416 3228 2580 3307 τιμῆς
2615 3234 2866 3297 ἐνταῦθα,
2909 3232 3051 3287 οὕτω
3087 3234 3180 3287 καὶ
3214 3234 3375 3297 αὐτὸς
3419 3235 3557 3305 μετά

1983 3320 2187 3392 πολλῆς
2224 3319 2536 3385 ὑποδέξεταί
2568 3336 2627 3372 σε
2654 3318 2755 3388 τῆς
2785 3316 2942 3388 δόξης
2971 3318 3108 3383 ἐκεῖ,
3135 3316 3557 3388 μυριοπλασίους

1983 3403 2268 3467 ἀποδιδούς
2321 3420 2405 3457 σοι
2459 3403 2560 3474 τῆς
2615 3401 2854 3473 ὑποκοῆς
2904 3400 3108 3472 ταύτης
3154 3400 3254 3464 τὰς
3299 3401 3555 3471 ἀμοιϐάς·

1982 3483 2058 3543 ὧν
2098 3488 2309 3557 γένοιτο
2349 3487 2559 3550 πάντας
2599 3487 2745 3556 ἡμᾶς
2774 3486 3050 3555 ἐπιτυχεῖν
3093 3483 3275 3555 χάριτι
3316 3485 3409 3538 καὶ
3436 3483 3558 3555 φιλ-

1984 3572 2273 3645 ανθρωπίᾳ
2321 3569 2414 3624 τοῦ
2466 3569 2671 3640 Κυρίου
2714 3569 2871 3639 ήμῶν
2914 3567 3089 3639 Ἰησοῦ
3137 3566 3400 3638 Χριστοῦ,
3439 3567 3559 3638 μεθ’

1984 3648 2045 3709 οῦ
2084 3654 2162 3726 τῷ
2198 3653 2375 3725 Πατρὶ
2413 3652 2562 3719 δόξα,
2595 3652 2750 3724 τιμὴ,
2788 3652 2987 3723 κράτος
3029 3651 3125 3705 καὶ
3167 3648 3556 3721 προσκύνησις,

1988 3737 2104 3807 ἅμα
2138 3735 2217 3807 τῷ
2255 3735 2396 3807 ἁγίῳ
2429 3736 2725 3806 Πνεύματι,
2766 3737 2845 3798 εἰς
2884 3734 3010 3798 τοὺς
3042 3732 3245 3798 αίῶνας
3276 3732 3386 3786 τῶν
3429 3732 3560 3787 αἰώ-

1988 3837 2115 3873 νων.
2152 3820 2348 3891 Ἇμήν.

2045 3969 2074 4011 (ι
2097 3970 2179 4021 Sic
2199 3972 2353 4022 Savil.
2383 3977 2437 4020 et.
2470 3983 2642 4021 omnes
2684 3969 2790 4018 fere
2820 3982 2934 4017 mss.
2964 3969 3014 4017 In
3044 3967 3212 4015 Morel.
3257 3980 3373 4015 vero
3412 3968 3560 4030 ἐξόρι-

1982 4050 2068 4084 σον
2087 4034 2249 4083 deest.

2050 4106 2073 4132 ο
2096 4095 2195 4145 Alii
2215 4097 2284 4158 τῷ
2307 4092 2588 4151 πεποιηκότι
2608 4094 2789 4150 κακῶς,
2808 4088 3041 4152 τοσούτῳ.

326 4233 3537 4274 ____________________________________________.__..

302 4359 462 4430 Πρὸς
490 4356 637 4424 τοὺς
664 4350 1139 4422 ἀπολειφθέντας
1157 4347 1268 4418 τῆς
1289 4360 1313 4390 ⁸
1340 4346 1674 4414 συνάξεως,
1696 4347 1799 4402 καὶ
1825 4344 1935 4401 τοῦ
1971 4344 2296 4414 ὀμοούσιον
2316 4341 2470 4398 εἶναι
2502 4343 2607 4397 τὸν
2637 4341 2774 4396 Υιὸν
2797 4339 2877 4405 τῷ
2902 4337 3085 4407 Πατρί
3114 4336 3439 4402 ἀπόδειξις,
3459 4339 3556 4392 καί

371 4455 466 4509 ὅτι
506 4451 581 4505 τὰ
612 4447 905 4513 ταπεινῶς
937 4442 1219 4513 είρημένα
1251 4441 1352 4495 καὶ
1391 4442 1753 4511 γεγενημένα
1792 4438 1930 4507 παρ’
1950 4436 2161 4501 αὐτοῦ,
2186 4439 2257 4491 οὐ
2294 4436 2370 4490 δι’
2400 4438 2722 4491 ἀσθένειαν
2749 4431 3075 4501 δυνάμεως,
3103 4428 3247 4485 οὐδὲ
3276 4428 3350 4483 δι’
3380 4428 3556 4483 ἐλάτο

372 4558 565 4601 τωσιν
607 4540 838 4610 ἐγένετο
869 4535 970 4590 καί
998 4533 1259 4602 ἐλέγετο,
1291 4533 1452 4587 ἀλλὰ
1488 4532 1560 4586 δι’
1594 4529 1933 4598 οἰκονομίας
1969 4526 2294 4595 διαφόρους
2354 4526 2404 4580 δ.
2457 4524 2601 4581 Ἀπὸ
2642 4524 2749 4577 τοῦ
2795 4519 2930 4590 περὶ
2980 4518 3429 4588 ἀκαταλήπτου,
3460 4517 3558 4571 καί

376 4636 749 4699 ἀκολούθως.

848 4852 1035 4920 Λόγος
1075 4847 1344 4915 ἕϐδομος.

379 4946 454 4992 α’.
484 4934 656 4992 Πάλιν
684 4933 1040 5005 ἱπποδρομίαι
1059 4972 1074 4997 ,
1115 4931 1209 4987 καὶ
1234 4928 1395 4983 πάλιν
1420 4929 1450 4981 ό
1474 4925 1728 4994 σύλλογος
1755 4924 1890 4995 ἡμῖν

311 5024 552 5078 ἐλάττων
585 5019 808 5088 γέγονε·
851 5016 1051 5088 μᾶλλον
1096 5016 1153 5068 δέ
1185 5017 1291 5078 ἓως
1323 5013 1389 5067 ἂν
1443 5013 1601 5082 ὑμεῖς
1649 5007 1885 5079 παρῆτε,

312 5113 412 5162 οὑκ
456 5106 523 5159 ἂν
571 5104 784 5172 γένοιτο
824 5102 1086 5156 ἐλάττων.
1119 5100 1329 5169 ’Ὥσπερ
1364 5097 1475 5169 γὰρ
1508 5094 1791 5165 γεωργὸς,
1830 5093 1888 5144 εἰ

319 5191 404 5246 τὸν
433 5192 581 5243 σῖτον
607 5185 927 5257 ἀκμάζοντα
950 5182 1044 5237 καὶ
1063 5181 1470 5253 ἀπηρτισμένον
1490 5178 1607 5243 ι’δοι,
1630 5177 1690 5229 οὑ
1722 5174 1888 5228 πολὺν

315 5279 554 5330 ποιεῖται
581 5271 741 5340 λόγον
767 5269 878 5324 τῶν
907 5268 1119 5339 φύλλων
1148 5264 1627 5322 καταπιπτόντων·
1655 5260 1796 5314 οῦτω
1823 5258 1887 5329 δὴ

310 5360 411 5415 καὶ
438 5357 551 5428 ἐγὼ
580 5355 701 5420 νῦν,
741 5354 837 5409 τοῦ
866 5351 1083 5425 καρποῦ
1120 5351 1387 5424 παρόντος
1412 5350 1566 5419 ἡμῖν,
1597 5346 1658 5398 ού
1692 5341 1889 5398 τοσαύ-

311 5462 415 5518 την
439 5440 702 5511 ποιοῦμαι
733 5440 837 5511 τὴν
867 5438 1080 5509 ὀδύνην,
1103 5436 1171 5491 τά
1204 5435 1379 5505 φύλλα
1410 5429 1839 5503 ἀναρπαζόμενα
1860 5437 1885 5465 α

379 5545 407 5571 ιι
430 5543 619 5590 Collau
637 5554 746 5590 cum
780 5538 1027 5590 codicibus
1062 5535 1234 5590 Regiis
1271 5534 1410 5589 1819.
1454 5532 1594 5588 1973,
1617 5527 1895 5579 εθοοςροι-

318 5598 533 5654 berlinis
554 5614 673 5651 vero
694 5602 803 5660 247,
823 5601 933 5658 248,
951 5600 1064 5657 619,
1082 5591 1207 5648 3035
1230 5612 1242 5646 :
1265 5595 1561 5660 Cpisliniano
1582 5591 1690 5641 $62.

896 5665 977 5734 καὶ
1008 5662 1123 5734 πρὸς
1139 5659 1406 5724 ἀνομοίους.

389 5732 415 5759 °
435 5731 640 5789 Aliquot.
660 5726 772 5776 nisi.
798 5726 1204 5789 ἀναῤῥιπιζόμενα,

509 5810 773 5871 ΡΑτιιοι..
815 5813 933 5871 Gn.
977 5805 1260 5869 XLVI".

1999 4836 2235 4909 βλέπων.
2270 4828 2445 4898 ’Δλγῶ
2473 4826 2572 4899 μὲν
2603 4824 2712 4909 γὰρ
2756 4824 2853 4878 καὶ
2876 4821 2965 4909 διὰ
2994 4821 3095 4909 τήν
3122 4818 3565 4909 ῥᾳθυμίαν-ἐκεί-

1922 4928 1927 4933 ⁴
1996 4901 2125 4982 νων,
2169 4912 2575 4986 παραμυθεῖται
2618 4908 2675 4961 δὲ
2704 4909 2854 4978 ὅμως
2880 4906 2980 4976 τὴν
3011 4905 3098 4958 ἐπ’
3132 4902 3359 4965 ἐκείνοις
3398 4901 3560 4986 ἀλγη-

1995 5004 2122 5057 δόνα
2152 4985 2547 5069 τῆςύμετέρας
2572 4992 2792 5061 ἀγάπης
2818 4992 2853 5061 ή
2876 4987 3176 5060 προθυμία.
3211 4986 3437 5069 Ἐκεῖνοι
3467 4985 3565 5054 μέν

1995 5087 2105 5155 γὰρ
2132 5084 2237 5138 κᾶν
2284 5076 2700 5153 παραγένωνταί
2748 5090 2876 5127 ποτε
2897 5113 2913 5139 ,
2944 5071 3079 5155 οὑδέ
3102 5071 3225 5124 τότε
3274 5068 3529 5155 πάρεισιν
3549 5106 3565 5127 ,

1996 5150 2133 5224 ἀλλά
2159 5167 2221 5221 τὸ
2251 5166 2347 5238 μὲν
2372 5150 2542 5233 *σῶμα
2572 5161 2755 5222 αὐτοῖς
2784 5153 3273 5238 ἐνταῦθαᾲῖδρυτμαι,
3299 5153 3332 5222 ή
3359 5150 3567 5238 διάνοια

1991 5255 2048 5308 δὲ
2072 5252 2176 5319 ἔξω
2204 5231 2477 5304 πλανᾶται
2491 5260 2505 5274 ·
2524 5244 2683 5314 ὑμεῖς
2701 5240 2757 5293 δέ
2782 5239 2885 5292 κᾶν
2912 5233 3275 5319 ἀπολειφθῇτέ
3300 5249 3450 5319 ποτε..
3473 5231 3568 5284 καὶ

1985 5314 2393 5405 τότενπάρεστε·
2426 5327 2487 5382 τὸ
2521 5325 2620 5396 μὲν
2650 5322 2759 5392 γάρ
2795 5319 2953 5389 σῶμα
2987 5319 3114 5388 ὑμῖν
3140 5315 3265 5381 ἔξω,
3294 5317 3327 5385 ή
3357 5314 3566 5368 διάνοια

1987 5434 2047 5489 δέ
2069 5429 2322 5487 ἐνταῦθα.
2354 5422 2686 5492 Ἐϐουλόμην
2714 5417 2811 5488 μέν
2835 5412 2927 5469 οὖν
2959 5412 3170 5483 μακρὸν
3196 5411 3318 5465 κατ’
3345 5409 3570 5465 ἐκείνων

1988 5523 2272 5579 ἀποτεῖναι
2311 5515 2489 5583 λόγον.
2520 5510 2634 5564 ἀλλ’
2676 5507 2765 5561 ῖνα
2793 5504 2868 5575 μὴ
2897 5503 3034 5568 δόξω
3068 5501 3419 5571 σκιαμαχεῖν,
3450 5499 3572 5553 ἐπι-

2000 5617 2174 5692 τιμῶν
2203 5617 2315 5678 τοῖς
2357 5612 2431 5685 μὴ
2465 5607 2701 5682 παροῦσι
2738 5603 2874 5677 μηδέ
2908 5599 3165 5692 ἀκούουσι
3188 5596 3456 5692 ,πούτους
3494 5596 3573 5692 είς

2001 5676 2101 5772 τήν
2136 5676 2369 5753 ἐκείνων⁷
2408 5676 2710 5767 παρουσίαν
2742 5676 3002 5760 τηρήσας
3048 5682 3175 5745 τοὺς
3214 5679 3443 5749 λόγους,
3473 5676 3574 5747 τὴν

3081 5778 3154 5837 15
