4062 6166
409 235 515 291 757

410 350 679 420 ὑμετέραν
731 349 951 420 ἀγάπην
992 350 1086 403 ἐπὶ
1116 350 1207 404 τὸν
1252 350 1454 421 συνήθη
1493 349 1735 421 λειμῶνα
1771 351 1865 405 καὶ
1912 349 1975 404 :6

407 431 642 500 πέλαγος
672 431 780 486 τῶν
815 431 975 486 θείων
1024 432 1253 504 Γραφῶν
1287 432 1428 487 κατὰ
1461 432 1558 505 τὴν
1598 432 1749 486 θείαν
1777 432 1979 504 χάρινι

404 514 669 585 ὁδηγῆσαι
706 514 1060 586 πειράσομαι.
1104 514 1263 568 Ἀλλά
1291 514 1636 586 διανάστητε,
1662 516 1757 570 καὶ
1786 532 1982 587 γρηγον

408 592 585 670 ριῖτελ
616 599 710 653 ἐπὶ
741 600 839 666 μὲν
866 597 975 669 γὰρ
994 598 1104 651 τῶν
1134 598 1405 651 πλεόντων
1437 597 1540 652 κᾶν
1579 598 1819 662 ἅπαντες
1847 598 1980 652 καθ-

407 680 659 742 εύδωσιν.
687 691 717 746 δ
737 682 794 736 δέ
827 682 1168 754 κυϐερνήτης
1192 679 1511 753 ἐγρηγορὼς
1607 680 1786 753 μόνος,
1807 680 1981 745 οὐδείς

405 770 521 821 ἐστι
542 766 804 835 κίνδυνος,
822 768 920 838 τῆς
945 768 1161 838 νὴψεως
1177 768 1276 838 τῆς
1310 767 1520 821 ἐκείνου
1550 767 1644 821 καὶ
1666 767 1765 838 τῆς
1786 766 1981 837 τέχνης
2025 834 2028 836 γ

404 852 527 905 ἀντὶ
558 853 776 911 πάντων
815 852 1092 924 ἀρκούσης
1139 850 1217 923 τῷ
1265 849 1435 922 πλοίῳ
1460 867 1474 883 ο
1502 849 1738 904 ἐνταῦθα
1775 850 1833 904 δέ
1881 852 1978 920 οὐχ

403 937 608 1002 οὑτως,
655 938 793 992 ἀλλὰ
842 938 945 992 κάν
977 939 1243 1013 μυριάκις
1280 937 1310 990 6
1361 936 1537 1005 λέγων
1580 938 1765 1010 νὴφῃ,
1815 937 1867 991 οἱ
1922 937 1978 991 δέ

403 1019 691 1084 ἀκούοντες
742 1020 816 1092 μὴ
854 1019 953 1092 τὴν
986 1020 1156 1092 αὐτὴν
1206 1019 1513 1093 ἀγρυπνίαν
1542 1020 1977 1084 ἐπιδείκνυνται,

404 1103 856 1167 καταποντισθείς
888 1105 1020 1174 ἡμῖν
1063 1104 1091 1155 6
1137 1102 1295 1171 λόγος
1333 1103 1634 1174 οἰχήσεται,
1674 1102 1771 1172 οὐχ
1804 1097 1979 1173 εὑρὼν

399 1188 639 1251 διάνοιαν
672 1188 773 1257 τὴν
802 1185 1208 1256 ὑποδεξαμένην
1235 1186 1263 1226 ιι
1305 1186 1489 1240 αὐτόν.
1520 1186 1612 1239 Διὸ
1650 1188 1752 1258 χρὴ
1788 1187 1978 1257 νήφειν

402 1271 496 1324 καὶ
528 1269 927 1344 ἐγρηγορέναι·
978 1270 1074 1323 καὶ
1124 1269 1234 1341 γὰρ
1265 1268 1405 1340 ὑπὲρ
1455 1268 1715 1340 μειζόνων
1760 1270 1891 1340 ἡμῖν
1943 1271 1975 1340 ἡ

401 1354 667 1425 ἐμπορία·
700 1353 817 1406 οὑδέ
857 1351 966 1425 γὰρ
1010 1353 1147 1424 ὑπὲρ
1190 1352 1415 1425 χρυσίου
1457 1351 1552 1404 καὶ
1584 1350 1849 1422 ἀργυρίου
1885 1354 1978 1404 καὶ

394 1436 508 1490 τῶν
530 1436 915 1506 ἀπολλυμένων
937 1437 1275 1509 πραγμάτων
1299 1436 1555 1507 πλέομεν,
1582 1435 1695 1488 ἀλλ’
1719 1434 1862 1505 ὑπὲρ
1883 1435 1978 1504 τῆς

405 1518 705 1589 μελλούσης
734 1519 900 1589 ζωῆς.
927 1520 1020 1572 καὶ
1049 1518 1155 1573 τῶν
1179 1522 1237 1572 ἐν
1263 1520 1513 1591 οὐρανοῖς
1545 1516 1855 1590 θησαυρῶν,
1885 1517 1978 1569 καὶ

400 1603 622 1666 πλείους
651 1601 887 1655 ἐνταῦθα
919 1603 975 1656 αἱ
1003 1602 1113 1655 ὁδοί
1141 1601 1252 1654 τῶν
1282 1602 1339 1654 ἐν
1372 1604 1438 1673 τῇ
1470 1601 1717 1673 θαλάσσῃ
1747 1600 1841 1653 καί
1868 1599 1976 1651 τῶν

401 1688 458 1738 ἐν
488 1689 554 1757 τῇ
592 1687 692 1757 γῇ·
728 1685 831 1738 κᾶν
873 1685 949 1756 μὴ
1001 1684 1141 1755 μετά
1182 1683 1469 1755 ἀκριϐείας
1519 1703 1602 1748 τις
1646 1683 1817 1746 αὐτάς
1862 1682 1974 1753 εἰδῇ

397 1771 606 1838 τεμεῖν,
638 1768 895 1835 ναυάγιον
932 1768 1297 1839 ὑποστήσεται
1327 1766 1733 1838 χαλεπώτατον.
1768 1765 1977 1829 Πάντες

398 1849 550 1922 [502]
572 1849 749 1902 τοίνυν
770 1850 929 1921 ὑμεῖς
953 1852 1002 1902 οί
1031 1850 1149 1920 μεθ’
1173 1850 1330 1921 ἡμῶν
1358 1850 1628 1914 πλέοντες,
1656 1848 1729 1918 μὴ
1747 1848 1844 1918 τὴν
1869 1846 1977 1901 τῶν

393 1933 671 1988 ἐπιϐατῶν
709 1932 912 1998 ἄδειαν,
944 1932 1081 1987 άλλά
1113 1933 1212 2006 τὴν
1257 1932 1365 1985 τῶν
1411 1933 1761 2004 κυϐερνητῶν
1802 1932 1974 1999 ἀγρυ-

402 2019 558 2071 πνίαν
583 2016 957 2072 ὲπιδείκνυσθε
976 2017 1068 2070 καὶ
1086 2016 1366 2088 φροντίδαο
1396 2017 1491 2069 καὶ
1518 2017 1625 2085 γὰρ
1646 2017 1841 2068 ἐκεῖνοι
1868 2014 1977 2068 τῶν

397 2105 599 2159 λοιπῶν
635 2104 1007 2159 καθευδόντων
1042 2104 1298 2159 ἀπάντων
1333 2104 1425 2155 ἐπὶ
1456 2103 1564 2154 τῶν
1598 2102 1797 2154 οἰάκων
1840 2100 1974 2154 καθ-

397 2190 626 2261 ἡμενοι.
659 2188 722 2241 οὐ
769 2188 927 2257 μόνον
958 2186 1055 2249 τὰς
1094 2187 1151 2239 ἐν
1204 2188 1316 2248 τοῖς
1354 2184 1509 2237 ὕδασι
1552 2184 1975 2255 περισκοποῦσιν

396 2273 570 2335 ὁδοὺς,
595 2270 731 2325 ἀλλά
770 2272 864 2329 καὶ
897 2269 1033 2340 πρὸς
1066 2269 1158 2323 τὸν
1192 2269 1421 2341 οὐρανὸν
1471 2271 1536 2321 ἐκ
1569 2267 1824 2321 τοσούτου
1856 2267 1975 2338 βλέ-

399 2371 592 2417 ποντες
618 2353 711 2407 τοῦ
740 2352 1124 2423 διαστήματος,
1150 2351 1338 2423 ὥσπερ
1368 2350 1512 2416 τινος
1544 2352 1722 2422 χειρὸς
1746 2351 1842 2420 τῆς
1868 2349 1975 2402 τῶν

398 2439 614 2509 ἄστρων
644 2436 869 2505 πορείας
900 2434 1347 2507 χειραγωγούσης
1383 2436 1599 2497 αὐτοὺς,
1637 2432 1772 2503 μετὰ
1801 2435 1976 2504 ἀσφα-

396 2522 546 2584 λείας
582 2521 642 2573 :6
677 2519 882 2588 σκάφος
936 2518 1176 2571 ίθύνουσι
1206 2529 1265 2583 ε,
1315 2518 1410 2571 καί
1452 2517 1627 2581 οὐδεὶς
1670 2515 1884 2586 ἰδιώτης
1917 2517 1977 2569 τὸ

399 2602 632 2671 πέλαγος
665 2602 839 2664 οὑτως
867 2600 1037 2663 ἀδεῶς
1075 2602 1133 2653 ἐν
1162 2600 1348 2671 ἡμέρα
1392 2599 1596 2652 δύναιτ’
1638 2599 1703 2653 ἂν
1748 2599 1976 2651 πλεῦσαι

394 2688 472 2752 ὡς
503 2687 701 2739 ἐκεῖνοι
738 2684 855 2754 μεθ’
896 2683 1125 2754 ἡσυχίας
1159 2684 1377 2754 ἁπάσης
1414 2684 1470 2735 ἐν
1502 2684 1640 2754 μέσῃ
1675 2685 1847 2744 νυκτὶ,
1887 2683 1975 2736 ὅτε

399 2769 749 2840 φοϐερωτέρα
785 2768 818 2836 ἡ
844 2766 1089 2820 Θάλασσα
1130 2766 1401 2836 φαίνεται,
1437 2767 1800 2838 ἐγρηγορότες
1838 2768 1974 2821 ἀτα-

400 2853 580 2923 ράχως
604 2852 702 2920 τὴν
725 2848 932 2901 ἑαυτῶν
955 2849 1354 2902 ἐπιδείκνυνται
1375 2848 1592 2919 τέχνην,
1618 2849 1712 2902 καὶ¹
1738 2848 1858 2919 οὐχὶ
1878 2848 1977 2914 τὰς

399 2940 457 2987 εν
495 2936 606 2995 τοῖς
640 2933 824 2985 ὑδασιν
877 2932 1156 3005 ἀτραποὺς
1205 2931 1397 3003 μόνον,
1437 2931 1560 2984 οὐδὲ
1607 2931 1715 2984 τῶν
1760 2933 1975 3005 ἄστρων

397 3018 524 3081 τοὺς
556 3016 824 3087 δρόμους,
866 3014 1000 3069 ἀλλά
1058 3014 1152 3067 καὶ
1198 3014 1415 3085 ἀνέμων
1450 3014 1661 3079 ἐξόδους
1718 3031 1968 3087 περισκο-

398 3100 582 3161 ποῦσι,
598 3101 691 3152 καὶ
711 3097 947 3168 τοσαύτη
969 3097 1077 3151 τῶν
1096 3096 1306 3168 ἀνδρῶν
1332 3098 1554 3152 ἐκείνων
1576 3097 1723 3151 ἐστὶν
1741 3100 1774 3169 ἡ
1793 3096 1971 3167 σοφία,

397 3186 472 3251 ὡς
518 3187 778 3250 πολλάκις
826 3184 1135 3256 πνεύματος
1169 3184 1351 3256 ῥύμην
1400 3184 1758 3256 σφοδρότερον
1799 3187 1975 3256 ἐμπεο

400 3271 619 3334 σοῦσαν,
661 3270 756 3324 καὶ
790 3269 1089 3339 μέλλουσαν
1117 3268 1470 3339 περιτρέπειν
1510 3268 1573 3320 :6
1614 3268 1817 3332 πλοῖον,
1857 3270 1976 3331 ταῖς

398 3356 629 3416 πυκναῖς
655 3352 765 3405 τῶν
787 3350 971 3404 ἱστίων
997 3349 1322 3423 μεταϐολαῖς
1351 3350 1678 3421 δεχομένους
1703 3349 1975 3420 εὐστόχως

398 3436 614 3490 ἅπαντα
650 3433 808 3487 λῦσαι
833 3433 925 3486 τὸν
974 3432 1253 3497 κίνδυνον,
1293 3434 1388 3486 καὶ
1429 3436 1548 3497 ταῖς
1585 3431 1778 3504 βιαίοις
1803 3431 1831 3471 ά
1866 3432 1976 3486 τῶν

400 3518 615 3590 ἀνέμων
644 3516 901 3589 ἐμϐολαῖς
935 3516 1033 3587 τὴν
1065 3515 1245 3569 αὐτῶν
1287 3516 1717 3587 ἀντιστήσαντας
1756 3515 1972 3588 τέχνην,

398 3600 706 3672 ἐξαρπάσαι
730 3596 823 3650 τοῦ
849 3598 1139 3650 κλυδωνίου
1166 3599 1227 3651 :6
1260 3598 1487 3668 σκάφος.
1511 3600 1575 3654 Εἰ
1600 3599 1655 3651 δέ
1684 3600 1822 3670 ὑπὲρ
1850 3598 1975 3668 βιω-

398 3684 567 3739 τικῶν
598 3685 796 3737 ἐκεῖνοι
831 3680 1171 3751 πραγμάτων
1211 3682 1475 3752 αἰσθητὴν
1504 3681 1757 3743 πλέοντες
1780 3681 1975 3735 θάλασ-

406 3783 524 3823 ταν.
556 3764 729 3827 οὑτως
753 3765 1117 3834 ἐγρηγορυῖαν
1145 3763 1410 3832 διηνεκῶς
1432 3764 1614 3833 ἔχουσι
1650 3766 1749 3835 τὴν
1773 3765 1971 3837 ψυχὴν,

404 3852 582 3922 πολλῷ
612 3851 814 3923 μᾶλλον
855 3851 1004 3921 ἡμᾶς
1047 3848 1191 3903 οὑτω
1222 3850 1663 3922 παρεσκευάσθαι
1710 3853 1814 3923 χρή
1842 3868 1855 3883 ο
1881 3853 1975 3905 καὶ

399 3935 508 4007 γὰρ
537 3935 631 3988 καὶ
657 3932 861 4005 μείζων
886 3935 915 3987 6
950 3932 1192 3996 κίνδυνος
1228 3933 1553 4005 ῥᾳθυμοῦσι,
1591 3935 1686 3987 καὶ
1715 3933 1915 3989 πλείων
1940 3937 1973 4005 ἡ

401 4018 669 4088 ἀσφάλεια
705 4017 986 4087 νὴφουσιν.
1025 4015 1163 4068 Οὑτε
1197 4017 1306 4088 γὰρ
1336 4016 1445 4070 ἀπὸ
1483 4016 1708 4070 σανίδων
1752 4019 1882 4088 ἡμῖν
1914 4019 1976 4071 τὸ

400 4098 787 4169 σκάφος-τοῦτο
814 4098 1265 4164 κατεσκεύασται,
1291 4099 1407 4152 ἀλλ’
1431 4099 1537 4152 ἀπὸ
1560 4098 1669 4153 τῶν
1700 4099 1859 4154 θείων
1885 4117 1977 4153 κε-

399 4183 656 4253 κόλληται
694 4182 946 4254 Γραφῶν,
977 4180 1102 4235 οὑτε
1129 4182 1359 4253 ἀστέρες
1387 4183 1517 4236 αὐτὸ
1547 4184 1975 4255 χειραγωγοῦσιν

396 4267 636 4330 ἀνωθεν,
685 4266 797 4319 ἀλλ’
830 4269 860 4319 6
896 4265 999 4335 τῆς
1042 4265 1391 4335 δικαιοσύνης
1428 4266 1580 4336 ἡλιος
1609 4267 1796 4320 τοῦτον
1843 4268 1975 4338 ἡμῖν

398 4349 721 4403 κατευθύνει
750 4349 840 4401 τὸν
862 4347 1050 4409 πλοῦν,
1070 4349 1165 4401 καὶ
1186 4348 1478 4419 καθήμεθα
1500 4349 1722 4404 ἐπὶτῶν
1750 4350 1973 4412 οἰάκων,

397 4434 461 4488 οὐ
493 4432 729 4503 ζεφύρου
778 4431 949 4493 πνοάς
989 4430 1390 4500 ἀναμένοντες,
1430 4431 1567 4485 ἀλλά
1600 4432 1703 4503 τὴν
1743 4437 1976 4505 πραεῖαν

397 4513 574 4586 αὑραν
602 4513 696 4567 τοῦ
727 4512 866 4566 Πνεύ
874 4529 1062 4581 ματος.

476 4596 538 4669 β’.
562 4598 841 4666 Νήφωμεν
870 4596 1048 4648 τοίνυν
1077 4599 1170 4650 καὶ
1212 4598 1312 4661 τὰς
1342 4597 1494 4660 ὁδοὺς
1530 4595 1668 4668 μετὰ
1694 4597 1977 4668 ἀκριϐείας

400 4679 820 4754 περισκοπῶμεν
840 4694 854 4709 ·
888 4679 1016 4749 περὶ
1039 4680 1147 4750 γὰρ
1169 4680 1270 4748 τῆς
1295 4682 1388 4734 τοῦ
1413 4681 1749 4750 Μονογενοῦς
1770 4680 1926 4752 δόξης
1949 4684 1978 4736 6

400 4765 556 4834 λόγος
590 4764 720 4833 ἡμῖν
755 4765 868 4816 ἐστι
910 4762 1090 4825 πάλιν.
1136 4761 1331 4834 Πρὼην
1375 4764 1473 4835 μὲν
1518 4761 1609 4818 οὖν
1645 4764 1973 4835 ἐδείκνυμεν,

395 4851 482 4908 ῠτι
525 4847 621 4902 καὶ
659 4845 983 4918 ἀνθρώπων,
1011 4847 1105 4901 καί
1143 4847 1408 4915 ἀγγέλων,
1454 4849 1548 4903 καὶ
1587 4849 1939 4920 ἀρχαγγὲλων
1961 4888 1975 4913 ,

403 4932 497 4986 καὶ
527 4930 713 4994 ἁπλῶς
740 4929 920 5000 πάσης
953 4929 1051 5000 τῆς
1094 4929 1323 4995 κτίσεως
1360 4930 1457 5002 τὴν
1487 4933 1701 5001 σοφίαν,
1731 4936 1764 5002 ἡ
1806 4932 1976 4985 κατά-

402 5015 562 5086 ληψις
599 5015 698 5085 τῆς
725 5013 910 5074 οὐσίας
944 5023 967 5051 ο
992 5011 1086 5065 τοῦ
1111 5012 1265 5078 Θεοῦ,
1307 5014 1442 5083 μετά
1483 5014 1682 5084 πολλῆς
1715 5014 1980 5086 ὑπερϐαίιρ

399 5116 484 5157 νει
506 5099 606 5170 τῆς
631 5096 978 5171 περιουσίας,
1016 5098 1110 5150 καί⁵
1139 5096 1216 5167 τῷ
1267 5099 1564 5166 Μονογενεῖ
1604 5099 1751 5169 μόνῳ
1778 5100 1871 5153 καὶ
1902 5100 1978 5171 τῷ

401 5184 543 5253 ἁγίῳ
592 5182 870 5253 Πνεύματι
908 5180 1187 5253 γνώριμός
1230 5182 1347 5235 ἐστι
1382 5184 1473 5235 καὶ
1515 5184 1723 5254 σαφής·
1759 5186 1877 5237 νυνὶ
1920 5186 1976 5238 δέ

406 5266 540 5339 πρὸς
568 5266 753 5338 ἕτερον
793 5263 1176 5335 παλαισμάτων
1212 5265 1344 5335 ἡμῖν
1386 5264 1549 5336 μέρος
1589 5267 1617 5318 ό
1655 5266 1808 5334 λόγος
1843 5268 1974 5338 μεθ-

469 5394 493 5423 ⁸
524 5393 620 5452 Alii
637 5392 761 5443 κατά
782 5393 868 5449 τὴν
889 5390 976 5441 τοῦ
997 5390 1123 5443 θεοῦ
1141 5391 1294 5461 χάριν.

465 5454 495 5495 1³
524 5454 660 5506 Unus
678 5453 1038 5508 ὑποδεξαμένην.

471 5469 495 5495 υ
527 5469 660 5506 unus
678 5469 1038 5515 υποοεςομενην.

471 5520 495 5551 ⁸
520 5516 750 5578 Savil._et
772 5517 963 5576 aliquo:
985 5529 1103 5565 mss.
1129 5514 1973 5578 lOva,AMorel.veI-0;606vwm.

407 5574 535 5628 infra
558 5574 741 5682 αιίσμὶοι
760 5574 873 5625 mss}
900 5582 953 5622 et
978 5578 1124 5625 Savil.
1142 5578 1295 5643 ἡμέρᾳ
1324 5574 1497 5626 δύναιτ’
1520 5580 1577 5625 ἂν
1593 5576 1815 5627 πλεῦσαι.
1842 5580 1978 5641 (Edi-

407 5645 505 5682 tum
525 5642 629 5682 erat
666 5637 756 5682 δεῖν
776 5636 947 5682 δύναιτ’
971 5638 1045 5682 ἄν.
1066 5650 1241 5682 omum
1266 5650 1377 5682 mox
1398 5639 1625 5682 ἀπάσης.)

404 5645 505 5700 tum
525 5642 629 5700 erat
645 5636 756 5683 ἰδεῖν
776 5636 947 5700 δύναιτ’
963 5638 1045 5700 Δᾶν,
1066 5636 1249 5700 οῃιιέεο
1266 5636 1377 5686 inca:
1398 5639 1625 5700 ἀπάσης.)

468 5698 499 5739 δ
515 5699 849 5761 Λιὶίυιοιηιηξε.
875 5696 1064 5761 puga“.
1091 5698 1242 5761 Paul};
1260 5706 1373 5761 post
1393 5713 1505 5749 mss.
1528 5696 1725 5761 pldrimi
1749 5703 1971 5759 ἀντιστή-

409 5755 1349 5877 οαῖτῇἒιᾶξέἱιςστὲἕέἔῖῗςὶέότει
1358 5795 1369 5807 .
1391 5755 1754 5817 ἀναστήσαντα.

838 5847 851 5861 ο
911 5852 926 5874 ν
1143 5841 1155 5863 ι
1261 5854 1270 5867 .

838 5841 926 5874 ius,
938 5841 1097 5865 ωιιιυι
1116 5841 1155 5865 Π
1172 5841 1250 5866 uc
1261 5854 1270 5867 .

1103 239 1163 293 S.
1203 236 1485 293 JOANMS
1525 234 2008 291 CHRYSOSTOMI
2041 234 2364 292 ARCHIEP.
2404 236 2951 293 CONSTANTINOP.

3546 236 3655 293 738

2083 349 2318 404 ίστσται.
2367 348 2646 421 Ζητοῦμεν
2680 350 2789 421 γὰρ
2835 351 2885 403 εί
2926 350 3027 421 τῆς
3053 348 3236 420 αὐτῆς,
3269 347 3571 420 δυνάμεως,
3607 350 3658 403 εί

2077 432 2173 501 τῆς
2204 430 2372 503 αὐτῆς
2395 430 2642 498 ἐξουσίας
2669 433 2838 498 ἐστὶν,
2866 434 2915 485 εἰ
2949 433 3046 501 τῆς
3073 432 3241 502 αὐτῆς
3268 431 3456 499 οὐσίας
3479 431 3509 483 6
3530 430 3659 494 Υίδς

2074 514 2152 584 τῷ
2189 513 2392 585 Πατρί’
2427 514 2629 586 μᾶλλον
2654 515 2710 569 δέ
2738 517 2903 586 ἡμεῖς
2931 514 2992 568 οὐ
3024 512 3314 585 ζητοῦμεν,
3350 512 3464 566 ἀλλ’
3494 513 3662 583 εὑρὴ-

2077 614 2251 667 καμεν
2277 595 2436 649 τοῦτο
2465 597 2553 651 διά
2582 600 2681 668 τὴν
2703 598 2795 652 τοῦ
2834 597 3073 669 Χριστοῦ
3097 596 3279 668 χάριν,
3307 596 3400 656 καὶ
3431 595 3660 665 κατέχο-

2080 696 2179 749 μεν
2216 679 2351 749 μετά
2399 680 2697 753 ἀσφαλείας
2725 697 2739 712 ο
2781 683 2896 740 τοῖς
2933 680 2991 734 δὲ
3036 677 3478 749 ἀναισχυντοῦσιν
3517 678 3662 748 ὑπὲρ

2073 761 2279 815 τούτων
2304 761 2436 816 αὐτὸ
2472 762 2630 817 τοῦτο
2664 763 2942 830 ἀποδεῖξαι
2979 759 3510 835 παρασκευαζόμεθα
3537 760 3659 819 νῦν.

2076 844 2409 916 Αἰσχύνομαι
2436 846 2535 916 μέν
2562 842 2655 899 οὖν
2685 848 2778 900 καὶ
2805 845 3063 918 ἐρυθριῶ,
3099 844 3308 916 μέλλων
3333 846 3414 909 εἰς
3434 842 3661 907 τούτους

2076 927 2365 998 ἐμϐάλλειν
2384 929 2511 992 τοὺς
2554 928 2764 997 λόγους.
2806 929 2903 993 Τίς
2934 927 3043 1000 γὰρ
3078 929 3224 998 ἡμᾶς
3259 928 3321 982 οὐ
3367 926 3659 995 γελάσεται

2076 1010 2143 1065 τὰ
2193 1010 2335 1064 οὑτω
2391 1012 2604 1085 φανερά
2653 1011 3081 1075 κατασκευάζειν
3118 1011 3213 1073 καὶ
3267 1009 3658 1071 ἀποδεικνύναι

2077 1092 2484 1164 πειρωμένους;
2519 1093 2645 1148 ποία
2672 1094 2730 1149 δέ
2755 1095 2856 1148 οὐκ
2883 1093 2948 1150 ἀν
2967 1094 3055 1165 εἴη
3076 1094 3420 1161 κατάγνωσις
3448 1092 3658 1162 ζητεῖν,

2075 1176 2122 1227 εί
2150 1175 2431 1244 όμοούσιός
2469 1178 2618 1230 ἐστιν
2648 1179 2677 1230 ό
2709 1176 2836 1240 Υίδς
2861 1176 2937 1248 τῷ
2970 1176 3176 1249 Πατρίς
3200 1176 3371 1231 Τοῦτο
3397 1176 3506 1248 γάρ
3534 1177 3661 1245 οὐχὶ

2074 1260 2191 1321 ταῖς
2228 1260 2470 1330 Γραφαῖς
2503 1260 2684 1332 μόνον,
2718 1260 2854 1313 ἀλλά
2892 1260 2987 1315 καὶ
3018 1263 3083 1331 τῇ
3119 1263 3270 1331 κοινῇ
3303 1260 3519 1315 πάντων
3544 1260 3659 1315 τῶν

2074 1339 2375 1411 ἀνθρώπων
2406 1341 2552 1413 δόξῃ,
2584 1343 2679 1396 καὶ
2698 1346 2765 1422 τῇ
2790 1342 2899 1397 τῶν
2925 1343 3263 1415 πραγμάτων
3297 1343 3455 1411 φύσει
3489 1343 3662 1414 μαχό-

2079 1424 2236 1492 μενόν
2266 1425 2434 1478 ἐστιν.
2471 1426 2595 1478 ’Ότι
2623 1425 2732 1497 γάρ
2764 1426 3048 1497 ὁμοούσιος
3078 1425 3406 1497 όνγεννηθείς
3434 1423 3512 1495 τῷ
3541 1442 3661 1494 γεν⁴⁵

2075 1508 2319 1576 νήσαντι,
2347 1508 2446 1560 οὑκ
2469 1509 2554 1561 ἐπ’
2582 1508 2881 1580 ἀνθρώπων
2907 1509 3089 1580 μόνον,
3110 1506 3245 1561 άλλά
3275 1508 3369 1561 καὶ
3390 1510 3481 1561 ἐπὶ
3502 1506 3658 1573 ζώων

2075 1587 2347 1653 ἁπάντων,
2390 1590 2485 1642 καὶ
2518 1591 2610 1643 ἐπί¹
2634 1590 2864 1662 δένδρων
2890 1590 3047 1644 τοῦτο
3083 1590 3180 1644 ίδοι
3205 1608 3289 1655 τις
3322 1590 3407 1644 ἀν.

2146 1670 2270 1734 Πῶς
2300 1668 2394 1725 οῦν
2423 1672 2521 1726 οὐκ
2555 1674 2752 1728 ἄτοπον
2781 1673 2873 1726 ἐπὶ
2896 1673 2994 1744 μὲν
3018 1675 3198 1742 φυτῶν
3226 1674 3321 1726 καὶ
3353 1672 3657 1744 ἀνθρώπων

2075 1754 2168 1807 καὶ
2200 1752 2353 1818 ζώων
2400 1755 2657 1826 ἀκίνητον
2704 1756 2894 1809 τοῦτον
2937 1757 3118 1828 μένειν
3156 1756 3420 1829 τὸνιὸθὸ]
3469 1757 3654 1825 νόμον,

2074 1836 2167 1888 ἐπὶ
2195 1835 2330 1889 Θεοῦ
2357 1837 2413 1890 δὲ
2440 1838 2596 1907 μόνον
2621 1840 2790 1893 κινεῖν
2815 1840 2975 1895 αὐτὸν
3000 1839 3094 1893 καὶ
3118 1840 3479 1910 άνατρέπεινς
3505 1839 3656 1909 Πλὴν

2073 1917 2188 1971 ἀλλ’
2224 1918 2309 1971 ἵνα
2343 1918 2416 1990 μὴ
2439 1920 2683 1991 δοκῶμεν
2720 1922 2828 1979 ἀπὸ
2853 1922 2958 1977 τῶν
2989 1922 3121 1994 παρ’
3148 1925 3278 1993 ἡμῖν
3314 1921 3655 1993 πραγμάτων

2073 2000 2246 2055 ταῦτα
2276 2002 2723 2074 διισχυρίζεσθαι,
2758 2004 2892 2081 φέρε
2923 2005 3032 2059 ἀπὸ
3065 2004 3172 2059 τῶν
3203 2005 3435 2079 Γραφῶν
3473 2004 3655 2057 αὐτῶν

2074 2082 2229 2135 τοῦτο
2261 2083 2651 2156 ἀποδείξωμεν.
2683 2088 2775 2139 καὶ
2807 2092 3117 2163 κινήσωμεν
3142 2088 3268 2151 τοὺς
3294 2087 3420 2158 περὶ
3447 2086 3656 2141 τούτων

2075 2166 2287 2234 λόγους.
2330 2168 2403 2219 Οὐ
2440 2169 2548 2239 γὰρ
2577 2170 2737 2240 ἡμεῖς
2775 2170 2824 2222 οἰ
2874 2170 3249 2240 πεπεισμένοι,
3296 2170 3410 2225 ἀλλ’
3453 2172 3655 2224 ἐκεῖνοι

2074 2250 2123 2301 οἱ
2150 2249 2500 2314 ἀπιστοῦντες
2530 2250 2619 2305 τὸν
2653 2252 2863 2319 γέλωτα
2892 2253 3243 2323 όφλήσουσιν,
3278 2254 3329 2306 οἱ
3370 2252 3389 2291 ί
3420 2252 3555 2324 πρὸς
3582 2251 3656 2304 τά

2073 2331 2214 2385 οὑτω
2262 2333 2469 2405 φανερὰ
2507 2333 2911 2405 ἀνθιστάμενοι,
2951 2336 3045 2389 καὶ
3088 2335 3223 2407 πρὸς
3262 2337 3359 2406 τὴν
3394 2336 3655 2407 ἀλήθειαν

2073 2414 2503 2478 ἀντιϐλέποντες.
2537 2416 2670 2468 Ποῖα
2702 2418 2928 2489 φανερὰ,
2973 2419 3168 2489 φησίν;
3210 2421 3259 2475 εἰ
3301 2419 3430 2489 γάρ,
3466 2419 3654 2490 ἐπειδὴ

2074 2497 2199 2561 Υἱὸς
2233 2497 2289 2550 λέ
2306 2515 2467 2565 ίεται,
2500 2498 2781 2569 ὁμοούσιός
2816 2503 2932 2553 ἐστι
2964 2500 3041 2569 τῷ
3076 2502 3267 2572 Πατρὶ,
3303 2502 3653 2573 δυνησόμεθα

2074 2581 2168 2634 καὶ
2213 2582 2374 2651 ἡμεῖς
2404 2582 2681 2650 ὁμοούσιοι
2728 2578 2901 2635 εἶναι’
2935 2586 3026 2636 καὶ
3068 2584 3176 2655 γάρ
3222 2586 3313 2637 καὶ
3352 2587 3513 2655 ἡμεῖς
3546 2585 3656 2638 υίοὶ

2072 2663 2376 2734 λεγόμεθα·
2426 2664 2566 2732 Ἐγὼ
2616 2664 2725 2734 γὰρ
2770 2664 2944 2728 εἷπον,
2979 2669 3131 2737 φησί,
3182 2670 3304 2721 θεοί
3338 2670 3500 2732 ἐστε,
3553 2671 3652 2723 καί

2072 2748 2192 2801 υίοί
2229 2749 2524 2816 ’Υψίστου
2554 2748 2793 2817 πάντες.
2820 2752 2882 2804 Ὢ
2904 2752 3002 2820 τῆς
3034 2753 3453 2822 ὰναισχυντίαςί
3491 2750 3657 2821 ὣτῆς

2072 2831 2309 2901 ἐσχάτης
2345 2832 2560 2895 ἀνοίαςί
2595 2833 2711 2892 πῶς
2740 2832 2826 2886 διὰ
2872 2835 3089 2887 πάντων
3118 2833 3214 2905 τὴν
3243 2834 3420 2887 αὐτῶν
3455 2835 3657 2904 μανίαν

2072 2913 2469 2968 ἐνδείκνυνταιί
2502 2916 2627 2968 Ὀτε
2658 2916 2752 2969 τὸν
2793 2917 2917 2987 περὶ
2949 2917 3333 2988 ἁκαταλὴπτου
3363 2918 3517 2986 λόγον
3542 2920 3660 2970 ἐκι-

2072 2996 2291 3067 νοῦμεν,
2323 2997 2686 3065 ἐφιλονείκουν
2720 2999 2929 3062 ἑαυτοῖς
2961 2999 3247 3054 διεκδικεῖν
3286 2999 3461 3064 τοῦτο,
3491 3000 3519 3053 ὃ
3557 2996 3655 3055 τοῦ

2073 3079 2410 3147 Μονογενοῦς
2433 3073 2501 3152 ἦν
2526 3080 2708 3152 μόνου,
2734 3081 2795 3134 :6
2819 3082 2908 3135 τὸν
2934 3081 3064 3134 Θεὸν
3092 3081 3262 3147 οὑτως
3281 3084 3477 3136 εἰδέναι
3503 3084 3657 3154 ἀκρι-

2075 3162 2206 3227 ϐῶς,
2238 3162 2313 3226 ὡς
2356 3163 2518 3226 αὐτὸς
2558 3164 2747 3216 ἐαυτὸν
2778 3161 2916 3218 οἶδε·
2946 3164 3040 3219 νῦν
3076 3165 3348 3237 δὲοέπειδὴ
3381 3168 3507 3239 περὶ
3553 3168 3654 3238 τῆς

2073 3244 2166 3297 τοῦ
2192 3243 2531 3313 Μονογενοῦς
2551 3245 2708 3315 δόξης
2730 3248 2863 3316 ἡμῖν
2886 3247 3032 3299 ἐστιν
3066 3250 3093 3301 6
3119 3248 3292 3317 λόγος,
3323 3249 3658 3317 φιλονεικοῦ-

2077 3342 2159 3381 σιν
2192 3326 2354 3381 αὐτδν
2400 3329 2478 3391 εἰς
2515 3327 2613 3399 τὴν
2648 3329 2854 3383 οἰκείαν
2887 3329 3161 3385 εὐτέλειαν
3199 3334 3531 3401 καταγαγεῖν
3562 3332 3658 3388 λέ-

2074 3426 2282 3477 γοντες,
2317 3410 2398 3462 ὅτι
2420 3412 2515 3464 καὶ
2547 3413 2707 3481 ἡμεῖς
2739 3411 2843 3464 υἱοί
2884 3410 3176 3483 λεγόμεθα.
3220 3414 3329 3467 Καὶ
3347 3416 3410 3467 οὐ
3437 3415 3657 3480 πάντως

2072 3491 2231 3544 τοῦτο
2268 3493 2587 3562 όμοουσίους
2615 3495 2763 3564 ἡμᾶς
2792 3498 2938 3546 ποιεῖ
2963 3494 3040 3565 τῷ
3074 3495 3213 3565 Θεῷ.
3242 3496 3367 3561 Υἰὸς
3393 3496 3525 3571 λέγῃ
3564 3499 3657 3565 σὺ,

2073 3574 2188 3628 ἀλλ’
2216 3574 2422 3639 ἐκεῖνος
2469 3575 2617 3628 ἐστιν
2660 3575 2705 3614 ⁸·
2740 3577 2972 3631 ἐνταῦθα
3023 3578 3196 3649 ῥῆμα,
3240 3581 3358 3635 ἐκεῖ
3400 3583 3653 3653 πρᾶγμα.

2076 3656 2199 3719 Υἱὸς
2230 3656 2361 3728 λέγῃ
2402 3657 2489 3717 σὺ,
2521 3657 2655 3711 ἀλλὰ
2677 3659 2984 3731 Μονογενὴς
3014 3661 3074 3713 οὐ
3107 3661 3242 3733 λέγῃ
3283 3661 3531 3734 καθάπερ
3563 3665 3659 3721 καὶ

2074 3741 2297 3802 ἐκεῖνος,
2334 3740 2448 3791 ἀλλ’
2488 3742 2544 3793 ἐν
2582 3742 2696 3804 τοῖς
2739 3742 2960 3806 κόλποις
2990 3742 3086 3797 τοῦ
3129 3744 3338 3814 Πατρὸς
3361 3745 3421 3796 οὐ
3445 3745 3656 3817 διατρί-

2075 3820 2208 3885 ϐεις,
2238 3821 2351 3873 ἀλλ’
2385 3821 2727 3894 ἀπαύγασμα
2767 3825 2864 3896 τῆς
2896 3826 3051 3896 δόξης
3085 3827 3186 3879 οὐκ
3220 3823 3291 3890 εί,
3318 3827 3439 3880 οὐδὲ
3477 3845 3656 3899 χαρα-

2075 3905 2211 3976 κτὴρ
2233 3904 2330 3975 τῆς
2353 3905 2720 3969 ὑποστάσεως,
2741 3908 2860 3961 οὐδέ
2886 3908 3068 3981 μορφὴ
3087 3910 3180 3963 τοῦ
3205 3909 3341 3963 Θεοῦ
3364 3910 3651 3983 ὑπάρχεις.

2074 3988 2137 4040 Εἰ
2168 3987 2345 4039 τοίνυν
2373 3988 2433 4039 οὐ
2473 3988 2651 4042 πείθει
2690 4005 2750 4044 σε
2776 3991 2838 4043 τὸ
2869 3992 3155 4064 πρότερον,
3182 3992 3359 4047 ταῦτα
3397 3994 3655 4062 πειθέτω,

2074 4070 2169 4123 καὶ
2195 4069 2364 4123 πολλὰ
2385 4070 2547 4140 ἕτερα
2578 4071 2800 4125 πλείονα
2824 4073 3049 4135 τούτων,
3076 4075 3175 4145 τὴν
3205 4076 3483 4143 εὐγένειαν
3503 4078 3656 4147 αὐτῷ

2078 4151 2456 4222 μαρτυροῦντα
2504 4153 2740 4225 ἐκείνην.
2774 4156 2940 4209 Ὅταν
2982 4157 3081 4229 μὲν
3107 4159 3214 4229 γὰρ
3243 4158 3301 4210 :6
3333 4158 3652 4229 ἀπαράλλα-

2075 4250 2202 4287 κτον
2239 4234 2340 4303 τῆς
2379 4234 2564 4298 οὐσίας
2594 4238 2759 4290 αὐτοῦ
2793 4239 2962 4305 δεῖξαι
2995 4238 3249 4309 βούληται
3292 4240 3352 4293 :6
3398 4241 3531 4313 πρὸς
3559 4241 3654 4295 τὸν

2077 4317 2463 4387 γεγεννηκότα,
2505 4319 2569 4371 '0
2595 4319 2866 4387 ἑωρακὼς
2903 4322 3027 4391 ἐμὲ,
3069 4324 3250 4392 φησὶν,
3285 4323 3505 4391 ἑώρακε
3544 4325 3656 4377 τὸν

2076 4399 2326 4469 Πατέρα.
2344 4401 2511 4454 Ὅταν
2523 4401 2651 4455 δὲτὸ
2673 4402 2869 4468 ἰδιάζον
2882 4406 2978 4475 τῆς
2998 4404 3297 4476 δυνάμεως,
3314 4407 3473 4477 Ἐγὼ.
3494 4408 3651 4477 φησι.

2077 4482 2176 4535 καὶ
2215 4486 2246 4536 d
2273 4483 2475 4552 Πατὴρ
2514 4483 2585 4537 ἓν
2623 4484 2841 4554 ἐσμεν·
2881 4488 3006 4540 ὅταν
3034 4488 3090 4541 δὲ
3117 4489 3177 4541 τὸ
3218 4490 3511 4560 ἐφάμιλλον
3552 4491 3653 4562 τῆς

2078 4565 2345 4630 ἐξουσίας,
2371 4567 2598 4634 Ὥσπερ
2614 4567 2723 4636 γὰρ
2748 4571 2781 4622 ό
2804 4568 3006 4637 Πατὴρ
3022 4571 3384 4639 ὲγείρειτοὺς
3401 4574 3653 4642 νεκροὺς

2079 4646 2177 4699 καί
2204 4646 2483 4712 ζωοποιεῖ,
2509 4648 2663 4702 οὕτω
2692 4649 2791 4702 καί
2815 4653 2848 4704 ὀ
2883 4653 3036 4718 Υἱὸς,
3056 4653 3164 4718 οὓς
3187 4652 3343 4707 θέλει
3367 4652 3649 4714 ζωοποιεῖ·

2078 4730 2205 4782 ὃταν
2231 4729 2289 4782 δέ
2333 4730 2432 4795 τὴν
2472 4731 2776 4802 ταυτότητα
2813 4733 2913 4802 τῆς
2954 4733 3229 4806 λατρείας,
3258 4737 3390 4792 ἰνα
3429 4738 3654 4804 πάντες

2078 4811 2288 4881 τιμῶσι
2330 4812 2438 4866 τὸν
2499 4812 2664 4878 Υίὸν,
2707 4814 2902 4881 καθὼς
2953 4816 3165 4887 τιμῶσι
3216 4819 3325 4872 τὸν
3380 4820 3649 4888 Πατέραο

2078 4899 2206 4952 ὅταν
2234 4899 2292 4952 δέ
2317 4898 2417 4969 τὴν
2448 4899 2736 4953 αὐθεντίαν
2771 4900 2868 4973 τὴν
2896 4904 2952 4956 ἐν
2981 4910 3102 4967 ταῖς
3144 4905 3251 4959 τῶν
3281 4906 3458 4977 νόμων
3485 4923 3654 4977 μετα-

2081 4983 2320 5044 σκευαῖς,
2365 4980 2428 5035 Ὀ
2470 4981 2671 5061 Πατήρ
2710 5001 2850 5053 μου,
2896 4986 3082 5057 φησὶν,
3132 4986 3446 5058 ἐργύζεται,
3489 4991 3661 5061 κάτω

2079 5062 2405 5132 ἐργάζομαι.
2444 5064 2583 5118 Ἀλλ’
2606 5060 2751 5119 οὗτοι
2784 5068 2958 5124 πάντα
2983 5069 3156 5123 ταῦτα
3178 5060 3652 5144 παραδραμόντες,

2080 5146 2174 5199 καὶ
2199 5146 2260 5199 τὸ
2284 5146 2411 5211 Υίὺς
2440 5147 2612 5218 ὄνομα
2645 5149 2704 5202 οὑ
2737 5150 2941 5222 κυρίως
2964 5152 3306 5219 ἐκλαϐόντες,
3345 5154 3539 5225 ἐπειδὴ
3556 5158 3656 5210 καὶ

2080 5229 2234 5281 αὐτοὶ
2261 5230 2581 5299 τετίμηνται
2608 5233 2675 5301 τῇ
2701 5231 2810 5285 τῶν
2838 5232 2969 5286 υἰῶν
2997 5238 3335 5308 προσηγορίᾳ
3366 5237 3416 5302 ι,
3440 5239 3524 5300 εἰς
3552 5238 3657 5309 τὴν

2080 5310 2253 5390 αὐτὴν
2282 5311 2558 5366 εὐτέλειαν
2597 5313 2690 5366 τὸν
2713 5313 2840 5368 Υίδν
2872 5316 3167 5385 κατάγουσι
3201 5317 3470 5387 λέγοντες,
3510 5320 3657 5390 Ἐγὼ

2078 5388 2236 5461 εἶπα,
2277 5396 2402 5449 θεοί
2438 5394 2597 5461 ἐστε,
2633 5394 2730 5450 καί
2766 5397 2883 5451 υιοι
2935 5399 3227 5468 Ὑψίστου
3261 5401 3502 5467 πάντες.
3549 5388 3643 5456 06-

2079 5476 2210 5530 κοῦν
2236 5477 2421 5548 ἐπειδὴ
2452 5478 2540 5530 διὰ
2567 5479 2667 5548 τὴν
2693 5478 2786 5531 τοῦ
2814 5481 2929 5533 υἱοῦ
2954 5483 3321 5556 προσηγορίαν
3349 5485 3454 5555 φῂς
3481 5486 3652 5553 μηδὲν

2080 5559 2222 5629 ἔχειν
2257 5577 2352 5613 σου
2381 5560 2542 5614 πλέον
2569 5561 2659 5614 τὸν
2696 5562 2840 5625 Υἱὸν,
2869 5566 2963 5618 καὶ
2990 5567 3131 5619 κατὰ
3160 5567 3315 5620 τοῦτο
3344 5569 3480 5638 μηδέ
3513 5565 3655 5622 εἶναι

2154 5639 2171 5678 τ
2189 5642 2286 5689 Alii
2312 5643 2497 5702 γέλωτα
2513 5645 2743 5703 οἴσουσιν,
2769 5648 2828 5693 οί.

2144 5704 2169 5764 β
2194 5703 2287 5764 Alii
2310 5704 2420 5764 λέγῃ
2444 5704 2521 5760 σὺ,
2557 5705 2728 5760 ἐκεῖνος
2752 5708 2898 5756 δὲκαὶ
2922 5709 3039 5760 ἔστι.

2137 5763 2166 5838 ξι
2193 5763 2531 5839 Αιὶαιιοιιηβς.
2557 5772 2613 5827 τῇ
2654 5772 2964 5834 προσηγορίᾳ,
2995 5773 3165 5825 Μαι-ει.
3203 5782 3253 5824 cl
3276 5776 3425 5826 Sam.
3454 5781 3511 5838 τῇ
3557 5779 3653 5826 τῶν

2079 5829 2195 5874 υἰῶν
2213 5829 2523 5889 προσηγορία,
