4062 6166
338 276 433 332 ’ςδτ

332 397 605 448 carnalem
630 402 857 447 Vestram
875 391 1137 447 deducere
1162 388 1267 447 Deo
1289 389 1497 445 favente
1519 393 1770 444 conabor.
1797 392 1900 445 Sed

334 485 588 541 attendite
613 486 870 551 animum,
901 494 1057 554 atque
1082 483 1294 552 vigilate
1320 498 1336 534 ε
1365 498 1485 536 nam
1515 484 1649 537 inter
1669 498 1761 536 eos
1790 484 1906 551 qni-

333 579 453 634 dem
481 580 567 649 qui
591 579 835 648 navigant
860 617 877 643 ,
906 576 1028 630 licet
1053 576 1317 630 dormiant
1344 590 1551 640 omnes,
1582 576 1624 627 si
1656 575 1799 628 solus
1832 573 1907 626 vi-

333 672 459 740 gilet
494 671 815 741 gubernator
838 710 852 732 ,
894 669 1095 723 nullum
1134 676 1215 720 est
1239 665 1531 735 periculum
1555 707 1571 729 ,
1602 665 1726 717 dum
1767 664 1905 717 illius

334 762 600 831 vigilantia
643 769 699 813 ct
741 774 829 814 ars
869 759 1078 828 navigio
1123 770 1219 825 pro
1259 756 1505 810 omnibus
1550 755 1741 810 sullicit
1774 771 1786 806 :
1817 754 1905 807 hic

334 867 459 907 vero
484 866 591 905 non
622 851 689 904 ita
723 869 735 903 :
764 849 857 904 sed
881 850 1003 904 licet
1018 849 1197 918 vigilet
1222 857 1420 912 orator,
1455 847 1552 899 nisi
1576 846 1901 912 vigilantiam

326 943 572 998 eamdem
613 940 898 995 exhibeant
933 939 1240 1003 auditores,
1283 938 1561 991 demersus
1601 933 1688 989 hic
1725 948 1904 988 sermo

328 1047 515 1090 noster
543 1034 774 1104 peribit,
818 1046 989 1101 neque
1037 1038 1267 1084 mentem
1312 1028 1507 1091 ullam,
1548 1040 1580 1079 a
1607 1041 1706 1094 qua
1738 1025 1905 1093 possit

327 1125 500 1194 excipi
528 1167 542 1190 ,
573 1125 926 1178 nanciscetur.
968 1120 1306 1189 Quapropter
1331 1118 1538 1171 sobrios
1565 1131 1684 1170 esse
1713 1128 1809 1168 nos
1841 1128 1904 1167 ac

328 1217 607 1285 vigilantes
634 1221 876 1283 Oportet:
900 1211 1158 1280 siquidem
1178 1206 1633 1279 praestantioribus
1661 1206 1712 1259 in
1742 1206 1902 1259 rebus

327 1305 617 1374 negotiatio
663 1313 842 1357 nostra
887 1302 1179 1365 consistet,
1230 1314 1328 1353 nec
1367 1299 1431 1351 ad
1472 1313 1657 1351 aurum
1684 1338 1697 1356 .
1724 1297 1802 1348 vel
1835 1296 1899 1347 ad

325 1407 603 1468 argentum
625 1437 641 1461 ,
690 1395 771 1449 vel
798 1395 863 1448 ad
892 1408 979 1449 res
1005 1402 1290 1462 pereuntes
1315 1432 1331 1454 ,
1359 1391 1450 1444 sed
1474 1390 1539 1443 ad
1561 1389 1793 1443 futuram
1827 1388 1903 1440 via-

327 1500 433 1543 tam
460 1499 515 1542 et
542 1489 784 1543 c'elestes
811 1482 1091 1540 thesaurus
1130 1482 1502 1554 adipiscendos
1541 1483 1852 1549 navigamus
1883 1496 1897 1532 :

320 1582 597 1650 multoque
643 1580 817 1648 plures
843 1578 928 1631 hic
954 1593 1109 1647 quam
1149 1578 1200 1629 in
1242 1575 1371 1629 mari
1403 1574 1487 1628 vel
1529 1562 1579 1626 iu
1611 1583 1747 1625 terra
1778 1582 1901 1623 sunt

322 1672 426 1724 vim
454 1688 473 1723 :
500 1671 710 1735 quodsi
750 1669 867 1738 quis
907 1677 1157 1721 accurate
1197 1665 1318 1720 illas
1365 1675 1546 1720 tenere
1589 1662 1896 1727 nesciverit,

318 1763 724 1817 acerbissimum
770 1758 1100 1827 naufragium
1143 1757 1394 1827 patietur.
1441 1755 1712 1823 Quotquot
1741 1753 1900 1822 igitur

320 1851 600 1905 nobiscum
629 1848 920 1925 pavigatis,
963 1864 1031 1903 ne
1065 1847 1439 1901 conﬁdentiam
1469 1854 1770 1907 vectorum,
1801 1841 1897 1897 sed

321 1941 644 2012 vigilantiam
668 1949 720 1992 et
742 1939 1151 1993 sollicitudinem
1172 1938 1424 1994 exhibete
1449 1937 1893 2006 gubernatorum:

318 2052 443 2089 tiam
486 2043 542 2089 et
586 2034 661 2088 illi
708 2033 832 2086 dum
879 2032 1262 2086 dormientibus
1305 2031 1514 2084 caeteris
1540 2029 1787 2083 omnibus
1830 2027 1896 2082 ad

318 2124 680 2196 gubernacula
707 2124 914 2198 sedent,
941 2138 1044 2176 non
1066 2125 1176 2176 vias
1202 2131 1406 2175 tantum
1434 2122 1485 2174 in
1509 2123 1659 2190 aquis
1678 2122 1897 2174 circum-

318 2218 553 2289 Spiciutit
577 2259 590 2278 ,
619 2217 709 2271 sed
741 2224 792 2269 et
828 2215 879 2269 iii
908 2216 1095 2270 caelum
1124 2232 1187 2268 ex
1216 2222 1363 2268 tanto
1403 2214 1693 2283 respiciunt
1726 2214 1894 2268 inter—

319 2311 481 2373 vallo,
510 2323 573 2362 ac
615 2306 779 2360 veluti
819 2323 974 2360 manu
1000 2307 1224 2376 quadam
1251 2322 1281 2358 a
1310 2306 1584 2360 stellarum
1615 2322 1775 2359 cursu
1801 2305 1896 2359 de-

314 2398 504 2463 ducti,
555 2400 729 2451 navim
777 2413 897 2451 cum
950 2399 1236 2452 securitate
1287 2398 1680 2451 moderantur:
1723 2412 1895 2467 neque

317 2489 538 2557 pelagus
564 2488 839 2556 imperitus
867 2488 1004 2541 ullus
1032 2488 1261 2542 interdiu
1289 2498 1395 2541 tam
1423 2487 1685 2555 intrepide
1714 2493 1896 2555 posset

316 2581 544 2646 intueri,
574 2591 733 2649 atque
769 2580 841 2633 illi
871 2580 1154 2648 tranquille
1187 2580 1360 2635 media
1391 2591 1564 2644 nocte,
1594 2595 1714 2633 cum
1742 2595 1892 2634 mare

314 2681 578 2727 terrorem
606 2672 775 2742 magis
808 2671 1014 2737 incutit,
1048 2672 1322 2740 vigilantes
1343 2681 1525 2739 parate
1548 2685 1696 2724 suain
1724 2683 1891 2724 artem

311 2773 606 2829 exercent,
648 2772 701 2817 et
729 2778 833 2817 non
874 2762 1092 2821 semitas
1120 2765 1292 2816 solum
1323 2763 1457 2816 inter
1489 2761 1658 2815 undas
1678 2802 1691 2822 ,
1722 2776 1892 2830 neque

309 2868 504 2908 cursus
542 2862 806 2907 astrorum
826 2893 842 2917 ,
875 2854 968 2907 sed
999 2864 1053 2908 et
1075 2861 1353 2906 ventorum
1378 2852 1550 2905 exitus
1576 2852 1892 2918 circumqu-

309 2945 494 2999 ciunt:
515 2953 762 3012 tantaque
782 2944 1017 2999 virorum
1045 2943 1251 2997 illorum
1270 2951 1349 2996 est
1367 2943 1644 3011 sapientia,
1673 2953 1724 2993 u:
1750 2955 1891 3009 sa‘pe

311 3044 595 3089 ventorum
637 3035 894 3103 impetum
936 3034 1304 3088 vehementius
1346 3033 1675 3101 ingruentem
1707 3046 1768 3083 ac
1795 3047 1890 3083 na-

309 3126 508 3196 vigium
548 3125 927 3180 subversurum
952 3164 967 3189 ,
1005 3125 1207 3179 crebris
1233 3123 1470 3177 velorum
1510 3122 1889 3176 mutationibus

308 3217 670 3286 excipientes,
715 3216 940 3271 solerter
966 3216 1254 3284 periculum
1296 3230 1456 3270 omne
1486 3214 1787 3283 depellant,
1835 3224 1889 3268 et

306 3309 556 3363 violentis
580 3316 854 3361 ventorum
901 3307 1198 3362 incursibus
1235 3314 1403 3360 artem
1433 3320 1581 3374 suam
1607 3320 1885 3374 opponen-

309 3413 410 3469 tes,
439 3401 737 3470 tempestati
764 3400 937 3454 navim
960 3400 1207 3468 eripiant.
1233 3399 1383 3466 Quod
1409 3400 1455 3453 si
1485 3414 1581 3468 pro
1605 3399 1886 3465 mundanis

308 3495 381 3549 illi
412 3494 577 3548 rebus
604 3492 705 3546 hoc
729 3491 981 3546 sensibile
1004 3506 1152 3546 mare
1171 3492 1478 3560 navigantes
1496 3531 1511 3556 ,
1541 3491 1720 3545 animo
1744 3507 1885 3545 senis

308 3600 404 3654 per
447 3591 572 3638 sunt
613 3582 748 3637 adeo
790 3583 1058 3651 vigilanti,
1111 3582 1279 3636 multo
1321 3582 1485 3651 magis
1516 3581 1588 3634 ita
1625 3590 1723 3635 nos
1766 3588 1884 3636 esse

303 3683 646 3744 comparatos
688 3683 896 3742 oportet
934 3691 948 3726 ε
980 3687 1102 3728 cum
1153 3674 1446 3742 periculum
1497 3673 1882 3742 negligentibus

303 3767 482 3834 majus
509 3766 802 3829 immineat,
834 3763 1108 3833 majorque
1133 3767 1203 3818 sit
1230 3765 1488 3819 securitas
1519 3765 1877 3832 vigilantibus.

300 3857 437 3911 Nam
479 3869 652 3923 neque
699 3871 762 3909 ex
805 3854 1073 3909 asseribus
1114 3864 1294 3908 nostra
1340 3855 1456 3909 haec
1498 3855 1684 3926 cymba
1735 3870 1883 3909 com—

303 3956 459 4016 pacta
486 3955 568 4001 est
593 3987 608 4011 ,
653 3945 746 3999 sed
773 3962 835 3999 ex
875 3945 1067 4001 divinis
1092 3954 1176 4000 est
1200 3947 1553 4016 conglutinata
1567 3944 1877 4015 Scripturis,

301 4051 406 4092 nec
444 4036 586 4089 illam
623 4034 791 4089 stellae
832 4049 1059 4103 superne
1092 4034 1395 4100 deducunt,
1442 4036 1537 4090 sed
1564 4036 1699 4091 hanc
1728 4039 1880 4092 nobis

299 4126 382 4178 sol
410 4125 632 4193 justitize
662 4124 1046 4193 navigationem
1078 4125 1383 4179 moderatur
1417 4143 1429 4178 :
1457 4141 1628 4195 neque
1657 4127 1875 4195 zephyri

303 4218 464 4272 ﬂatus
493 4217 587 4272 sed
614 4218 790 4272 leuem
813 4216 1043 4285 Spiritus
1071 4231 1252 4270 auram
1282 4219 1648 4285 priestolantes
1677 4218 1742 4272 ad
1773 4234 1874 4288 gu-

299 4309 587 4365 bernacula
614 4307 882 4362 sedemus.

373 4400 428 4454 2.
452 4399 741 4469 Vigilemns
769 4399 962 4465 itaque,
985 4398 1200 4468 viasque
1215 4397 1700 4467 circumspiciamns
1721 4416 1732 4450 :
1757 4415 1875 4452 nam

302 4494 374 4549 de
405 4494 658 4562 unigeniti
705 4492 870 4561 gloria
923 4506 1104 4545 rursus
1150 4490 1302 4543 nobis
1342 4498 1422 4543 est
1465 4504 1684 4544 sermo:
1715 4490 1876 4558 siqui-

301 4583 425 4638 dem
455 4583 752 4646 hominum,
781 4582 1109 4650 angelurum,
1140 4579 1574 4649 archangelorum
1603 4590 1657 4633 et
1679 4582 1873 4642 omnis,

303 4685 358 4729 ut
397 4675 699 4729 summatim
726 4673 898 4726 dicam
924 4715 938 4737 ,
982 4682 1239 4727 creatura:
1265 4680 1474 4740 captum
1519 4670 1874 4725 incredibilem

302 4765 357 4818 in
383 4765 599 4817 modum
628 4778 881 4831 superare
899 4762 1243 4816 substantiam
1267 4761 1382 4824 Dei,
1407 4775 1504 4814 nec
1530 4761 1596 4812 ab
1623 4761 1708 4814 illa
1731 4775 1879 4813 com-

303 4858 556 4923 prehendi
583 4871 767 4925 posse,
796 4865 953 4924 atque
983 4855 1251 4925 unigenito
1274 4854 1392 4916 soli,
1423 4854 1682 4923 simulque
1706 4853 1875 4922 Spiri-

304 4947 376 5001 tui
405 4958 593 5002 sancto
615 4946 879 5015 cognitam
905 4955 958 5000 et
996 4955 1324 5015 perspectam
1354 4959 1472 5000 esse
1498 4943 1827 4998 ostendimus
1859 4961 1872 4997 :

304 5054 444 5093 nunc
494 5048 673 5092 autem
720 5038 785 5091 ad
833 5038 1054 5091 alteram
1106 5044 1308 5107 partem
1357 5035 1664 5090 certaminis
1707 5034 1877 5087 oratio

303 5128 615 5183 traducitur.
663 5127 961 5194 Quaerimus
986 5128 1127 5182 enim
1157 5144 1223 5182 an
1264 5127 1505 5196 ejusdem
1537 5127 1744 5179 virtutis
1765 5166 1780 5188 ,
1808 5141 1874 5178 an

303 5219 543 5285 ejusdem
569 5221 817 5289 potentia:
842 5221 931 5285 sit,
963 5236 1029 5273 an
1052 5219 1288 5289 ejusdem
1313 5235 1434 5274 cum
1460 5218 1615 5273 Patre
1632 5220 1884 5272 substan-

304 5313 386 5365 life
407 5311 573 5366 Filius
605 5331 618 5365 ε
646 5312 755 5365 imo
780 5328 907 5366 vero
932 5327 1036 5365 non
1054 5312 1358 5381 quzerimus,
1383 5309 1476 5365 sed
1498 5310 1692 5365 Christi
1717 5309 1877 5363 bene-

305 5410 426 5464 ticio
445 5408 557 5479 jam
585 5409 882 5464 invenimus
901 5449 915 5474 ,
944 5419 997 5462 et
1028 5407 1246 5461 ﬁrmiter
1272 5417 1530 5468 tenemus,
1558 5404 1651 5459 sed
1679 5405 1744 5457 ad
1776 5403 1875 5457 hoc

302 5502 472 5568 ipsum
499 5500 972 5555 demonstrandum
1011 5500 1105 5563 iis,
1133 5499 1224 5567 qui
1270 5499 1603 5566 impudenter
1628 5495 1709 5550 his
1734 5494 1876 5550 obsi-

297 5596 471 5655 stunt,
509 5593 622 5662 jam
661 5606 758 5647 nos
782 5592 1122 5660 accingimos.
1166 5590 1449 5645 Enimvero
1478 5586 1639 5657 pudet
1677 5601 1782 5653 me,
1812 5600 1876 5640 ac

298 5684 493 5739 rubore
534 5682 810 5738 suffundur
832 5723 848 5746 ,
893 5694 1014 5737 cum
1042 5682 1301 5751 ejusmodi
1327 5696 1445 5736 sum
1466 5679 1760 5734 orationem
1789 5679 1872 5734 ii:-

1254 277 1340 333 DE
1377 275 2017 347 CONSUBSTANTIALI,
2053 281 2323 339 CONTRA
2365 284 2737 341 ANOMCEOS.
2770 281 2880 336 ΠΙ.

3476 293 3575 348 τῧε

2010 407 2289 462 gressurus
2322 414 2334 449 :
2366 399 2483 467 quis
2525 400 2664 453 enim
2702 414 2798 453 nos
2838 412 2939 453 non
2966 398 3171 467 rideat,
3220 406 3306 471 qui
3330 392 3419 458 res
3446 410 3577 462 adeo

2006 486 2181 540 claras
2216 489 2442 557 probare
2483 507 2545 545 ac
2590 492 2958 549 demonstrare
2995 496 3283 550 conemur?
3324 497 3456 565 Quis
3481 504 3574 555 etis

2011 591 2116 629 non
2138 577 2384 644 damnet,
2414 581 2499 650 qui
2526 591 2773 651 quatrunt
2800 599 2921 637 num
2948 588 3411 642 consubstati’tialis
3439 589 3576 644 Patri

2009 665 2079 718 sit
2108 665 2317 721 Filius?
2363 667 2418 723 ld
2447 672 2584 724 enim
2610 682 2691 726 est
2717 686 2820 726 non
2846 672 3136 744 Scripturis
3163 677 3332 731 solum
3355 718 3370 743 ,
3396 679 3492 734 Sed
3522 692 3576 734 et

1992 759 2277 812 ’communi
2336 758 2606 835 hominum
2669 765 2903 818 omnium
2960 767 3237 823 sententia
3284 774 3346 824 a‘c
3394 776 3573 824 renum

2008 855 2210 901 naturas
2261 847 2550 904 adversari.
2619 852 2749 907 Nam
2801 855 3035 924 ejusdem
3096 870 3217 915 esse
3266 858 3576 915 substantia!

2006 941 2239 1009 genitum
2266 951 2422 1013 atque
2448 947 2739 1016 genitorem
2764 990 2777 1013 ,
2828 966 2932 1004 non
2960 952 3011 1005 in
3043 951 3344 1009 hominibus
3374 955 3573 1020 solum,

2007 1030 2100 1084 sed
2136 1041 2190 1086 et
2236 1033 2288 1086 in
2327 1037 2532 1090 cunctis
2577 1038 2931 1095 animantibus
2959 1054 3013 1097 et
3058 1044 3110 1097 in
3150 1044 3427 1099 arboribm
3453 1048 3571 1100 esi--

2007 1136 2135 1175 nere
2161 1120 2304 1176 licet.
2676 1169 2685 1177 .

2082 1209 2270 1265 Filium
2296 1214 2769 1271 consubstantialem
2791 1226 2898 1273 esse
2928 1218 3073 1274 Patri
3091 1220 3352 1293 probatur.
3374 1255 3443 1266 -—
3471 1222 3577 1280 Att-

2008 1315 2111 1354 non
2157 1301 2314 1370 igitur
2359 1303 2644 1360 absurdum
2675 1316 2792 1374 est,
2823 1310 2866 1363 si
2898 1326 3015 1364 cum
3046 1312 3095 1364 in
3134 1313 3361 1381 plantis,
3390 1315 3444 1369 in
3477 1314 3576 1369 lm-

2007 1391 2235 1445 minibus
2285 1401 2341 1447 et
2385 1393 2701 1451 animalibus
2734 1397 2956 1453 immota
2986 1400 3072 1455 lea
3122 1402 3220 1456 ista
3260 1410 3500 1465 maneat,
3526 1405 3576 1458 in

2008 1481 2117 1536 Deo
2150 1493 2349 1537 tantum
2380 1500 2497 1540 eam
2528 1502 2741 1544 movere
2766 1490 2902 1544 velis
2927 1499 2980 1545 et
3005 1492 3350 1549 subverteret
3374 1494 3478 1550 Sed
3512 1512 3579 1549 ne

2007 1573 2283 1627 videamur
2314 1591 2377 1630 ex
2405 1577 2564 1634 rebus
2592 1585 2818 1646 tantum,
2856 1598 2977 1651 quae
2997 1585 3134 1652 apud
3164 1600 3262 1640 nos
3282 1595 3403 1640 sunt
3422 1629 3437 1651 ,
3464 1590 3577 1642 lta-c

1999 1666 2320 1718 conﬁrmare
2340 1707 2355 1730 ,
2385 1680 2481 1736 age
2501 1667 2673 1724 ductis
2702 1670 2768 1726 ab
2793 1672 2921 1740 ipsis
2940 1672 3227 1742 Scripturis
3252 1679 3577 1746 argumentis

2005 1753 2055 1806 id
2101 1755 2473 1819 ostendamus,
2520 1768 2573 1813 et
2623 1762 2690 1814 de
2737 1762 2822 1816 his
2869 1777 3168 1820 sermonem
3212 1767 3570 1823 instituamus.

2002 1843 2185 1914 Neque
2213 1849 2354 1901 enitn
2385 1865 2480 1904 nos
2499 1892 2513 1914 ,
2542 1855 2633 1922 qui
2663 1856 2899 1922 persuasi
2929 1871 3142 1923 sumus,
3174 1859 3265 1914 sed
3296 1861 3369 1914 illi
3399 1861 3574 1916 incre-

2001 1933 2107 1987 duli
2137 1935 2243 1990 risu
2270 1937 2410 2007 digni
2439 1940 2834 2009 judicabiintur,
2865 1948 2952 2014 qui
2981 1946 3144 2001 rebus
3167 1947 3305 2002 adeo
3329 1950 3489 2004 claris
3510 1960 3569 2006 et

2000 2026 2333 2083 evidentibus
2384 2045 2443 2084 se
2497 2042 2804 2100 opponunt,
2839 2042 2902 2090 ac
2946 2038 3151 2091 veritati
3204 2040 3568 2097 adversantur.

2001 2115 2144 2182 Quas
2180 2126 2232 2172 tu
2274 2135 2361 2174 res
2400 2121 2607 2187 claras,
2636 2123 2909 2194 inquiunt,
2940 2124 3239 2184 πει-ι·εεῖδὶ
3265 2133 3405 2185 enim
3447 2135 3569 2201 quia

2002 2207 2163 2263 Filius
2199 2210 2411 2276 dicitur,
2439 2214 2906 2271 consubstantialis
2947 2229 3030 2272 est
3077 2220 3250 2286 Patri,
3282 2225 3572 2292 poterimus

2002 2319 2100 2357 nos
2145 2321 2356 2373 quoque
2393 2307 2874 2364 consubstantiales
2899 2324 3051 2365 esse:
3085 2322 3204 2367 nam
3244 2324 3299 2369 ct
3350 2328 3447 2371 nos
3475 2320 3565 2373 ﬁlii

1998 2393 2256 2448 dicimur:
2285 2395 2397 2465 Ego
2425 2397 2567 2451 enim
2605 2399 2732 2464 dixi,
2762 2400 2929 2469 inquit
2953 2442 2966 2465 ,
2999 2401 3084 2455 Dii
3112 2405 3227 2457 estis
3248 2416 3300 2459 et
3324 2407 3421 2471 ﬁlii
3462 2407 3580 2463 Επα-

1997 2484 2118 2536 celsi
2143 2501 2312 2538 omnes
2340 2485 2510 2555 (Psal.
2544 2488 2629 2544 8i.
2653 2489 2733 2559 6).
2762 2488 2807 2543 Ο
2833 2490 3242 2559 impudentiam!
3271 2511 3305 2548 o
3348 2495 3571 2552 demen—

1997 2578 2123 2630 tiam
2171 2581 2467 2633 summam!
2520 2597 2677 2647 quam
2729 2584 3004 2638 evidenter
3028 2598 3175 2638 suam
3223 2587 3273 2640 in
3324 2591 3569 2643 omnibus

1999 2667 2254 2722 inSaniant
2310 2671 2566 2740 produnt!
2615 2673 2745 2727 Cum
2794 2674 2862 2729 de
2911 2677 3427 2745 ircompmhcnsibili
3477 2681 3568 2734 Dei

1996 2759 2285 2814 substantia
2341 2778 2639 2818 sermonem
2701 2766 3127 2833 institueremus,
3164 2769 3267 2825 hoc
3318 2774 3419 2827 sibi
3462 2776 3576 2828 vin-

1995 2848 2173 2904 dicare
2216 2853 2635 2919 contendebant,
2695 2857 2835 2925 Quod
2888 2859 3137 2928 unigeniti
3189 2860 3307 2915 erat
3363 2866 3566 2928 solius.

1994 2942 2145 3027 quasi
2174 2943 2422 2998 nimirum
2476 2946 2547 3000 ita
2577 2948 2739 3001 Deum
2780 2949 3015 3018 perfecte
3060 2953 3302 3009 noverint
3318 2986 3337 3019 ,-
3365 2967 3426 3012 ut
3477 2973 3567 3012 sc—

1996 3031 2165 3101 ipsuni
2198 3035 2339 3087 novit
2367 3035 2512 3104 ipse:
2539 3037 2647 3104 jam
2679 3053 2804 3093 vero
2830 3056 2948 3094 cum
2989 3041 3057 3097 de
3098 3044 3260 3111 gloria
3307 3048 3562 3117 nnigeniti

1994 3125 2153 3178 verba
2202 3124 2457 3193 facimus,
2484 3128 2551 3182 tid
2602 3145 2751 3183 suam
2782 3131 2926 3185 illum
2969 3132 3267 3202 deprimere
3312 3137 3562 3193 vilitatem

1991 3212 2351 3283 contendunt,
2400 3219 2650 3289 aiuntque
2684 3237 2697 3273 :
2726 3220 2833 3276 Nos
2873 3223 3030 3276 etiam
3084 3225 3171 3278 lilii
3218 3227 3562 3295 appellamur:

1991 3317 2091 3363 tice
2116 3315 2292 3362 tamen
2321 3309 2476 3378 plane
2505 3326 2603 3364 nos
2623 3311 2759 3365 istud
2785 3314 3265 3369 consubstantiales
3294 3317 3405 3372 Deo
3444 3320 3565 3374 rod-

1988 3400 2086 3455 tlit.
2108 3392 2186 3454 Tn
2219 3400 2381 3455 Filius
2428 3403 2740 3473 appellaris,
2769 3414 2823 3457 at
2847 3405 2932 3459 ille
2957 3415 3040 3460 est
3077 3425 3088 3459 :
3135 3406 3219 3461 hic
3249 3410 3563 3478 appellatio,

1989 3490 2097 3544 illic
2125 3500 2210 3544 res
2240 3492 2384 3560 ipsa;
2415 3502 2467 3545 tn
2497 3492 2635 3546 ﬁlius
2680 3496 2964 3563 appellaris
2984 3536 2999 3557 ,
3031 3497 3125 3551 sed
3171 3500 3470 3569 unig‘enittts
3501 3514 3557 3555 ut

1986 3589 2041 3635 et
2070 3581 2158 3635 ille
2185 3591 2288 3636 lion
2314 3584 2618 3652 appellatis,
2651 3585 2742 3638 sed
2766 3587 2817 3639 in
2842 3586 2960 3640 sinu
2984 3587 3154 3642 Patris
3175 3605 3279 3644 non
3309 3593 3557 3655 versaris,

1986 3675 2076 3727 sed
2106 3690 2209 3728 non
2236 3690 2295 3730 es
2323 3675 2574 3743 splendet'
2599 3676 2801 3746 gloriae,
2837 3694 3007 3747 neque
3034 3680 3196 3749 ﬁgura
3227 3682 3556 3749 substantiae.

1986 3781 2158 3836 neque
2190 3768 2279 3820 Dei
2314 3767 2477 3821 forma
2509 3766 2719 3822 exsistis
2740 3767 2919 3837 (Hebr.
2948 3772 2999 3824 1.
3021 3772 3308 3843 5).Siergo
3330 3774 3420 3828 tibi
3452 3790 3555 3833 non

1984 3858 2308 3926 persuaserit
2323 3857 2449 3911 illud
2472 3859 2636 3925 prius,
2663 3859 2774 3914 hate
2795 3868 2847 3914 et
2868 3859 2949 3915 his
2969 3862 3133 3917 multo
3159 3864 3305 3931 plura
3340 3880 3555 3934 persua-

1983 3949 2173 4010 deant,
2206 3962 2325 4018 qute
2363 3949 2594 4003 nobilem
2635 3950 2756 4017 ejus
2800 3952 3057 4020 originem
3102 3954 3244 4008 illam
3277 3966 3554 4013 testantur.

1982 4039 2204 4106 Quando
2227 4040 2368 4094 enim
2390 4040 2733 4094 substantiam
2764 4056 2911 4094 suam
2940 4057 2969 4095 a
3002 4053 3216 4111 paterna
3237 4046 3346 4099 vult
3371 4057 3553 4101 osten-

1982 4130 2109 4183 dere
2155 4131 2295 4182 nulla
2341 4145 2403 4183 ex
2431 4139 2582 4200 parte
2611 4130 2874 4184 diversam
2894 4171 2909 4196 ,
2939 4131 3035 4196 Qui
3064 4133 3186 4186 vid-it
3219 4151 3315 4196 me,
3348 4136 3543 4205 inquit,

1982 4219 2102 4271 vidit
2136 4218 2344 4272 Patrem
2380 4219 2559 4288 (Joan.
2590 4221 2674 4273 l4.
2702 4217 2759 4288 9)
2798 4222 3046 4290 :quando
3074 4227 3338 4294 propriam
3386 4229 3552 4281 virtu-

1984 4319 2120 4374 tem,
2155 4307 2263 4378 Ego
2285 4350 2299 4373 ,
2331 4309 2527 4378 inquit,
2557 4319 2604 4361 et
2637 4307 2790 4362 Pater
2833 4327 2987 4363 unum
3015 4328 3186 4366 sumus
3253 4313 3429 4385 (Joan.
3460 4318 3559 4371 1ον

1981 4400 2071 4471 50)
2100 4417 2113 4454 :
2145 4401 2354 4468 quando
2384 4401 2658 4468 potestatis
2688 4402 3039 4472 aequalitatem
3059 4444 3074 4467 ,
3109 4403 3252 4459 Sicut
3279 4408 3410 4460 enim
3441 4408 3548 4463 Pa-

1982 4503 2056 4547 ter
2103 4493 2307 4547 suscitat
2354 4500 2574 4545 mortuos
2597 4532 2612 4554 ,
2667 4504 2714 4544 et
2741 4494 3082 4562 viviﬁcanst'c
3110 4505 3155 4550 et
3212 4496 3378 4553 Filius
3423 4518 3551 4568 quos

1982 4584 2085 4637 vult
2121 4584 2335 4650 vivi/ica!
2356 4580 2466 4651 (Id.
2491 4582 2543 4637 5.
2565 4582 2658 4649 21)
2702 4601 2715 4636 :
2763 4584 2973 4651 quando
3000 4587 3173 4641 cultus
3200 4588 3546 4657 identitatem,

1931 4674 1936 4678 ’
1985 4674 2052 4728 Ut
2081 4690 2249 4727 attines
2279 4673 2605 4741 honori/iectu
2636 4673 2846 4739 Filium,
2877 4676 3007 4729 sicut
3053 4678 3388 4746 honoriﬁcum
3437 4681 3543 4736 Pa-

1982 4777 2109 4819 trem
2135 4765 2296 4835 (Ibid.
2330 4782 2376 4818 v.
2405 4765 2496 4834 25)
2523 4782 2535 4817 :
2576 4768 2789 4834 quando
2832 4766 3047 4822 demum
3078 4768 3130 4822 in
3178 4770 3350 4839 legunt
3378 4783 3550 4826 nittta-

1984 4856 2213 4911 tionibus
2243 4856 2611 4911 anetoritatem
2633 4896 2646 4920 ,
2675 4856 2826 4910 Pater
2871 4874 3008 4911 meus
3028 4899 3043 4922 ,
3076 4858 3264 4929 inquit,
3292 4873 3545 4929 operatur,

1981 4958 2025 5000 et
2051 4963 2139 5016 ego
2165 4958 2346 5015 operor
2387 4943 2551 5015 (Ibid.
2579 4961 2624 4999 υ.
2659 4946 2760 5015 l7).
2787 4947 2855 5000 At
2884 4946 2967 5001 isti
3015 4946 3097 5001 his
3144 4950 3389 5005 omnibus
3415 4967 3546 5018 pne-

1983 5037 2268 5100 termissis,
2290 5036 2416 5089 dum
2446 5052 2638 5091 nomen
2679 5037 2848 5092 Filius
2877 5039 3089 5107 proprie
3120 5056 3222 5093 non
3250 5040 3510 5109 accipiunt
3533 5082 3547 5102 ,

1979 5128 2100 5197 quia
2129 5136 2184 5182 et
2226 5127 2323 5196 ip~i
2353 5128 2580 5180 ﬁliorttm
2619 5135 2743 5181 sunt
2782 5128 3133 5198 appellatione
3165 5128 3434 5195 decorati,
3481 5131 3547 5186 ad
3596 5160 3601 5165 ι

1979 5220 2220 5273 eamdem
2270 5216 2460 5272 Filium
2489 5217 2793 5287 deprimunt
2826 5218 3080 5274 vilitatem
3125 5204 3409 5288 aiuntque:
3436 5218 3548 5289 Ego

1981 5312 2109 5376 dixi,
2142 5310 2224 5363 Dii
2274 5310 2411 5373 estis,
2459 5318 2505 5362 et
2553 5309 2648 5376 ﬁlii
2688 5307 2892 5363 Excelrt'
2935 5324 3107 5362 omnes
3146 5308 3315 5378 (Psal.
3348 5310 3437 5366 8i.
3469 5312 3546 5378 6).

1981 5401 2203 5470 Quando
2235 5402 2390 5471 igitur
2426 5411 2643 5471 propter
2674 5401 2809 5453 hanc
2839 5399 2931 5453 ﬁlii
2956 5401 3363 5470 appellationem
3413 5404 3547 5458 nihil

1981 5495 2241 5565 amplius,
2267 5507 2426 5560 quam
2473 5501 2528 5546 tn
2549 5533 2564 5557 ,
2596 5491 2791 5546 habere
2817 5491 2858 5545 F
2864 5491 3011 5546 ilium
3050 5492 3321 5556 afﬁrmas,
3351 5502 3406 5549 et
3450 5492 3549 5551 hac

1980 5586 2185 5639 ratione
2211 5584 2322 5639 ﬁeri
2353 5592 2494 5638 utne
2525 5598 2683 5636 verus
2703 5582 2915 5653 quidem
2937 5582 3006 5638 sit
3032 5583 3192 5649 ﬁlius,
3233 5590 3396 5640 etiam
3426 5602 3548 5659 pro-

1982 5687 2101 5747 pter
2127 5674 2532 5745 appellationem
2576 5673 2698 5739 Dei,
2724 5673 2971 5743 quoniam
3016 5684 3071 5730 et
3114 5674 3214 5729 hoc
3242 5674 3333 5731 tibi
3357 5691 3548 5732 nmnen
