4062 6166
439 226 545 282 759

437 342 753 412 impertivit,
783 342 914 398 nihil
954 343 1212 412 amplius,
1249 357 1406 412 quam
1439 351 1525 405 tn,
1560 343 1770 398 Patrem
1816 342 2015 397 habere

433 435 661 491 fortasse
686 435 1001 491 contendes.
1036 435 1102 490 Ut
1129 435 1272 490 enim
1323 434 1461 488 filius
1488 443 1705 489 vocatus
1735 449 1813 498 es,
1844 435 1920 488 sic
1965 442 2019 488 et

433 528 568 582 deus
594 544 655 583 es
677 536 930 583 vocatus:
960 535 1015 581 at
1047 511 1493 597 quemadmodum
1539 527 1669 581 deus
1692 536 1910 581 vocatus
1932 525 2015 579 di-

431 635 559 674 cere
603 634 708 673 non
740 619 906 674 audes
935 618 1134 673 nudqu
1166 618 1273 672 illic
1314 633 1434 672 esse
1465 633 1690 683 nomen,
1717 617 1809 671 sed
1834 633 2015 671 verum

431 725 553 765 esse
596 710 763 765 Deum
801 710 1009 765 Patrem
1038 709 1215 763 fateris
1251 725 1264 763 :
1294 707 1365 763 ita
1411 724 1582 776 neque
1622 708 1688 763 de
1719 708 1852 761 Filio
1896 723 2014 762 cum

432 804 624 874 agitur,
657 802 795 857 aude
823 803 1052 872 teipsum
1098 801 1150 855 in
1181 801 1412 854 medium
1460 800 1653 853 inferre
1695 815 1760 852 ac
1798 798 2014 864 dicere,

437 893 600 949 Filius
631 909 728 963 ego
755 907 967 964 quoque
991 908 1108 947 smn
1138 899 1386 945 vocatus:
1415 905 1642 959 cumque
1665 889 1884 943 minime
1914 889 2013 943 sim

429 985 671 1053 ejusdem
708 985 1017 1038 substantia:
1036 1025 1051 1049 ,
1075 999 1247 1052 neque
1276 981 1512 1052 ejusdem
1555 982 1640 1034 ille
1673 981 1831 1034 debet
1858 996 2011 1044 esse;

431 1095 553 1135 nam
575 1094 693 1148 quae
719 1087 842 1132 sunt
862 1087 1171 1132 enumerata
1198 1085 1384 1130 cuncta
1410 1090 1595 1128 verum
1621 1073 1768 1128 illum
1791 1087 1908 1127 esse
1933 1072 2016 1126 Fi-

428 1170 554 1225 lium
593 1168 830 1238 ejusdem
857 1168 1167 1224 substantiae.
1205 1182 1325 1221 cum
1353 1167 1596 1235 genitore
1623 1165 2011 1220 demonstrant.

428 1261 648 1331 Quando
667 1263 807 1316 enim
822 1260 1058 1330 ejusdem
1077 1273 1196 1312 esse
1216 1273 1336 1311 cum
1363 1257 1452 1310 illo
1483 1255 1668 1310 formae
1696 1264 1856 1324 atque
1874 1253 2018 1322 ejus-

426 1357 549 1410 dem
573 1353 920 1424 figurzedicit,
949 1351 1074 1420 quid
1096 1350 1235 1404 aliud
1257 1365 1413 1419 quam
1436 1347 1744 1402 substantia:
1767 1362 1869 1400 non
1895 1361 2014 1400 esse

428 1451 534 1504 ulla
555 1467 619 1504 ex
643 1457 791 1518 parte
814 1445 1174 1502 diversitatem
1196 1441 1467 1498 ostendit?
1497 1439 1630 1494 Nam
1657 1453 1828 1508 neque
1849 1439 2015 1492 forma

421 1543 571 1598 cstin
587 1543 724 1608 Deo,
753 1555 924 1610 neque
945 1537 1106 1592 facies
1130 1533 1606 1606 :quemadmodum
1638 1531 1737 1585 ista
1761 1529 1914 1596 dicis,
1936 1529 2014 1582 in-

427 1632 660 1702 quit,dic
695 1631 854 1686 etiam
878 1629 1139 1684 contraria
1163 1643 1180 1685 :
1209 1642 1450 1697 quaenam
1481 1623 1688 1678 tandem
1714 1621 2016 1676 contraria?

425 1725 734 1796 Cuiusmodi
759 1731 867 1784 est,
900 1721 1041 1792 quod
1073 1721 1214 1775 Patri
1236 1717 1532 1788 supplicet:
1559 1731 1678 1770 nam
1701 1716 1746 1770 si
1776 1713 2012 1784 ejusdem

427 1819 642 1874 virtutis
665 1824 776 1882 est,
804 1814 1152 1885 ejusdemque
1175 1809 1489 1867 substantiae.
1515 1851 1541 1872 ,,
1559 1823 1623 1862 ac
1664 1823 1758 1878 per
1786 1814 2014 1875 potesta-

427 1922 533 1968 tem
557 1911 734 1966 omnia
759 1908 995 1980 peragit,
1021 1921 1181 1976 quam
1202 1905 1271 1960 ob
1296 1917 1510 1958 causam
1534 1897 1837 1970 supplicat?

495 2005 551 2062 5.
592 2003 705 2074 Ego
730 2016 857 2056 vero
896 2014 1001 2053 non
1056 1997 1172 2051 lucc
1219 1995 1392 2050 solum
1434 1993 1629 2055 dicam,
1662 1989 1758 2046 sed
1811 1998 1864 2043 et
1909 1987 2012 2040 alia

425 2111 773 2168 qmecutnque
814 2093 1032 2148 humilia
1076 2090 1144 2146 de
1188 2089 1303 2158 ipso
1347 2087 1488 2142 dicta
1531 2091 1688 2148 sunt,
1735 2081 2015 2149 diligenter

426 2190 606 2244 omnia
637 2199 928 2257 proponam
949 2224 965 2248 ,
996 2183 1040 2237 si
1067 2181 1296 2251 primum
1329 2177 1455 2231 illud
1482 2176 1701 2238 dixero,
1737 2172 1868 2227 mihi
1899 2170 2014 2240 qui-

427 2283 551 2336 dem
576 2294 763 2335 eorum
787 2319 803 2342 ,
834 2290 953 2346 quae
983 2272 1259 2327 humiliter
1285 2271 1351 2324 de
1378 2269 1494 2338 ipso
1522 2276 1647 2322 sunt
1669 2265 1807 2320 dicta
1828 2305 1843 2330 ,
1873 2261 2012 2315 mul-

421 2385 510 2430 tas
534 2382 590 2429 et
611 2375 780 2442 justas
801 2365 1149 2439 proferendas
1177 2376 1367 2418 causas
1393 2367 1679 2430 suppetere
1698 2399 1713 2425 ,
1743 2365 1794 2410 te
1835 2363 2011 2409 autem

426 2482 650 2534 eorum,
689 2479 809 2535 quae
861 2459 1109 2517 sublimia
1161 2464 1285 2510 sunt
1313 2463 1471 2523 atque
1511 2451 1777 2521 gloriosa,
1811 2447 2010 2501 nullam

427 2561 581 2614 aliam
626 2569 782 2627 posse
825 2551 1158 2607 occasionem
1204 2546 1428 2604 afferre,
1457 2557 1615 2613 quam
1669 2538 1810 2609 quod
1861 2552 2010 2592 suam

426 2649 581 2706 nobis
600 2643 830 2700 voluerit
850 2640 1178 2697 nobilitatem
1203 2636 1471 2690 indicare:
1505 2629 1933 2702 quandoquidem
1960 2627 2011 2681 id

426 2742 479 2794 ni
507 2742 574 2793 ita
597 2753 655 2792 se
684 2736 908 2799 habeat,
935 2746 1106 2802 pugna
1135 2729 1238 2785 erit
1261 2737 1314 2783 et
1334 2736 1602 2780 certamen
1624 2723 1678 2777 in
1703 2719 2010 2790 Scripturis.

427 2832 558 2886 Nam
585 2827 725 2899 quod
753 2828 858 2892 ait,
895 2825 1040 2880 Sicut
1071 2822 1227 2876 Pater
1246 2818 1454 2874 suscitat
1510 2824 1740 2869 mortuos
1758 2855 1773 2879 ,
1814 2822 1861 2866 et
1889 2811 2012 2866 vivi-

427 2927 546 2995 ﬁcat
574 2921 730 2994 (Joan
759 2921 811 2976 5.
843 2917 936 2986 21)
959 2935 974 2983 ;
997 2917 1070 2972 sic
1095 2925 1142 2969 et
1169 2913 1216 2968 F
1217 2914 1336 2968 ilius
1361 2928 1484 2982 quos
1526 2909 1636 2964 vult
1679 2907 1898 2975 viviﬁcat
1917 2948 1933 2971 ,
1959 2915 2013 2960 et

427 3031 773 3091 quaecumque
801 3014 902 3069 alia
931 3013 1074 3077 dixi,
1101 3020 1154 3065 et
1180 3007 1320 3079 quod
1341 3020 1527 3062 rursus
1555 3011 1708 3069 oret,
1737 3017 1858 3056 cum
1886 2999 2013 3055 illud

427 3117 478 3170 ei
509 3113 668 3168 fuerit
715 3108 1014 3181 agendum,
1070 3102 1399 3161 contrarium
1445 3107 1563 3154 est:
1591 3096 1685 3152 sed
1737 3096 1781 3150 si
1825 3108 2013 3148 causas

427 3220 688 3277 aperuero
705 3245 721 3270 ,
753 3201 961 3256 sublata
989 3196 1165 3252 omnis
1191 3195 1291 3250 erit
1312 3191 1522 3247 occasio
1549 3185 1844 3244 dubitandi.

496 3297 602 3354 Cur
647 3296 708 3349 de
744 3291 945 3349 Christo
975 3286 1188 3342 humilia
1229 3284 1365 3338 dicta
1413 3281 1620 3354 fuerint.
1649 3307 1721 3319 —-
1757 3277 2012 3345 Quaenam

427 3390 587 3460 igitur
631 3393 754 3441 sunt
792 3397 1003 3446 causae,
1033 3394 1128 3434 cur
1170 3390 1292 3432 cum
1332 3374 1479 3444 ipse,
1513 3381 1622 3426 tum
1673 3367 1901 3439 apostoli
1946 3365 2016 3420 de

429 3459 548 3552 ipso
578 3476 796 3532 humilia
836 3472 1000 3526 multa
1035 3466 1305 3524 dixerint?
1335 3465 1508 3519 Prima
1532 3459 1746 3532 quidem
1776 3471 1933 3514 causa
1960 3463 2016 3511 et

431 3570 694 3630 maxima,
740 3564 882 3634 quod
935 3563 1050 3633 ipse
1101 3573 1264 3614 carne
1314 3555 1527 3610 indutus
1555 3554 1743 3620 fuerit,
1788 3565 1852 3606 ac
1903 3559 2013 3603 tum

430 3663 564 3728 illis,
615 3659 704 3729 qui
759 3666 888 3710 tunc
929 3662 1117 3718 erant,
1171 3659 1281 3704 tum
1329 3649 1649 3718 quicumque
1689 3653 1808 3712 post
1851 3639 2014 3695 futuri

429 3761 611 3816 erant,
639 3747 887 3804 omnibus
916 3745 1074 3799 fidem
1098 3742 1273 3796 facere
1297 3738 1489 3804 vellet,
1519 3752 1623 3791 non
1654 3735 1892 3789 umbram
1919 3733 2016 3787 ali-

428 3861 587 3916 quam
614 3857 733 3898 esse
751 3883 764 3907 ,
794 3854 966 3910 neque
994 3839 1214 3907 figuram
1241 3841 1445 3888 tantum
1494 3829 1546 3884 id
1572 3829 1712 3900 quod
1765 3827 2015 3882 cerneba-

431 3951 536 4004 tur,
573 3935 668 3992 sed
696 3933 972 3988 veritatem
1002 3939 1227 3983 naturai.
1258 3925 1313 3979 Si
1357 3923 1498 3979 enim
1538 3937 1656 3976 cum
1684 3928 1762 3974 tot
1797 3919 2014 3973 humilia

429 4041 485 4087 et
513 4032 741 4084 humana
769 4023 1000 4080 dixerint
1023 4018 1246 4090 apostoli
1263 4059 1278 4078 ,
1305 4025 1360 4072 et
1387 4016 1504 4085 ipse
1529 4014 1596 4069 de
1622 4013 1820 4082 seipse,
1846 4012 2018 4080 potuit

431 4133 606 4178 tamen
646 4116 887 4174 diabolus
915 4112 1125 4168 miseris
1149 4111 1351 4179 aliquot
1395 4104 1699 4161 hominibus
1724 4113 1778 4158 et
1817 4119 2014 4158 atrum-

429 4213 576 4269 nosis
606 4207 927 4282 persuadere
949 4247 963 4271 ,
997 4213 1056 4258 nt
1093 4199 1503 4270 dispensationis
1548 4197 1809 4251 rationem
1860 4209 2018 4263 nega-

429 4315 580 4371 rent,
610 4313 663 4358 et
693 4317 813 4357 eum
837 4312 1051 4355 carnem
1079 4311 1183 4351 non
1215 4291 1513 4361 suscepisse
1537 4289 1713 4344 dicere
1733 4287 2014 4352 auderent,

429 4409 590 4468 atque
635 4409 795 4450 omne
837 4390 1179 4448 humanitatis
1222 4385 1623 4441 fundamentum
1655 4382 1929 4436 tollerent:
1972 4382 2015 4433 si

433 4490 566 4545 nihil
612 4489 830 4542 istorum
858 4485 1111 4548 dixisset,
1144 4496 1300 4551 quam
1327 4477 1477 4549 pauci
1508 4476 1765 4542 fuissent,
1793 4475 1881 4545 qui
1910 4488 2014 4528 non

433 4586 486 4638 in
516 4581 825 4637 barathrum
854 4577 956 4632 hoc
975 4572 1315 4630 incidissent?

509 4673 774 4737 Marcion,
825 4667 1142 4722 Manicha’us
1173 4673 1218 4719 et
1272 4662 1568 4716 Valentinus
1608 4658 2019 4713 Incarnationem

435 4767 702 4838 negabant.
727 4793 798 4803 —
819 4761 933 4816 Non
959 4759 1109 4814 audis
1137 4756 1424 4811 etiamnum
1455 4751 1773 4807 Marcioncm
1799 4749 2016 4817 dispen-

431 4865 692 4916 sationem
737 4857 790 4911 in
837 4869 997 4909 carne
1026 4861 1330 4920 negantem,
1373 4846 1754 4911 Manichmum,
1782 4842 2017 4897 Valenti-

435 4969 561 5008 num
583 4993 598 5016 ,
631 4957 686 5004 et
711 4946 906 5002 multos
932 4941 1102 4999 alios?
1124 4939 1247 4996 ldeo
1298 4937 1462 4994 multa
1499 4937 1730 4992 humana
1763 4934 2014 5004 loquitur,

433 5041 684 5106 humilia,
717 5047 771 5094 et
798 5035 866 5091 ab
911 5034 998 5089 illa
1041 5029 1290 5087 ineffabili
1323 5028 1555 5083 essentia
1583 5027 1755 5081 aliena
1776 5066 1792 5091 ,
1824 5035 1881 5078 ut
1907 5023 2018 5079 dis-

436 5131 764 5206 pensationis
791 5127 981 5184 rationi
1015 5125 1172 5180 [idem
1202 5129 1406 5177 astruat
1438 5138 1451 5175 :
1483 5119 1534 5174 in
1559 5118 1608 5172 id
1635 5119 1777 5173 enim
1807 5131 2016 5171 summo

432 5226 609 5282 studio
634 5222 877 5278 diabolus
904 5215 1278 5281 incumbebat,
1309 5221 1367 5266 ut
1395 5211 1534 5265 hanc
1559 5208 1714 5264 fidem
1751 5223 1818 5263 ex
1848 5207 2018 5261 homi-

436 5334 561 5372 num
592 5314 858 5372 mentibus
886 5310 1171 5375 evelleret,
1201 5321 1322 5361 cum
1354 5303 1520 5375 probe
1542 5311 1760 5369 nosset,
1788 5300 1834 5355 si
1859 5298 2017 5354 fidem

435 5407 848 5482 dispensationis
877 5403 1180 5461 susmlisset
1198 5442 1213 5466 ,
1237 5399 1304 5455 de
1329 5397 1598 5470 plerisque
1634 5395 1795 5452 rebus
1821 5393 2019 5449 nostris

437 5512 612 5556 actum
646 5502 779 5555 fore.
812 5500 908 5553 Est
931 5505 986 5552 et
1010 5497 1177 5550 altera
1208 5503 1404 5564 prteter
1433 5492 1587 5547 istam
1636 5505 1826 5555 causa,
1859 5488 2020 5543 nimi-

439 5609 554 5646 rum
579 5592 858 5645 infirinitas
899 5591 1231 5654 auditorum,
1267 5587 1512 5657 quodque
1533 5585 1605 5640 illi
1635 5587 1723 5655 qui
1770 5593 1878 5638 tum
1913 5582 2022 5653 pri-

434 5703 582 5743 mum
615 5687 784 5756 ipsum
829 5684 1108 5749 videbant,
1145 5698 1204 5737 ac
1252 5692 1361 5736 tum
1414 5681 1640 5750 primum
1689 5677 2012 5743 audiebant,

1170 225 1228 282 S.
1268 226 1545 294 JOANNIIS
1568 226 2044 283 CHRYSOSTOMI
2084 228 2401 286 ARCHIEP.
2444 231 2982 291 CONSTANTINOP.

3613 243 3718 295 'ItiO

2130 344 2470 402 sublimiorcs
2491 363 2682 417 capere
2708 349 3013 420 dogmatum
3048 366 3325 408 sermones
3351 354 3567 409 minime
3595 371 3717 426 pns-

2124 444 2261 488 scnt.
2290 436 2575 492 Enimvero
2601 457 2707 496 non
2738 443 2847 496 sola
2878 443 3306 517 niticonjectura
3329 486 3346 512 ,
3379 445 3520 516 quod
3546 446 3669 501 dico
3695 490 3710 510 ,

2124 542 2189 580 ex
2218 527 2344 596 ipsis
2366 529 2732 587 demonstrare
2760 534 2990 602 Scriptut
3007 536 3048 589 is
3069 547 3123 591 et
3143 536 3339 592 docere
3364 539 3619 593 conabor.
3647 539 3703 592 Si

2123 618 2250 687 quid
2295 618 2430 675 forte
2457 637 2704 692 magnum
2737 636 2789 679 et
2818 626 3045 681 sublime
3067 669 3082 693 ,
3115 642 3315 698 suaque
3341 628 3556 700 dignum
3594 632 3714 699 gla-

2126 711 2199 764 ria
2245 711 2493 782 loquutns
2533 727 2672 770 esset
2705 734 2718 770 :
2749 718 2872 784 quid
2927 717 3045 774 dico
3095 735 3340 789 magnum
3383 733 3437 775 et
3480 723 3714 776 sublime

2121 811 2279 871 atque
2327 804 2492 873 ipsius
2544 806 2709 875 gloria
2757 809 3012 878 dignum?
3061 810 3115 865 Si
3145 812 3268 881 quid
3311 812 3446 867 forte
3490 813 3714 869 dixisse;

2121 893 2262 962 quod
2291 903 2533 950 naturam
2565 896 2852 953 humanam
2883 901 3197 969 excederet,
3231 905 3706 972 perturbabantur,

2122 985 2646 1042 scandalizabantur:
2676 991 2756 1043 sin
2789 1000 2966 1046 autem
2997 992 3198 1049 humile
3225 995 3496 1065 quidpiam
3519 1007 3573 1051 et
3607 997 3714 1051 hn-

2123 1093 2373 1142 manum,
2429 1082 2809 1152 accurrebant,
2861 1102 2926 1141 ac
2977 1103 3278 1143 sermonem
3332 1091 3709 1147 admittebant.

2123 1169 2348 1225 Ubinam
2380 1175 2591 1229 tandem
2623 1175 2675 1230 id
2702 1177 2880 1232 videre
2925 1181 3048 1234 est?
3078 1182 3230 1249 Apud
3273 1181 3532 1238 Joannem
3574 1200 3711 1254 prse-

2121 1262 2308 1332 cipue:
2333 1280 2452 1320 cum
2481 1269 2623 1322 enim
2653 1269 2875 1324 dixisset
2901 1273 3014 1341 ipse
3035 1314 3050 1337 ,
3086 1274 3342 1328 Abraham
3384 1289 3528 1344 pater
3552 1290 3713 1332 vester

2121 1356 2404 1417 exsultavit.
2439 1369 2492 1411 ut
2521 1359 2708 1414 videret
2751 1361 2884 1415 diem
2924 1380 3130 1416 meum:
3161 1373 3205 1418 et
3233 1367 3376 1432 vidit,
3410 1376 3455 1420 et
3505 1369 3712 1437 gavisus

2120 1454 2228 1510 est;
2276 1446 2656 1520 Quadraginta,
2711 1452 2976 1522 inquiunt,
3009 1471 3168 1508 annos
3198 1457 3422 1509 nondum
3447 1457 3618 1522 habes,
3663 1469 3710 1512 et

2121 1539 2376 1592 Abraham
2405 1542 2572 1595 vidisti
2594 1543 2771 1614 (Joan.
2803 1546 2857 1600 8.
2890 1547 2979 1601 56.
3009 1548 3124 1618 57)?
3150 1548 3306 1602 Vides
3332 1558 3386 1603 ut
3414 1566 3536 1620 erga
3561 1552 3710 1606 illum

2123 1638 2390 1700 tamquam
2415 1635 2614 1688 nudum
2644 1636 2912 1692 hominem
2935 1638 3108 1693 allecti
3137 1642 3352 1694 essent?
3381 1642 3516 1708 Quid
3547 1644 3709 1712 igitur

2123 1723 2282 1792 ipse?
2312 1727 2592 1795 Antequam
2623 1730 2878 1783 Abraham
2921 1733 3082 1799 ﬁeret,
3112 1733 3313 1802 inquit,
3346 1750 3433 1804 ego
3460 1751 3572 1788 sum
3598 1751 3616 1788 :
3664 1746 3712 1788 et

2121 1815 2344 1870 tulerunt
2389 1818 2605 1888 lapides,
2646 1832 2702 1875 ut
2736 1824 2968 1894 jacerent
3017 1825 3070 1877 in
3098 1841 3211 1878 eum
3262 1824 3364 1896 (Ib.
3397 1843 3444 1879 v.
3471 1828 3559 1882 58.
3589 1827 3708 1897 59):

2120 1921 2343 1978 cumque
2367 1909 2434 1964 de
2461 1912 2726 1982 mysteriis
2755 1914 2956 1982 prolixe
2977 1913 3284 1982 dissereret,
3308 1932 3371 1971 ac
3383 1917 3616 1974 diceret:
3643 1919 3712 1972 Et

2120 2001 2268 2069 panis
2319 2017 2463 2071 quem
2495 2019 2584 2072 ego
2610 2003 2740 2056 dabo
2773 2021 2865 2072 pro
2910 2006 3087 2058 mundi
3125 2007 3246 2070 vita,
3289 2024 3409 2061 caro
3454 2025 3565 2061 mea
3612 2020 3707 2074 est,

2117 2094 2364 2149 aiebant:
2394 2095 2568 2151 Durus
2599 2106 2671 2151 est
2696 2098 2778 2150 hic
2797 2115 2980 2164 sermo,
3013 2101 3124 2168 quis
3149 2109 3309 2169 potest
3351 2117 3462 2154 eum
3489 2102 3669 2154 audire
3686 2101 3712 2155 .’

2122 2184 2188 2237 Et
2237 2186 2384 2240 multi
2407 2187 2770 2258 discipulorum
2798 2190 2906 2259 ejus
2951 2190 3182 2243 abierunt
3210 2201 3362 2257 retro,
3400 2202 3447 2244 et
3463 2193 3578 2262 jam
3607 2209 3710 2246 non

2121 2294 2236 2331 cum
2261 2280 2350 2333 illo
2378 2281 2700 2335 ambulabant
2747 2281 2857 2353 (Id.
2890 2282 2943 2337 6.
2991 2283 3080 2336 52.
3115 2283 3202 2338 61.
3236 2284 3349 2354 67).
3402 2283 3538 2351 Quid
3580 2300 3711 2355 ergo

2120 2383 2304 2438 quaeso
2347 2371 2644 2425 faciendum
2687 2373 2760 2426 illi
2796 2372 2931 2427 fuit?
2961 2374 3042 2427 An
3091 2373 3489 2428 sublimioribus
3515 2391 3709 2444 perpe-

2120 2472 2212 2518 tuo
2248 2464 2427 2520 verbis
2454 2465 2869 2534 immorandum,
2899 2475 2956 2521 ut
2981 2467 3215 2539 praedam
3240 2467 3561 2522 absterrervt
3581 2511 3594 2530 ,
3624 2478 3710 2522 at-

2126 2571 2229 2625 que
2258 2570 2445 2611 omnes
2484 2572 2512 2609 a
2567 2557 2804 2612 doctrina
2854 2572 2946 2612 sua
2995 2558 3313 2628 repelleret?
3357 2560 3426 2613 At
3475 2559 3573 2612 hoc
3615 2557 3711 2613 Dei

2120 2649 2460 2720 benignitatis
2505 2667 2611 2705 non
2663 2650 2778 2705 fuit.
2811 2650 2942 2704 Nam
2973 2659 3028 2705 et
3068 2666 3251 2705 rursus
3297 2665 3416 2706 cum
3461 2651 3706 2712 dixisset,

2123 2741 2224 2808 Qui
2263 2759 2540 2795 sermonem
2571 2758 2735 2796 meum
2775 2742 2954 2807 audit,
2985 2751 3194 2795 mortem
3236 2758 3343 2794 non
3389 2743 3606 2812 gustabit
3647 2744 3701 2794 in

2119 2842 2395 2897 retentum,
2445 2832 2686 2893 aiebant.
2750 2830 2936 2886 Nonne
2985 2831 3106 2886 bene
3160 2832 3380 2886 diximus
3424 2848 3546 2898 nos,
3589 2833 3710 2900 quia

2119 2925 2423 2977 daemonium
2449 2923 2636 2976 habes?
2665 2923 2922 2976 Abraham
2967 2933 3193 2976 mortuus
3222 2931 3324 2988 est,
3365 2932 3412 2976 et
3449 2921 3712 2992 propheta:

2119 3017 2308 3069 mortui
2339 3025 2494 3069 sunt:
2523 3026 2571 3068 et
2611 3026 2665 3069 tn
2707 3015 2850 3080 dicis,
2881 3015 2982 3080 Qui
3034 3031 3310 3068 sermonem
3340 3031 3504 3067 meum
3541 3014 3708 3072 audit,

2118 3119 2327 3162 mortem
2367 3125 2468 3162 non
2512 3108 2730 3178 gustabit
2773 3106 2884 3177 (Id.
2908 3107 2962 3163 8.
2991 3108 3082 3162 5i.
3113 3105 3226 3175 52).
3261 3107 3326 3160 Et
3349 3105 3472 3176 quid
3491 3106 3709 3168 mirum,

2119 3201 2164 3254 si
2216 3198 2498 3253 multitudo
2549 3200 2627 3254 sic
2666 3198 2853 3253 aifecta
2894 3208 3042 3263 erat,
3094 3212 3216 3251 cum
3269 3197 3318 3250 in
3346 3213 3406 3252 ea
3445 3196 3711 3251 sententia

2121 3291 2388 3360 principes
2420 3291 2517 3360 ipsi
2546 3291 2750 3344 essent?
2779 3289 3098 3344 Nicodemus
3127 3287 3360 3358 quidem,
3393 3289 3482 3357 qui
3512 3299 3566 3342 et
3595 3289 3714 3357 ipse

2118 3381 2366 3452 princeps
2383 3389 2520 3445 erat,
2544 3389 2599 3436 et
2619 3381 2782 3435 multa
2803 3395 2924 3436 cum
2946 3379 3313 3435 benevolentia
3333 3379 3398 3432 ad
3422 3380 3590 3448 ipsum
3613 3395 3711 3434 ve-

2120 3483 2273 3530 nerat
2301 3474 2611 3544 dixeratque
2633 3514 2648 3539 ,
2682 3473 2886 3528 Scimus
2909 3473 3028 3542 quia
3061 3489 3094 3524 a
3121 3471 3231 3525 Deo
3259 3470 3436 3524 venisti
3475 3471 3716 3541 magister

2123 3565 2245 3638 (Id.
2285 3568 2338 3621 ’5.
2369 3565 2424 3619 2.
2455 3576 2502 3618 et
2531 3566 2716 3636 seqq.),
2746 3579 3050 3620 sermonem
3079 3563 3147 3618 de
3173 3562 3490 3634 baptismate
3519 3576 3715 3630 capere

2123 3659 2339 3713 minime
2363 3659 2533 3729 potuit
2555 3658 2721 3712 multo
2746 3658 2887 3713 illius
2912 3657 3272 3712 imbecillitate
3287 3655 3562 3725 majorem:
3587 3670 3712 3709 cum

2121 3753 2262 3804 enim
2294 3751 2515 3805 dixisset
2557 3747 2821 3812 Christus,
2847 3748 2968 3802 Nisi
2991 3749 3102 3819 quis
3132 3758 3280 3801 natus
3307 3747 3454 3815 fuerit
3480 3762 3543 3799 ex
3575 3762 3715 3814 aqua

2121 3853 2168 3896 et
2197 3842 2395 3912 Spiritu
2415 3883 2428 3906 ,
2460 3858 2557 3894 non
2584 3849 2742 3910 potest
2763 3840 2928 3894 videre
2950 3856 3158 3910 regnum
3189 3837 3280 3891 Dei
3301 3881 3314 3902 ,
3346 3839 3424 3891 sic
3447 3838 3498 3891 in
3523 3837 3714 3890 Imma-

2125 3949 2219 3988 nas
2261 3933 2444 3987 incidit
2494 3932 2842 4002 suspiciones,
2873 3941 2928 3985 ut
2969 3931 3200 3995 diceret,
3237 3929 3498 3996 Quomodo
3549 3938 3714 3997 potest

2124 4025 2272 4077 homo
2299 4025 2466 4090 nasci,
2497 4040 2610 4076 cum
2635 4024 2698 4076 sit
2723 4023 2912 4077 senex?
2943 4020 3204 4092 Numquid
3227 4030 3384 4090 potest
3413 4022 3465 4073 in
3490 4028 3714 4072 ventrem

2123 4118 2299 4171 matris
2349 4132 2456 4170 sua:
2493 4117 2670 4169 iterum
2719 4117 2930 4170 introire
2976 4123 3019 4169 et
3063 4115 3302 4169 renasci?
3353 4113 3489 4181 Quid
3546 4113 3709 4182 igitur

2124 4208 2404 4264 Christus?
2435 4207 2493 4263 Si
2535 4218 2732 4261 terrena
2760 4208 2867 4261 dixi
2909 4207 3074 4272 vobis,
3109 4216 3153 4260 et
3179 4223 3280 4260 non
3327 4205 3546 4265 creditis.
3576 4220 3708 4274 quo-

2124 4298 2274 4352 modo
2304 4299 2347 4351 si
2373 4297 2549 4352 dixero
2574 4297 2709 4351 vobis
2735 4298 2954 4351 cwlestia
2979 4297 3187 4350 credetis
3209 4297 3232 4350 ?
3254 4297 3403 4366 quasi
3435 4309 3492 4348 se
3517 4295 3710 4349 defen-

2123 4391 2307 4456 deret,
2336 4406 2399 4445 ae
2439 4391 2696 4445 rationem
2742 4391 3023 4454 redderet,
3049 4405 3144 4443 cur
3184 4405 3288 4443 non
3332 4397 3596 4458 perpetuo
3637 4388 3710 4442 de

2125 4496 2356 4551 superna
2409 4483 2684 4536 nativitate
2711 4481 2870 4535 verba
2899 4481 3115 4535 faceret.
3147 4480 3256 4535 Sub
3300 4481 3471 4549 ipsum
3522 4494 3711 4534 rursus

2125 4574 2387 4644 passionis
2416 4582 2623 4642 tempus
2647 4616 2660 4638 ,
2695 4584 2812 4642 post
2836 4581 3082 4627 sexcenta
3119 4572 3392 4639 miracula,
3421 4581 3541 4641 post
3564 4573 3710 4625 mul-

2127 4674 2231 4717 tam
2265 4664 2403 4716 illam
2428 4664 2675 4732 potentitc
2704 4678 2814 4717 sua:
2840 4662 3256 4717 declarationem
3278 4703 3292 4727 ,
3322 4677 3442 4716 cum
3464 4661 3672 4715 diceret
3692 4703 3708 4724 ,

2137 4753 2376 4808 Videbitis
2420 4755 2583 4823 ﬁlium
2627 4754 2841 4808 hominis
2869 4755 3140 4807 venientem
3170 4753 3222 4806 in
3253 4753 3466 4806 nubibus
3493 4752 3711 4822 (Matth.

2124 4847 2213 4900 26.
2243 4845 2356 4917 64),
2387 4861 2493 4900 non
2522 4845 2698 4900 ferens
2737 4846 2935 4900 dictum
2970 4845 3096 4900 illud
3125 4843 3398 4910 Pontifex,
3433 4845 3590 4898 scidit
3613 4860 3710 4899 ve-

2125 4941 2375 4995 stimenta
2401 4955 2527 4994 sua:
2554 4955 2784 5010 quonam
2815 4939 2973 5008 igitur
3013 4937 3171 4992 modo
3199 4937 3358 4991 verba
3414 4936 3527 4990 fieri
3567 4936 3710 5004 apud

2128 5033 2256 5087 istos
2299 5032 2568 5101 oportuit,
2601 5033 2691 5101 qui
2746 5030 2874 5084 nihil
2928 5030 3153 5084 sublime
3204 5028 3534 5082 tolerarent?
3563 5026 3713 5082 Nihil

2123 5127 2320 5197 quippe
2363 5126 2576 5189 mirum,
2602 5126 2644 5178 si
2673 5124 2978 5178 hominibus
3008 5123 3096 5193 qui
3143 5121 3287 5175 humi
3314 5120 3621 5189 serpebant,
3656 5131 3713 5174 et

2123 5217 2259 5272 adeo
2303 5216 2595 5271 imbecilles
2619 5224 2803 5280 erant,
2835 5215 2964 5268 nihil
2993 5213 3211 5268 omnino
3239 5210 3307 5266 de
3353 5226 3413 5265 se
3459 5225 3710 5278 magnum

2125 5319 2216 5364 aut
2243 5309 2470 5364 sublime
2507 5307 2788 5378 proferret.

2197 5403 2250 5457 4.
2291 5401 2434 5457 Sane
2484 5401 2698 5471 quidem
2750 5400 3060 5457 sufﬁcerent
3103 5413 3164 5455 ea
3208 5413 3326 5468 qua:
3362 5397 3500 5451 dicta
3550 5405 3709 5459 sunt.

2125 5492 2192 5547 ad
2219 5492 2606 5548 ostendendum
2634 5491 2771 5546 hanc
2799 5490 2963 5546 fuisse
3007 5504 3222 5546 causam
3251 5499 3303 5544 et
3335 5487 3711 5552 occasionem,

2125 5599 2221 5638 cur
2250 5585 2382 5639 adeo
2412 5585 2534 5639 vilia
2579 5592 2704 5639 tunc
2743 5593 2796 5639 et
2823 5583 3028 5652 abiecta
3057 5588 3407 5651 proponeret:
3440 5587 3714 5632 Verumta-

2129 5695 2252 5735 men
2280 5695 2343 5735 ex
2373 5681 2539 5736 altera
2572 5687 2720 5749 parte
2743 5676 2976 5734 conabor
3008 5675 3233 5747 idipsum
3260 5671 3489 5728 reddere
3539 5671 3713 5725 marti-
