4062 6166
287 360 394 414 759

288 475 537 548 ἀληθινὸν
581 474 720 542 υἱὸν,
764 475 858 529 καὶ
891 474 979 529 διὰ
1015 475 1114 548 τὴν
1160 478 1254 531 τοῦ
1288 478 1426 534 Θεοῦ
1473 480 1866 557 προσηγορίαν,

288 559 471 631 ἐπειδή
497 575 580 612 σοι
606 557 878 629 μετέδωκε
897 559 992 613 τοῦ
1012 560 1295 631 ὀνόματος,
1321 563 1719 636 φιλονεικήσεις
1742 565 1871 629 ἴσως

290 644 458 716 μηδὲν
488 642 635 714 ἔχειν
664 659 757 696 σου
797 642 958 696 πλέον
989 643 1080 699 τὸν
1110 645 1360 718 Πατέρα·
1389 645 1579 719 ὥσπερ
1618 650 1729 720 γὰρ
1760 648 1872 712 υἰδς

287 725 544 797 ἐκλήθης,
578 724 723 777 οὕτω
768 727 862 779 καὶ
892 725 1012 791 θεὸς
1056 727 1328 800 ἐκλήθηςσ
1363 730 1479 783 ἀλλ’
1521 730 1710 802 ὥσπερ
1751 730 1874 796 θεὸς

288 809 508 879 κληθεὶς
547 809 608 861 οὐ
646 808 853 879 τολμᾷς
899 812 1074 864 εἰπεῖν
1119 812 1200 865 δτι
1228 812 1384 882 ψιλὸν
1429 813 1547 867 ἐκεῖ
1581 813 1642 867 rb
1679 814 1870 884 ὄνομα,

288 893 400 947 ἀλλ’
428 893 713 965 ὁμολογεῖς
757 892 932 963 ἀληθῆ
971 893 1104 947 Θεὸν
1138 890 1276 950 εἶναι
1315 895 1407 950 τὸν
1445 897 1668 969 Πατέρα
1688 913 1704 931 ·
1732 896 1875 951 οὑτω

290 976 424 1048 μηδὲ
455 977 550 1030 ἐπὶ
592 974 690 1029 τοῦ
734 975 865 1029 Υίοῦ
910 975 1084 1047 τόλμα
1119 978 1314 1032 σαυτὸν
1353 981 1435 1043 εἰς
1483 980 1647 1051 μέσον
1696 979 1870 1049 ἀγειν,

287 1061 382 1114 καὶ
417 1060 620 1129 λέγειν,
643 1060 727 1112 ὅτι
767 1059 922 1127 κάγὼ
950 1060 1066 1123 υίὸς
1098 1060 1409 1133 κέκλημαι·
1439 1062 1533 1116 καί
1564 1062 1751 1134 ἐπειδὴ
1775 1065 1875 1134 τῆς

285 1145 458 1215 αὐτῆς
482 1144 669 1207 οὐσίας
704 1143 806 1196 οὐκ
843 1144 982 1213 είμὶ,
1017 1144 1140 1197 οὐδὲ
1174 1145 1382 1210 ἐκεῖνος
1409 1146 1612 1213 ὀφείλει
1639 1147 1741 1217 τῆς
1774 1148 1873 1200 αὐ-

284 1230 387 1299 τῆς
419 1224 563 1282 εἶναι
582 1245 597 1260 ο
624 1227 694 1280 τά
725 1226 832 1299 γὰρ
869 1226 1304 1299 ἀπηριθμημένα
1336 1229 1554 1284 ἅπαντα
1588 1228 1740 1302 [504]
1767 1230 1876 1284 δεί-

286 1328 477 1364 κνυσιν
504 1310 760 1382 ἀληθινὸν
790 1311 918 1365 ὅντα
948 1309 1075 1364 Υἰὸν
1108 1311 1201 1365 καὶ
1234 1311 1338 1383 τῆς
1371 1314 1541 1386 αὐτῆς
1571 1313 1759 1376 οὐσίας
1798 1312 1877 1384 τῷ

283 1396 662 1466 γεγεννηκότι.
703 1397 869 1449 Ὅταν
914 1393 1024 1464 γὰρ
1060 1394 1211 1466 εῐπῃ,
1245 1395 1328 1449 ὅτι
1372 1395 1472 1466 τῆς
1521 1397 1691 1467 αὐτῆς
1727 1397 1877 1449 ἐστιν

285 1479 437 1551 αὐτῷ
493 1481 729 1551 μορφῆς,
769 1479 866 1533 καὶ
897 1477 992 1531 τοῦ
1045 1478 1212 1531 αὑτοῦ
1260 1480 1629 1552 χαρακτῆρος,
1670 1478 1723 1533 τί
1749 1478 1876 1533 ἄλλο

285 1561 456 1634 δηλοῖ,
496 1563 531 1633 ἢ
583 1562 646 1615 rb
695 1561 1113 1634 ἀπαράλλακτον
1146 1562 1246 1633 τῆς
1289 1562 1506 1630 οὐσίας;
1552 1565 1629 1617 Ub
1657 1563 1766 1633 γὰρ
1809 1562 1875 1634 δὴ

288 1647 472 1718 μορφὴ
523 1648 652 1718 περὶ
694 1646 845 1709 Θεὸν,
892 1647 1013 1700 οὐδέ
1046 1646 1336 1717 πρόσωπον
1357 1663 1371 1677 ·
1406 1646 1522 1700 ἀλλ’
1554 1647 1631 1709 ὡς
1678 1645 1872 1713 ταῦτα,

286 1731 443 1800 φησὶ,
492 1729 696 1797 λέγεις,
748 1731 869 1782 εἰπὲ
916 1730 1012 1783 καὶ
1054 1728 1125 1782 τά
1168 1729 1405 1785 ἐναντία.
1446 1730 1585 1784 Ποῖα
1619 1729 1872 1795 ἐναντία;

285 1808 413 1866 Οἷον
442 1813 525 1866 ὅτι
568 1811 790 1883 εὔχεται
817 1811 897 1884 τῷ
941 1812 1147 1883 Πατρί·
1184 1814 1233 1866 εἰ
1263 1812 1373 1885 γάρ
1414 1814 1512 1884 τῆς
1546 1812 1717 1883 αὐτῆς
1759 1814 1875 1866 ἐστι

284 1896 594 1968 δυνάμεως,
634 1897 856 1968 καὶτῆς
890 1897 1061 1967 αὐτῆς
1092 1896 1302 1964 οὐσίας,
1345 1897 1440 1951 καὶ
1476 1896 1586 1951 ἀπὸ
1627 1895 1877 1962 ἐξουσίας

287 1981 468 2035 πάντα
503 1982 665 2046 ποιεῖ,
697 1980 841 2044 τίνος
872 1980 1058 2033 ἕνεκεν
1092 1978 1345 2051 εὔχεται;

354 2178 428 2241 γ’.
454 2167 669 2239 Ἐγὼδέ
690 2170 750 2223 οὐ
766 2166 943 2223 ταῦτα
969 2166 1079 2241 ἐρῶ
1107 2168 1288 2239 μόνον,
1305 2166 1441 2222 ἀλλά
1465 2168 1560 2222 καὶ
1587 2168 1687 2222 ὅσα
1714 2168 1877 2236 ἕτερα

287 2257 522 2309 ταπεινά
573 2255 702 2325 περί
745 2252 911 2307 αὐτοῦ
960 2255 1213 2325 εἴρηται,
1260 2251 1437 2307 πάντα
1490 2251 1879 2324 παραθήσομαι

293 2338 431 2406 μετὰ
462 2336 773 2409 ἀκριϐείας,
805 2336 1071 2408 πρότερον
1103 2337 1279 2389 ἐκεῖνο
1308 2334 1499 2399 εἰπὼν,
1530 2335 1610 2389 ὅτι
1641 2334 1751 2403 ἐγὼ
1782 2334 1879 2405 μὲν

286 2423 396 2477 τῶν
423 2420 704 2486 ταπεινῶς
736 2420 1046 2492 εἰρημένων
1068 2420 1197 2491 περὶ
1226 2418 1393 2474 αὐτοῦ
1417 2418 1617 2484 πολλὰς
1639 2418 1748 2489 ἔχω
1783 2419 1880 2473 καὶ

287 2504 507 2569 δικαίας
533 2505 715 2568 αἰτίας
734 2506 932 2568 εἰπεῖν,
959 2504 1024 2557 σύ
1052 2502 1110 2556 δὲ
1138 2503 1247 2556 τῶν
1278 2502 1500 2573 ὑψηλῶν
1526 2504 1620 2556 καὶ
1654 2500 1878 2569 ἐνδόξων

286 2589 548 2661 οὐδεμίαν
582 2589 774 2659 ἑτέραν
811 2588 957 2659 ἔχοις
995 2588 1062 2642 ἂν
1090 2590 1262 2643 εἰπεῖν
1285 2589 1576 2661 πρόφασιν,
1611 2586 1725 2639 ἀλλ’
1756 2586 1789 2656 ἢ
1818 2586 1881 2639 rb

292 2672 578 2743 βούλεσθαι
602 2670 702 2742 τὴν
727 2673 1007 2740 εὐγένειαν
1031 2675 1167 2743 ἡμῖν
1188 2673 1353 2726 αὐτὸν
1379 2669 1753 2725 ἐνδείκνυσθαι
1780 2670 1880 2740 τὴν

289 2757 480 2813 αὑτοῦ.
521 2757 675 2810 Ἐπεὶ
711 2759 761 2810 εἰ
799 2757 873 2828 μὴ
904 2756 1063 2810 τοῦτο
1088 2756 1264 2820 οὑτως
1295 2756 1429 2826 ἔχοι,
1475 2755 1624 2825 μάχη
1654 2754 1749 2807 κα)⁵
1779 2751 1879 2806 πό-

291 2841 455 2913 λεμος
477 2844 535 2894 ἐν
571 2844 692 2904 ταῖς
726 2842 1001 2913 Γραφαίς·
1033 2840 1094 2894 rb
1123 2840 1234 2913 γὰρ
1276 2839 1455 2908 λέγειν
1482 2839 1563 2893 ὅτι
1598 2838 1824 2907 ’Ὠσπερ
1846 2841 1880 2892 ό

289 2925 497 2993 Πατὴρ
516 2924 729 2994 ἐγείρει
755 2925 896 2990 τοὺς
915 2924 1168 2993 νεκροὺς
1187 2924 1286 2978 καί
1304 2921 1585 2989 ζωοποιεῖ,
1608 2921 1760 2976 οὕτω
1780 2921 1880 2975 καὶ

292 3011 325 3063 d
358 3009 497 3075 Υἱὸς
525 3011 634 3075 οὓς
660 3007 820 3062 θέλει
847 3006 1128 3072 ζωοποιεῖ,
1165 3007 1261 3060 καὶ
1283 3006 1385 3060 ὅσα
1406 3004 1493 3059 ire
1503 3022 1570 3077 ρα
1588 3000 1761 3069 εἷπον,
1788 3005 1881 3058 καὶ

289 3092 349 3146 τὸ
376 3091 546 3147 πάλιν
573 3090 852 3161 εὔχεσθαι,
887 3092 1049 3161 ἡνίκα
1089 3090 1155 3144 ἀν
1187 3088 1283 3161 δέῃ
1319 3088 1477 3142 τοῦτο
1506 3090 1699 3150 ποιεῖν,
1728 3089 1881 3141 ἐναν-

290 3175 404 3229 τίον
424 3194 441 3208 ·
478 3174 594 3230 ἀλλ’
622 3175 717 3229 ἐὰν
756 3175 857 3238 τὰς
895 3174 1073 3237 αἰτίας
1105 3174 1264 3239 εῐπω,
1295 3174 1443 3227 πᾶσα
1473 3171 1741 3244 ἀνῄρηται
1770 3169 1880 3224 λοι-

291 3259 390 3315 πδν
419 3259 862 3331 ἀμφισϐήτησις.

356 3427 526 3490 Τίνες
557 3423 652 3480 οὖν
681 3427 818 3479 εἰσιν
849 3426 906 3478 αἰ
938 3424 1109 3479 αἰτίαι
1155 3424 1250 3478 τοῦ
1292 3421 1525 3478 ταπεινά
1563 3420 1735 3476 πολλά
1788 3421 1883 3475 καὶ

291 3513 459 3566 αὐτὸν
501 3513 600 3564 καὶ
644 3512 772 3572 τοὺς
816 3508 1151 3572 ἀποστόλους
1196 3508 1482 3579 εἰρηκέναι
1509 3507 1637 3579 περὶ
1680 3505 1878 3570 αὐτοῦς

292 3595 498 3671 Πρώτη
532 3595 633 3665 μὲν
669 3590 765 3647 οὖν
788 3592 935 3646 αἰτία
967 3593 1062 3645 καὶ
1094 3592 1355 3663 μεγίστη,
1392 3590 1455 3643 rb
1496 3591 1675 3662 σάρκα
1720 3589 1883 3644 αὑτὸν

292 3678 752 3753 περιϐεϐλῆσθαι,
792 3678 888 3730 καὶ
916 3674 1203 3746 βούλεσθαι
1219 3675 1313 3729 καὶ
1335 3675 1462 3738 τοὺς
1485 3674 1610 3727 τότε
1647 3674 1883 3737 καὶτοὺς

297 3763 443 3832 μετὰ
472 3760 648 3815 ταῦτα
689 3758 1068 3813 πιστώσασθαι
1122 3758 1367 3822 πάντας,
1410 3758 1493 3810 ὅτι
1531 3756 1593 3809 οὐ
1634 3755 1764 3809 σκιά
1801 3755 1886 3818 τίς

295 3850 472 3909 ἐστιν,
504 3844 626 3899 οὐδὲ
659 3845 846 3917 σχῆμα
870 3841 1055 3905 ἀπλῶς
1075 3840 1137 3895 τὸ
1166 3840 1462 3913 ὁρώμενον,
1503 3838 1619 3893 ἀλλ’
1658 3838 1885 3910 ἀλήθεια

295 3930 541 3997 φύσεως.
567 3929 629 3982 Εἰ
650 3928 759 3998 γάρ
796 3927 1036 3980 τοσαῦτα
1050 3924 1286 3979 ταπεινά
1304 3924 1398 3978 καὶ
1417 3922 1733 3993 ἀνθρώπινα
1757 3923 1887 3993 περὶ

297 4013 470 4066 αὑτοῦ
499 4013 595 4065 καὶ
617 4010 728 4065 τῶν
753 4009 1068 4064 ἀποστόλων
1095 4008 1415 4079 εἰρηκότων,
1446 4007 1541 4060 καὶ
1567 4005 1731 4060 αὑτοῦ
1757 4005 1886 4076 περί

299 4095 525 4163 ἐαυτοῦ,
572 4096 722 4166 ὅμως
752 4095 972 4163 ἴσχυσεν
1020 4093 1049 4145 ὁ
1090 4091 1333 4155 διάϐολος
1366 4090 1550 4143 πεῖσαί
1583 4107 1736 4152 τινας
1777 4088 1888 4142 τῶν

297 4178 509 4233 ἀθλίων
544 4179 642 4231 καὶ
668 4175 1031 4247 ταλαιπώρων
1084 4173 1386 4246 ἀνθρώπων
1425 4172 1764 4245 ἀρνήσασθαι
1788 4170 1888 4242 τῆς

300 4260 620 4331 οἰκονομίας
639 4260 733 4313 τὸν
761 4259 939 4328 λόγον,
969 4258 1066 4311 καὶ
1092 4254 1358 4328 τολμῆσαι
1380 4258 1575 4319 εἰπεῖν,
1603 4257 1684 4309 ὅτι
1709 4256 1888 4326 σάρκα

301 4346 409 4398 οὐκ
435 4344 616 4407 ἔλαϐε,
657 4344 752 4397 καὶ
772 4342 872 4413 τὴν
895 4344 1078 4395 πᾶσαν
1110 4342 1210 4411 τῆς
1236 4339 1647 4410 φιλανθρωπίας
1691 4338 1889 4391 ὑπόθε-

307 4443 397 4480 σιν
428 4427 669 4480 ἀνελεῖνο
701 4428 750 4479 εἰ
785 4424 953 4496 μηδὲν
983 4422 1188 4477 τούτων
1221 4420 1366 4489 εἷπε,
1398 4422 1555 4477 πόσοι
1590 4422 1692 4476 οὐκ
1716 4421 1782 4475 ἂν
1810 4422 1891 4485 εἰς

303 4512 366 4564 τὸ
397 4510 670 4583 βάραθρον
697 4509 855 4564 τοῦτο
880 4507 1183 4563 κατέπεσον
1205 4523 1220 4573 ;

377 4688 494 4742 Οὐκ
525 4687 748 4750 ἀκούεις
791 4684 872 4738 ἔτι
902 4684 998 4739 καί
1029 4682 1126 4736 νῦν
1183 4681 1509 4751 Μαρκίωνος
1554 4679 1889 4753 ἀρνουμένου

306 4773 410 4843 τὴν
434 4770 770 4842 οἰκονομίαν,
801 4769 898 4823 καὶ
919 4767 1245 4839 Μανιχαίου,
1275 4766 1371 4820 καί
1399 4764 1775 4827 Οὐαλεντίνου,
1797 4763 1895 4816 καὶ

312 4854 525 4909 πολλῶν
554 4854 791 4926 ἐτέρων;
820 4851 922 4906 Διά
952 4852 1112 4906 τοῦτο
1137 4849 1308 4903 πολλά
1335 4847 1651 4921 ἀνθρώπινα
1682 4849 1777 4901 καὶ
1798 4865 1897 4903 τα-

311 4939 475 4995 πεινά
495 4938 816 5009 φθέγγεται,
845 4936 941 4990 καὶ
969 4935 1072 5006 τῆς
1109 4933 1297 4997 οὐσίας
1332 4931 1549 5001 ἐκείνης
1583 4930 1682 5000 τῆς
1723 4931 1893 5002 ἀπορ-

312 5026 480 5096 ρήτου
507 5021 825 5087 ἀποδέοντα,
855 5020 944 5075 ἵνα
972 5016 1313 5089 πιστώσηται
1339 5016 1439 5087 τῆς
1467 5012 1777 5085 οἰκονομίας
1805 5014 1895 5068 τὸν

312 5108 489 5176 λόγον.
517 5106 627 5159 Καὶ
657 5104 767 5176 γὰρ
786 5103 993 5175 σφόδρα
1021 5100 1355 5154 ἐσπούδακεν
1378 5100 1407 5152 ὁ
1425 5096 1669 5161 διάϐολος
1690 5096 1895 5169 ταύτην

315 5194 381 5244 ἐκ
406 5191 514 5244 τῶν
552 5187 857 5259 ἀνθρώπων
881 5186 980 5258 τὴν
1009 5185 1190 5239 πίστιν
1228 5182 1457 5244 ἀνελεῖν,
1497 5179 1654 5244 εἰδὼς
1685 5182 1766 5234 ὅτι
1795 5181 1895 5250 τῆς

314 5274 625 5347 οἰκονομίας
660 5271 755 5327 ἐάν
787 5272 954 5345 ἀνέλῃ
978 5270 1079 5343 τὴν
1108 5269 1311 5333 πίστιν,
1336 5265 1397 5319 τὸ
1422 5265 1584 5318 πλέον
1625 5263 1738 5318 τῶν
1770 5263 1895 5318 καθ’

317 5361 462 5429 ἡμᾶς
513 5357 794 5429 οἰχήσεται
846 5353 1211 5426 πραγμάτων.
1246 5351 1401 5404 Ἔστι
1446 5349 1542 5403 καὶ
1566 5347 1727 5419 ἐτέρα
1757 5347 1895 5419 μετά

315 5443 519 5515 ταύτην
552 5441 721 5507 αἰτία,
754 5442 789 5513 ἡ
816 5438 1070 5493 ἀσθένεια
1100 5435 1208 5490 τῶν
1241 5434 1570 5498 ἀκουόντων,
1605 5432 1701 5486 καί
1732 5432 1792 5486 rb
1819 5434 1896 5505 μὴ

318 5514 577 5582 δύνασθαι
589 5526 709 5580 τότε
736 5522 955 5596 πρῶτον
973 5520 1136 5575 αὐτὸν
1166 5519 1392 5582 ἰδόντας,
1420 5516 1516 5571 καί
1538 5515 1660 5568 τότε
1682 5514 1897 5587 πρῶτον

321 5611 639 5675 ἀκούοντας,
661 5608 788 5673 τοὺς
816 5604 1182 5677 ὑψηλοτέρους
1198 5601 1306 5657 τῶν
1327 5600 1616 5670 δογμάτων
1643 5597 1897 5663 δέξασθαι

323 5694 535 5764 λόγους.
561 5693 675 5746 Καὶ
708 5692 792 5745 ὅτι
818 5690 879 5743 οὐ
908 5687 1212 5761 στοχασμὸς
1247 5685 1309 5740 τὸ
1333 5686 1645 5756 λεγόμενον,
1676 5683 1772 5737 ἀπ’
1800 5683 1897 5736 αὐ-

321 5778 421 5833 τῶν
464 5795 547 5832 σοι
580 5775 929 5846 παραστῆσαι
950 5771 1107 5825 τοῦτο
1139 5770 1468 5842 πειράσομαι
1513 5768 1622 5824 τῶν
1663 5765 1896 5839 Γραφῶν

1094 357 1192 413 ‘DE
1227 357 1891 423 CONSUBSTANTIALI,
1932 361 2208 417 CONTRA
2246 361 2609 419 ANOMCEOS
2674 361 2784 419 VII.

3452 364 3567 417 760‘

1978 483 2072 535 καὶ
2095 482 2285 548 δεῖξαι,
2319 484 2400 537 ὅτι
2426 483 2481 536 εἴ
2509 482 2639 537 ποτέ
2668 501 2720 537 τι
2753 483 2895 555 μέγα
2951 485 3045 538 καὶ
3089 483 3291 557 ὑψηλὸν
3326 488 3418 541 καὶ
3460 491 3554 561 τῆς

1977 564 2145 619 αὑτοῦ
2176 565 2334 638 δόξης
2359 566 2510 633 ἀξιον
2532 562 2834 636 ἐφθέγξατο
2851 584 2865 599 °
2896 566 2949 621 τί
2969 567 3112 638 λέγω
3140 570 3282 640 μέγα
3307 569 3404 626 καὶ
3424 572 3555 645 ὑψή⁹

1977 645 2089 711 λὸν,
2119 650 2215 703 καί
2240 649 2342 720 τῆς
2364 649 2530 704 αὐτοῦ
2550 649 2707 721 δόξης
2722 648 2904 717 ἀξιονς
2928 650 2982 703 εί
3006 653 3137 706 ποτέ
3164 670 3216 707 τι
3232 654 3332 724 τῆς
3350 655 3556 727 ἀνθρω·

1979 731 2143 803 πίνης
2175 731 2391 803 φύσεως
2418 731 2540 788 εἷπε
2566 733 2751 797 πλέον,
2783 733 3138 806 ἐθορυϐοῦντο
3176 736 3271 790 καὶ
3296 738 3556 793 ἐσκανδα-

1978 814 2216 881 λίζοντοο
2243 816 2367 870 εἶδέ
2389 817 2521 871 ποτέ
2542 835 2598 871 τι
2623 818 2879 871 ταπεινὸν
2899 818 2995 872 καὶ
3019 817 3171 892 [505]
3198 819 3558 893 ἀνθρώπινον,

1981 898 2350 969 προσέτρεχον
2380 899 2475 953 καὶ
2501 899 2592 954 τὸν
2618 899 2775 968 λόγον
2803 901 3067 972 ἐδέχοντο.
3115 903 3226 957 Καὶ
3264 902 3367 957 ποῦ
3403 903 3566 959 τοῦτο

1981 980 2129 1035 ἔστιν
2157 979 2308 1049 ἰδείν;
2333 980 2491 1052 φησί.
2536 981 2698 1053 Παρά
2718 981 2795 1053 τῷ
2833 984 3056 1056 Ἰωάννῃ
3089 986 3352 1055 μάλιστα*
3384 988 3555 1041 εἰπόνο

1979 1079 2072 1125 τος
2097 1061 2207 1133 γάρ
2233 1062 2421 1128 αὑτοῦ,
2464 1064 2713 1134 Ἀϐραὰμ
2758 1068 2791 1119 ό
2832 1065 3029 1135 πατὴρ
3070 1067 3238 1137 ὑμῶν
3271 1064 3560 1138 ἠγαλλιάν

1980 1160 2153 1211 σατο,
2176 1146 2280 1199 ἵνα
2307 1146 2407 1215 ιδῃ
2433 1146 2547 1217 τὴν
2575 1148 2805 1218 ’ἡμέραν
2832 1148 2947 1217 τὴν
2963 1149 3140 1220 ἐμὴν,
3173 1152 3272 1205 καὶ
3318 1150 3438 1207 εἶδε
3465 1154 3563 1208 καὶ

1979 1228 2189 1298 ἐχάρη,
2221 1229 2474 1299 λέγουσι’
2522 1231 2984 1301 Τεσσαράκοντα
3023 1233 3127 1302 ἐτη
3166 1236 3332 1289 οὔπω
3378 1236 3562 1306 ἔχεις,

1980 1312 2080 1366 καί
2111 1313 2369 1383 Ἀϐραὰμ
2387 1313 2688 1382 ἐώρακας;
2727 1316 2888 1387 Ὁρᾷς
2913 1315 2995 1369 ὅτι
3016 1316 3092 1379 ὡς
3116 1318 3244 1389 περί
3274 1318 3565 1389 ἀνθρώπου

1979 1394 2138 1464 ψιλοῦ
2169 1393 2656 1463 διέκειντο;Τίούν
2680 1397 2874 1463 αὐτός;
2898 1397 3021 1466 Πρὸ
3043 1398 3149 1453 τοῦ
3182 1400 3289 1454 τὸν
3320 1401 3564 1470 Ἀϐραὰμ
3636 1432 3645 1439 -

1981 1478 2282 1549 γενέσθαι,
2306 1480 2493 1551 φησὶν,
2534 1479 2648 1550 ἐγώ
2684 1483 2821 1550 εἰμι.
2873 1481 2984 1535 Καὶ
3006 1477 3159 1552 ἦραν
3195 1484 3427 1550 λίθους,
3466 1484 3582 1537 ἵνα.

1976 1561 2405 1626 ,βάλλωσινένί
2430 1564 2639 1617 αὐτόν.
2672 1564 2784 1617 Καὶ
2811 1564 2901 1617 ὅτε
2939 1565 3069 1635 περὶ
3109 1564 3221 1619 τῶν
3248 1566 3566 1637 μυστηρίων

1985 1645 2231 1717 μακροὺς
2258 1647 2504 1700 ἐπέτεινε
2529 1646 2742 1715 λόγους,
2764 1647 2960 1717 λέγων,
2984 1647 3100 1702 Καὶ
3123 1652 3156 1703 ό
3177 1646 3358 1717 ἄρτος
3377 1649 3467 1713 δὲ,
3495 1649 3566 1703 ὃν

1980 1726 2096 1798 ἐγὼ
2122 1727 2295 1782 δώσω
2324 1727 2477 1796 ὑπὲρ
2499 1729 2612 1798 τῆς
2639 1730 2745 1785 τοῦ
2769 1734 3001 1801 κόσμου
3019 1728 3188 1799 ζωῆς,
3208 1730 3247 1799 ἢ
3271 1730 3429 1800 σάρξ
3445 1750 3583 1803 μου·

1982 1809 2173 1874 ἐστὶν,
2202 1809 2408 1880 ἔλεγον,
2436 1813 2709 1880 Σκληρός
2744 1813 2917 1867 ἐστιν
2947 1817 2980 1868 ό
3014 1814 3197 1883 λόγος
3223 1809 3404 1880 οὗτος
3428 1831 3441 1844 ’
3474 1816 3567 1881 τίς

1982 1893 2233 1948 δύναται
2285 1894 2472 1949 αὑτοῦ
2520 1896 2764 1949 ἀκούειν
2777 1912 2795 1961 ;
2827 1895 2937 1949 Καὶ
2972 1896 3041 1952 ἐκ
3075 1897 3291 1951 τούτου
3345 1899 3577 1953 πολλοὶ·

1982 1977 2104 2031 τῶν
2127 1976 2410 2047 μαθητῶν
2451 1978 2638 2033 αὐτοῦ
2678 1978 2958 2047 ἀπῆλθον
2996 1982 3084 2045 εἰς
3113 1979 3186 2034 τὰ
3218 1981 3432 2045 ὀπίσω,
3467 1983 3567 2035 καί

1983 2060 2183 2115 οὐκέτι
2206 2062 2333 2130 μετ’
2365 2060 2552 2115 αὐτοῦ
2580 2060 2998 2130 περιεπάτουν.
3023 2062 3087 2114 Τί
3115 2060 3207 2117 οὖν
3232 2064 3339 2117 ἔδει
3371 2067 3570 2129 ποιεῖνι

1984 2144 2108 2197 εἰπέ
2136 2161 2225 2215 μοι
2245 2160 2258 2172 ·
2319 2145 2432 2207 τοῖς
2459 2142 2812 2214 ὑψηλοτέροις
2842 2144 3201 2217 ἐνδιατρίϐειν
3231 2148 3439 2219 ῥήμασι
3483 2149 3563 2203 δι-

1983 2227 2217 2298 ηνεκῶς,
2232 2225 2373 2279 ὥστε
2397 2226 2737 2298 ἀποσοϐῆσαι
2759 2226 2858 2298 τὴν
2878 2226 3078 2299 θήραν,
3095 2228 3190 2282 καὶ
3213 2229 3423 2293 πάντας
3433 2230 3569 2285 ἀπο-

1986 2308 2319 2381 κρούσασθαι
2339 2309 2438 2379 τῆς
2454 2307 2835 2376 διδασκαλίας;
2875 2310 3015 2363 ’Δλλ’
3041 2311 3142 2365 οὐκ
3184 2306 3253 2383 ἦν
3282 2311 3441 2366 τοῦτο
3466 2313 3565 2382 τῆς

1985 2392 2078 2446 τοῦ
2106 2391 2241 2445 Θεοῦ
2263 2392 2695 2463 φιλανθρωπίας.
2723 2393 2834 2447 Καὶ
2853 2392 2961 2463 γὰρ
2987 2393 3152 2447 πάλιν
3172 2393 3362 2466 ἐπειδὴ
3391 2390 3567 2460 εἶπεν,

1998 2476 2061 2527 '0
2092 2475 2200 2529 τὸν
2226 2475 2413 2544 λόγον
2421 2491 2541 2544 μου
2567 2475 2823 2543 ἀκούων,
2856 2475 3118 2531 θανάτου
3146 2478 3219 2530 οὐ
3237 2477 3316 2547 μὴ
3346 2479 3568 2548 γεύση-

1985 2574 2082 2613 ται
2111 2560 2199 2624 είς
2221 2558 2327 2611 τὸν
2348 2555 2555 2621 αἰῶνα,
2587 2558 2796 2626 ἔλεγον,
2829 2560 2913 2614 οὐ
2934 2557 3134 2626 καλῶς
3151 2559 3461 2631 ἐλέγομεν,
3480 2560 3569 2614 ὅτι

1984 2640 2295 2710 δαιμόνιον
2314 2640 2515 2709 ἕχεις;
2553 2641 2798 2711 Ἀϐραὰμ
2818 2640 3102 2706 ἀπέθανε,
3134 2643 3232 2697 καὶ
3262 2646 3317 2697 οι
3338 2642 3585 2713 προρῆι

1986 2742 2079 2779 ται
2103 2726 2427 2788 ἀπέθανον,
2459 2724 2658 2778 καὶσὺ
2676 2721 2892 2794 λέγεις,
2916 2723 3005 2779 ὅτι
3022 2721 3084 2778 '0
3114 2727 3219 2780 τὸν
3245 2730 3434 2797 λόγον
3450 2746 3570 2797 μου

1985 2809 2223 2864 ἀκούων
2258 2810 2329 2862 οὐ
2358 2806 2444 2876 μὴ
2480 2807 2768 2877 γεύσηται
2788 2805 3091 2875 θανάτου;
3124 2809 3235 2863 Καὶ
3271 2810 3326 2863 τί
3356 2810 3569 2882 θαυμα-

1988 2893 2113 2947 στὸν
2137 2894 2187 2946 εἰ
2206 2892 2268 2946 rb
2299 2891 2505 2962 πλῆθος
2527 2890 2670 2945 οὑτω
2695 2891 2946 2958 διέκειτο,
2975 2893 3107 2946 ὅπου
3136 2910 3203 2963 γε
3224 2896 3318 2948 καὶ
3347 2895 3501 2948 αὐτοὶ
3523 2895 3580 2949 οἰ

1985 2978 2245 3050 ἄρχοντες
2264 2979 2468 3051 ταύτην
2490 2973 2635 3048 εῐχον
2665 2975 2762 3047 τὴν
2795 2976 3054 3048 γνώμην;
3091 2977 3148 3031 Ὀ
3179 2976 3312 3047 γοῦν
3342 2978 3571 3051 Νικόδη-

1990 3077 2090 3134 μος
2114 3064 2297 3134 ἄρχων
2325 3063 2490 3126 αὐτὸς
2535 3060 2632 3126 ὢν,
2666 3062 2762 3115 καὶ
2796 3062 2936 3132 μετά
2978 3061 3182 3133 πολλῆς
3211 3062 3315 3132 τῆς
3360 3064 3575 3128 εὐνοίας

1989 3146 2126 3218 πρὸς
2156 3146 2319 3201 αὑτὸν
2338 3145 2510 3200 ἐλθὼν
2532 3146 2627 3199 καὶ
2655 3144 2848 3210 εἰπὼν,
2871 3143 3129 3214 Οἴδαμεν
3159 3144 3250 3198 ὅτι
3277 3145 3395 3200 ἀπὸ
3424 3146 3575 3201 Θεοῦ

1985 3227 2295 3296 ἐλήλυθας
2318 3227 2684 3295 διδάσκαλος
2703 3267 2719 3293 ,
2763 3228 2857 3282 τὸν
2896 3227 3024 3298 περὶ
3067 3226 3161 3280 τοῦ
3200 3227 3580 3300 βαπτίσματος

1986 3313 2089 3365 οὐκ
2130 3311 2373 3383 ἠδυνήθη
2428 3311 2683 3379 δέξασθαι
2732 3310 2910 3380 λόγον,
2970 3308 3152 3380 πολλῷ
3204 3309 3427 3381 μείζονα
3473 3312 3574 3382 τῆς

1988 3396 2272 3461 ἀσθενείας
2300 3395 2432 3450 ὄντα
2467 3396 2567 3467 τῆς
2600 3396 2809 3449 ἐκείνου
2836 3412 2850 3426 ·
2878 3394 3126 3458 εἰπόντος
3167 3394 3278 3466 γὰρ
3318 3395 3410 3449 τοῦ
3439 3397 3573 3467 Χριο

1991 3477 2141 3544 στοῦ,
2176 3480 2259 3533 ὅτι
2290 3482 2401 3534 Ἂν
2422 3478 2508 3549 μή
2531 3497 2620 3546 τις
2637 3477 2901 3548 γεννηθῇ
2925 3477 2995 3544 ἐξ
3022 3477 3364 3542 ὕδατοςκαὶ
3388 3480 3573 3533 πνεύ-

1983 3580 2194 3632 ματος,
2228 3565 2300 3618 οὺ
2330 3562 2581 3617 δύναται
2606 3562 2755 3616 ἰδεῖν
2777 3560 2893 3631 τὴν
2911 3562 3243 3628 βασιλείαν
3263 3560 3370 3616 τοῦ
3402 3563 3570 3617 Θεοῦ·

1989 3648 2162 3712 οὕτως
2212 3648 2295 3712 εἰς
2339 3645 2688 3720 ἀνθρωπίνας
2717 3655 2745 3680 ⁸
2791 3645 3094 3701 κατέπεσεν
3154 3646 3429 3711 ὑπονοίας,
3482 3647 3575 3700 καί

1991 3748 2160 3803 φησι,
2189 3728 2323 3798 Πῶς
2353 3730 2603 3785 δύναται
2634 3729 2944 3798 ἅνθρωπος
2978 3729 3344 3799 γεννηθῆναι
3386 3729 3577 3801 γέρων

1992 3815 2114 3879 ὤν;
2139 3813 2225 3884 μὴ
2247 3814 2496 3869 δύναται
2531 3816 2619 3879 είς
2640 3812 2756 3882 τὴν
2792 3814 3026 3867 κοιλίαν
3054 3811 3167 3882 τῆς
3207 3814 3435 3883 μητρός
3469 3817 3575 3869 αὑ-

1993 3896 2096 3952 τοῦ
2122 3896 2404 3967 δεύτερον
2420 3896 2738 3962 εἰσελθεῖν,
2766 3896 2866 3950 καὶ
2892 3895 3255 3967 γεννηθῆναι
3304 3896 3597 3963 ἆνωθεν;.

1993 3982 2058 4035 Τί
2087 3977 2181 4035 οὖν
2204 3984 2232 4034 ὁ
2249 3981 2516 4053 Χριστός;
2545 3983 2616 4035 Εἰ
2637 3979 2708 4033 τὰ
2728 3980 2960 4049 ἐπίγεια
2973 3976 3149 4032 εἷπον
3175 3979 3319 4049 ὑμῖν
3342 3981 3441 4035 καί
3461 3984 3573 4035 οὐκ

1992 4064 2408 4127 ἐπιστεύσατε,
2465 4063 2592 4130 πῶς
2642 4062 2751 4116 ἐὰν
2781 4064 2928 4116 εἵπω
2960 4062 3104 4131 ὑμῖν
3136 4061 3209 4115 τὰ
3250 4062 3593 4130 ἐποιφάνια.

1993 4148 2388 4211 πιστεύσετε;
2434 4145 2714 4217 μονονουχί
2755 4143 3191 4215 ἀπολογούμενος
3234 4146 3329 4198 κοιλ⁹
3377 4144 3574 4213 λέγων,

1994 4230 2138 4294 τίνος
2165 4229 2351 4282 ἕνεκεν
2389 4229 2451 4283 οὑ
2476 4227 2716 4299 συνεχῶς
2746 4229 2930 4290 αὐτοῖς
2959 4228 3088 4298 περὶ
3116 4227 3215 4296 τῆς
3244 4226 3357 4280 ἀνω
3380 4230 3574 4299 γεννή-

1998 4329 2135 4376 σεως
2159 4312 2450 4379 διελέγετο.
2495 4310 2665 4365 Πάλιν
2719 4309 2851 4381 παρ’
2877 4308 3038 4362 αὐτὸν
3074 4308 3169 4363 τοῦ
3219 4309 3454 4382 σταυροῦ
3483 4311 3575 4365 τὸν

1997 4396 2187 4469 καιρὸν
2216 4396 2354 4467 μετά
2384 4394 2453 4448 τὰ
2476 4394 2646 4467 μυρία
2675 4395 2901 4464 σημεῖα,
2932 4392 3070 4463 μετά
3092 4399 3194 4465 τὴν
3208 4393 3407 4467 πολλὴν
3434 4396 3577 4449 ἐκεί-

1997 4494 2092 4548 νην
2120 4478 2397 4544 ἀπόδειξιν
2446 4480 2546 4548 τῆς
2590 4475 3088 4548 αὐτοῦ-ὼνάμεως,
3154 4478 3243 4531 ἵνα
3293 4478 3445 4550 εἴπῃ,
3490 4478 3574 4533 ὅτι

2001 4563 2266 4631 Ὄψεσθε
2290 4562 2399 4615 τὸν
2428 4560 2564 4615 Υίόν
2594 4559 2701 4614 τοῦ
2719 4558 3032 4629 ἀνθρώπου
3047 4559 3145 4613 ἐπὶ
3169 4557 3288 4614 τῶν
3306 4561 3578 4631 νεφελῶν

1997 4645 2344 4714 ἐρχόμενον,
2373 4645 2473 4699 οὐκ
2494 4641 2734 4713 ἐνεγκὼν
2757 4644 2819 4697 rb
2838 4642 3027 4714 λεχθὲν
3054 4645 3083 4696 ό
3102 4643 3414 4715 ἀρχιερεὺς,
3430 4645 3574 4716 διέρ-

2001 4726 2162 4799 ρηξεν
2187 4727 2354 4781 αὑτοῦ
2383 4726 2451 4781 τὰ
2479 4726 2689 4798 ἱμάτια.
2726 4726 2850 4791 Πῶς
2872 4723 2964 4780 οὖν
2990 4725 3204 4790 τούτοις
3229 4725 3576 4795 διαλέγεσθαι

1999 4809 2129 4875 ἔδει,
2150 4813 2263 4873 τοῖς
2290 4810 2441 4863 οὐδὲν
2462 4810 2571 4864 τῶν
2595 4809 2815 4880 ὑψηλῶν
2839 4809 3094 4881 φέρουσιν
3118 4825 3133 4874 ;
3167 4809 3289 4861 Ὀτι
3312 4809 3420 4880 γὰρ
3438 4809 3575 4872 ὅλως

2000 4893 2101 4946 οὐκ
2137 4888 2258 4946 εἶπέ
2280 4910 2332 4946 τι
2361 4891 2503 4963 μέγα
2522 4892 2617 4946 καί
2650 4891 2853 4963 ὑψηλὸν
2881 4891 3010 4963 περὶ
3038 4890 3258 4955 ἑαυτοῦ,
3281 4892 3341 4944 οὐ
3364 4890 3575 4962 θαυμα-

2003 4968 2129 5030 στδν
2163 4975 2472 5047 ἀνθρώποις
2496 4974 2672 5048 χαμαὶ
2715 4974 3057 5048 συρομένοις,
3102 4975 3197 5031 καὶ
3214 4973 3389 5039 οὕτως
3414 4973 3575 5029 ἀσθε-

2002 5060 2110 5125 νῶς
2132 5059 2368 5131 ἔχουσιν.

2066 5247 2108 5300 δ’
2115 5286 2127 5301 .
2147 5246 2345 5318 Ἤρκει
2364 5245 2463 5317 μέν
2482 5238 2576 5299 οὖν
2601 5243 2694 5298 καὶ
2707 5243 2781 5298 τά
2792 5243 3057 5316 εἰρημένα
3072 5243 3265 5309 δεῖξαι,
3280 5244 3362 5297 ὅτι
3382 5242 3574 5316 αὖτηή

2003 5330 2155 5385 αἰτία
2176 5329 2319 5400 καὶὴ
2343 5327 2617 5401 πρόφασις
2638 5323 2707 5398 ῆν
2722 5327 2821 5398 τῆς
2834 5326 2942 5380 τῶν
2968 5327 3087 5380 τότε
3104 5325 3412 5397 λεγομένων
3428 5327 3577 5380 εὐτε-

2003 5414 2153 5477 λείας
2170 5430 2184 5443 ”
2208 5412 2319 5482 ἐγὼ
2342 5411 2399 5465 δὲ
2438 5411 2535 5464 καὶ
2556 5409 2665 5465 ἀπὸ
2678 5408 2906 5481 θατέρου
2933 5408 3132 5481 μέρους
3147 5409 3305 5463 τοῦτο
3321 5409 3575 5483 πειράσο-

2008 5513 2102 5568 μαι
2128 5494 2353 5566 ποιῆσαι
2370 5492 2623 5564 φανερόν.
2650 5492 2858 5564 ’Ὠσπερ
2879 5492 2987 5563 γὰρ
3006 5491 3203 5556 αὐτοὺς
3217 5490 3386 5547 εἴδετε
3424 5512 3589 5551 σκαν*

2065 5787 2089 5817 ³
2107 5773 2206 5829 Alii
2227 5774 2363 5832 οὗτος
2384 5775 2449 5830 εἰς
2465 5773 2594 5831 ἀνθρ.
