4062 6166
369 325 475 380 761

368 442 584 494 testmn.
609 437 681 494 Ut
722 436 864 493 enim
893 436 941 490 si
968 434 1177 505 quando
1199 447 1445 505 magnum
1476 433 1598 502 quid
1626 441 1680 485 et
1724 429 1951 485 sublime

369 530 782 601 pronunciasset
833 529 1110 594 Christus,
1168 525 1361 580 oticudi
1415 525 1563 589 illos,
1622 521 1948 591 perturbari,

367 624 606 688 resilire,
636 621 943 686 conviciari,
974 635 1036 675 ac
1063 617 1304 689 refugere
1324 617 1548 681 vidistis,
1577 616 1648 670 ita
1675 615 1719 668 si
1740 613 1951 682 quando

369 714 503 783 quid
528 712 731 767 luunile
762 711 1127 781 abiectumque
1156 708 1394 771 dixisset,
1417 709 1710 760 accurrisse
1733 703 1873 768 illos,
1898 710 1953 756 et

369 804 671 860 doctrinam
726 802 1007 857 admisisse
1053 802 1288 854 conabor
1333 797 1637 852 ostendere.
1685 794 1761 850 llli
1807 794 1948 847 enim

370 898 474 968 ipsi
499 898 588 966 qui
619 895 946 957 resiliebant,
970 906 1090 948 cum
1119 908 1301 947 rursus
1322 892 1556 946 diceret:
1590 890 1633 942 A
1660 888 1846 956 nteipso
1869 891 1950 958 fu-

369 990 447 1042 ria
470 986 636 1050 nihil,
660 987 750 1041 sed
772 988 900 1040 sicut
927 985 1093 1038 docuit
1119 1001 1196 1037 me
1231 983 1381 1036 Pater
1405 1000 1542 1036 meus
1571 982 1746 1051 loquor
1773 979 1951 1053 (Joan.

370 1080 403 1133 8
468 1078 587 1148 28).
633 1078 811 1131 Statim
840 1083 1220 1141 accurrerunt,
1251 1082 1303 1129 et
1342 1089 1461 1128 cum
1518 1071 1753 1126 iudicare
1797 1070 1955 1124 vellet

372 1168 707 1237 Evangelista
733 1177 950 1235 propter
979 1165 1262 1219 verborum
1290 1164 1636 1218 humilitatem
1687 1162 1803 1215 illos
1832 1175 1953 1215 cre-

370 1261 606 1325 didisse,
648 1258 896 1312 indicium
924 1256 1170 1324 adjunxit
1195 1256 1410 1316 dicens,
1448 1253 1570 1307 Haec
1600 1253 1687 1306 illo
1721 1252 1953 1320 loquente

368 1352 518 1405 multi
542 1350 862 1404 crediderunt
887 1349 939 1401 in
966 1364 1081 1401 eum
1110 1346 1214 1417 (Ib.
1238 1363 1285 1399 υ.
1316 1345 1407 1413 50)
1431 1363 1442 1397 :
1473 1354 1630 1414 atque
1650 1343 1767 1397 aliis
1789 1342 1953 1413 pluri—

369 1445 468 1497 bus
496 1444 550 1495 in
579 1441 710 1494 locis
762 1441 832 1493 ita
881 1440 1123 1494 evenisse
1152 1438 1572 1505 compcriemus:
1621 1435 1740 1489 ideo
1792 1433 1953 1486 multa

368 1547 515 1602 stupe
556 1531 864 1585 humanitus
894 1529 1224 1599 loquebatur,
1255 1537 1307 1580 et
1333 1539 1518 1580 rursus
1564 1540 1668 1579 non
1714 1524 1957 1577 humani-

369 1634 474 1688 tus,
505 1622 601 1677 sed
631 1631 687 1675 ut
719 1622 878 1675 Deum
901 1619 1145 1685 decebat,
1172 1629 1328 1687 atque
1353 1616 1517 1687 ipsius
1569 1615 1815 1668 nobilitas
1838 1613 1953 1668 exi-

368 1713 546 1782 gebat:
565 1728 686 1766 cum
708 1722 766 1764 ut
783 1711 1083 1764 auditorum
1108 1707 1446 1763 imbecillitati
1471 1721 1529 1760 se
1557 1713 1953 1773 attemperarct,

370 1817 483 1858 tum
528 1812 583 1858 ut
613 1803 915 1871 dogmatum
946 1800 1236 1854 siuecritati
1282 1798 1601 1867 provideret.
1636 1796 1844 1851 Etenim
1889 1812 1955 1851 ne

370 1895 539 1958 forte,
573 1894 618 1947 si
666 1907 880 1960 semper
910 1892 979 1945 ita
1011 1906 1067 1944 se
1112 1889 1627 1958 demitteret,quam
1674 1887 1741 1942 de
1789 1888 1955 1955 ipsius

369 1987 629 2057 dignitate
655 1984 861 2053 concipi
891 1999 985 2052 par
1008 1991 1090 2037 cst
1109 2024 1124 2047 ,
1152 1982 1290 2050 apud
1320 1990 1559 2058 posteros
1586 1979 1768 2049 opinio
1789 1979 1951 2032 lsetlc-

370 2085 540 2140 retur,
574 2089 640 2128 ne
661 2074 807 2127 illam
829 2072 1041 2143 quidem
1086 2080 1287 2141 partem
1319 2072 1581 2141 neglexit,
1614 2070 1706 2125 sed
1747 2070 1953 2124 tametsi

371 2171 484 2221 iure
526 2164 850 2236 prtevidebat
872 2206 887 2231 ,
919 2174 977 2217 ut
1006 2164 1222 2218 minime
1248 2163 1346 2217 sibi
1376 2163 1826 2231 obtemperarent,
1861 2162 1953 2215 sed

369 2257 794 2311 conviciarentur
845 2270 908 2309 ac
950 2256 1242 2319 resilirent,
1292 2255 1431 2309 dixit
1475 2264 1673 2318 tamen,
1721 2268 1842 2308 curn
1899 2262 1957 2309 ut

370 2347 500 2401 illud
549 2346 690 2416 quod
730 2345 981 2412 iudicavit
1026 2346 1414 2412 constitueret,
1462 2354 1572 2400 tum
1633 2356 1692 2403 ut
1734 2361 1948 2401 causam

367 2437 639 2507 aperiret,
669 2437 738 2492 ob
756 2450 914 2506 quam
945 2437 1046 2491 illis
1072 2445 1126 2491 et
1154 2435 1373 2490 humilia
1403 2437 1562 2491 verba
1598 2437 1951 2492 commiscuit:

295 2524 309 2535 ⁵
371 2528 486 2582 haec
538 2526 789 2581 nimirum
841 2535 989 2592 erat,
1031 2526 1169 2596 quod
1218 2526 1483 2581 dictorum
1538 2527 1952 2598 magnitudinem

369 2634 566 2691 capere
593 2620 829 2675 nondum
856 2629 1093 2689 possent.
1121 2619 1190 2674 Et
1209 2634 1338 2675 sane
1365 2620 1465 2675 nisi
1503 2621 1603 2675 hoc
1631 2621 1955 2677 constituere

370 2712 421 2766 in
477 2711 657 2765 animo
703 2709 994 2773 habuisset,
1020 2724 1472 2779 supervacaneum
1504 2709 1690 2766 fuisset
1733 2711 1955 2782 dogma-

370 2812 482 2857 tum
513 2802 820 2858 sublimium
851 2802 1143 2856 doctrinam
1172 2801 1277 2855 illis
1303 2815 1600 2871 proponere
1620 2843 1634 2865 ,
1664 2803 1756 2872 qui
1782 2818 1955 2873 neque

368 2912 529 2952 aures
572 2896 809 2966 praebere
833 2937 849 2964 ,
874 2911 1045 2966 neque
1068 2896 1305 2949 animum
1336 2894 1589 2950 adhibere
1620 2893 1952 2950 voluissent:

366 2990 477 3058 jam
499 3001 628 3043 vero
655 2987 863 3041 tametsi
887 2988 1107 3042 minime
1134 2987 1242 3042 illis
1269 2986 1581 3057 prodesset,
1613 3003 1713 3042 nos
1737 2988 1951 3056 quidem

368 3085 517 3134 terte
561 3077 875 3144 erudiebat,
900 3087 957 3133 et
984 3087 1042 3132 ut
1084 3078 1420 3133 convenienti
1465 3078 1715 3147 opinione
1760 3078 1826 3133 de
1862 3078 1955 3132 illo

369 3171 736 3226 imbueremur
762 3167 1059 3235 efficiebat;
1084 3169 1318 3239 illudque
1338 3168 1686 3239 persuadebat
1714 3169 1766 3224 in
1794 3184 1953 3224 causa

367 3263 555 3329 fuisse,
575 3274 630 3319 ut
648 3263 717 3318 ad
733 3271 929 3317 tantam
946 3262 1294 3316 humilitatem
1312 3262 1604 3317 orationem
1630 3262 1951 3330 traduceret,

364 3356 510 3427 quod
555 3355 895 3410 sublimitatis
951 3369 1135 3410 eorum
1188 3369 1307 3422 quae
1357 3353 1670 3409 dicebantur
1718 3352 1952 3409 nondum

366 3462 595 3517 capaces
614 3456 812 3502 essent.
835 3446 966 3501 Cum
994 3447 1152 3516 igitur
1178 3460 1297 3500 eum
1325 3445 1519 3500 videris
1543 3444 1763 3501 humilia
1786 3446 1950 3516 loqui,

366 3549 441 3592 ne‘
457 3538 523 3593 ad
549 3538 801 3593 essentia:
828 3536 1083 3591 vilitatem
1104 3577 1119 3602 ,
1152 3536 1245 3591 sed
1286 3535 1355 3589 ad
1395 3536 1810 3591 imbecillitatem
1856 3552 1951 3591 au-

366 3629 601 3685 ditorum
630 3629 803 3697 ipsum
829 3641 948 3682 sese
975 3637 1329 3694 attemperare
1356 3635 1500 3695 puta.
1534 3626 1706 3681 Vultis
1749 3634 1804 3682 et
1849 3635 1955 3682 ter-

373 3722 501 3775 tiam
543 3736 758 3776 causam
787 3720 1045 3776 afferam?
1072 3721 1186 3776 Non
1226 3722 1369 3776 enim
1397 3729 1600 3775 tantum
1630 3718 1699 3775 ob
1737 3733 1951 3776 carnem

370 3827 475 3884 qua
540 3813 896 3868 circumdatus
952 3823 1096 3879 erat,
1153 3828 1323 3884 neque
1382 3813 1457 3869 ob
1502 3813 1801 3868 auditorum
1856 3814 1987 3868 im-'

368 3905 743 3968 becillitatem,
772 3905 865 3961 sed
903 3905 1044 3975 quod
1097 3905 1364 3961 auditores
1421 3905 1613 3961 docere
1653 3906 1846 3973 vellet,
1897 3917 1953 3961 ut

369 3996 551 4048 animo
598 3994 834 4050 demisso
862 4003 917 4051 et
954 3994 1139 4049 humili
1181 4004 1389 4061 essent,
1418 3996 1579 4050 multa
1608 3996 1881 4051 humiliter
1899 4006 1953 4052 ct

369 4085 534 4154 gessit
573 4093 629 4139 et
681 4084 848 4140 dixit:
874 4095 1032 4156 atque
1084 4087 1196 4140 lucc
1240 4085 1395 4140 tertia
1424 4101 1608 4141 rursus
1650 4096 1733 4141 est
1768 4102 1946 4141 causa.

370 4174 503 4229 Nam
532 4176 621 4246 qui
651 4176 922 4231 humiliter
945 4177 1143 4232 sentire
1169 4175 1325 4232 docet
1344 4218 1359 4241 ,
1386 4191 1493 4230 non
1515 4177 1691 4233 verbis
1723 4188 1946 4243 tantum,

371 4264 471 4318 sed
504 4275 557 4320 et
602 4265 755 4320 factis
793 4267 858 4320 ad
903 4266 1009 4321 hoc
1050 4282 1148 4321 nos
1184 4267 1388 4332 erudit,
1415 4281 1662 4322 sermone
1709 4268 1867 4323 simul
1897 4280 1948 4324 et

372 4369 535 4425 opere
555 4355 873 4411 modestiam
894 4373 1002 4426 prae
1028 4373 1095 4412 se
1108 4359 1304 4413 ferens.
1338 4357 1532 4412 Discite
1555 4359 1697 4414 enim
1717 4401 1733 4426 ,
1756 4360 1945 4429 inquit,

373 4464 406 4500 α
432 4463 528 4514 me,
555 4449 676 4519 quia
699 4449 836 4503 mitis
864 4465 975 4503 sum
996 4457 1041 4503 et
1062 4448 1267 4504 htnnilis
1290 4449 1443 4504 corde
1471 4449 1681 4521 (Matth.
1715 4452 1801 4505 Η.
1830 4448 1945 4516 29),

373 4547 428 4594 et
451 4540 579 4593 alibi
599 4554 783 4595 rursus
802 4581 817 4602 ,
844 4539 1011 4594 Filius
1038 4541 1254 4595 hominis
1279 4557 1380 4594 non
1407 4541 1537 4594 venit
1561 4552 1616 4609 ut
1636 4542 1946 4595 ministrare—

374 4642 454 4686 ων
498 4632 576 4697 ei,
630 4632 719 4687 sed
773 4642 828 4686 ut
862 4633 1166 4687 ministraret
1209 4631 1320 4702 (Id.
1349 4632 1439 4687 20.
1496 4630 1612 4704 28).
1670 4633 1810 4703 Ergo
1860 4631 1948 4703 qui

373 4723 597 4780 docebat
621 4738 719 4780 nos
737 4767 752 4792 ,
783 4733 843 4780 ut
880 4725 1107 4781 humiles
1137 4725 1387 4781 ﬁeremus
1410 4766 1425 4792 ,
1456 4740 1628 4796 neque
1657 4725 1947 4795 principem

375 4818 547 4874 locum
597 4831 818 4889 usquam
863 4832 1279 4889 occuparemus,
1311 4818 1406 4874 sed
1436 4817 1717 4874 inferiores
1757 4818 1946 4888 ubique

375 4911 579 4966 censeri
604 4911 842 4966 contenti
866 4925 1137 4976 essemus,
1167 4926 1230 4966 ac
1259 4911 1436 4967 verbis
1461 4910 1721 4982 factisque
1761 4924 1859 4966 nos
1882 4910 1949 4965 ad

376 5001 474 5056 hoc
520 5000 811 5067 incitabat,
844 5001 893 5056 ei
939 5003 1123 5057 multa:
1175 5001 1524 5073 suppetebant
1576 5002 1849 5058 humiliter
1875 5001 1951 5056 lo-

375 5093 564 5162 quendi
593 5094 921 5149 occasiones.
949 5094 1099 5150 Licet
1121 5103 1176 5150 et
1202 5103 1443 5165 quartam
1470 5094 1710 5165 proferre
1734 5104 1949 5150 causam

377 5185 538 5241 nihilo
565 5184 870 5241 inferiorem
909 5185 1117 5241 allatis:
1145 5201 1386 5256 qumnam
1432 5195 1515 5240 est
1551 5185 1641 5240 illa
1694 5184 1951 5240 tandem?

375 5273 449 5332 Ne
474 5274 611 5332 forte
635 5284 859 5346 propter
887 5291 1131 5347 magnam
1159 5284 1212 5332 et
1240 5277 1553 5331 immensam
1581 5275 1948 5347 hypostasium

377 5366 816 5437 propinquitatem
852 5381 950 5422 nos
981 5367 1032 5419 in
1062 5366 1217 5421 unius
1250 5380 1492 5437 persona:
1520 5367 1829 5436 opinionem
1863 5366 1950 5420 in-

373 5451 669 5506 cidoremus
688 5468 711 5505 :t
724 5452 823 5505 etsi
840 5452 983 5505 enim
1008 5466 1129 5505 raro
1141 5452 1244 5506 tale
1263 5451 1388 5521 quid
1402 5451 1612 5513 dixerit,
1633 5450 1743 5520 jam
1767 5452 1819 5503 in
1833 5465 1950 5505 eam

379 5544 608 5598 nonnulli
637 5543 867 5613 prolapsi
900 5556 1027 5599 sunt
1062 5543 1408 5614 impietatem.
1437 5541 1701 5598 Sabeliius
1739 5541 1950 5612 quidem

375 5643 517 5692 certe
545 5636 671 5692 Afer
685 5652 804 5692 cum
826 5636 1090 5693 dicentem
1118 5637 1384 5704 audisset,
1417 5636 1524 5708 Ego
1549 5646 1595 5691 et
1616 5636 1955 5709 Pater_umtm

375 5745 542 5785 sumus
586 5730 760 5804 (Joau.
808 5729 894 5785 10.
942 5730 1055 5800 50),
1088 5740 1174 5800 ct,
1217 5730 1337 5785 vidit
1374 5747 1468 5795 me,
1520 5731 1622 5800 Qui
1670 5731 1790 5785 vidit
1840 5729 1952 5783 Pa-

1187 321 1277 378 DE
1315 314 1960 379 CONSUBSTANTIALI,
2003 312 2272 371 CONTRA
2314 312 2686 372 ANOMGZOS.
2730 313 2842 370 γυ.

3540 316 3653 373 Ἶϐἓ

2056 436 2181 481 trem
2208 426 2385 499 (Joan.
2424 428 2506 483 Η.
2540 427 2618 491 9).
2661 444 2726 483 ex
2760 429 2860 484 hac
2892 429 3177 484 verborum
3213 429 3604 501 propinquitate
3625 474 3642 498 ,

2060 526 2161 588 qua
2212 520 2277 574 ad
2323 521 2627 590 genitorem
2668 519 2924 576 accedere
2972 520 3267 585 videbatur,
3313 521 3662 578 occasionem

2063 609 2351 679 impietatis
2400 610 2619 680 arripuit
2639 623 2660 675 ,’
2685 611 2754 665 ita
2806 623 2861 667 ut
2890 626 3049 666 unam
3098 616 3217 667 esse
3264 618 3547 682 personam
3595 619 3662 667 et-

2065 701 2392 771 hypostasim
2415 712 2573 755 unam
2596 712 2856 757 censeret.
2881 703 3061 775 Neque
3084 715 3211 758 vero
3231 704 3358 759 solae
3380 706 3505 759 sum
3532 705 3649 760 isne

2059 806 2256 855 causae,
2289 791 2385 846 sed
2409 808 2475 847 ne
2503 792 2622 862 quis
2652 809 2773 847 eum
2820 794 3042 863 primam
3074 794 3218 849 illam
3255 804 3309 850 et
3354 794 3645 865 ingenitam

2061 900 2180 940 esse
2205 885 2553 940 substantiam
2575 888 2940 955 arbitraretur,
2968 897 3061 943 aut
3087 889 3343 960 majorem
3368 891 3662 961 suoipaius

2060 975 2301 1043 genitore
2329 984 2611 1030 censeret:
2644 991 2763 1029 nam
2793 987 2849 1031 et
2883 979 2983 1032 hoc
3014 978 3184 1048 ipsum
3230 980 3471 1036 timuisse
3513 981 3650 1036 Patr»

2063 1065 2172 1118 lum
2201 1074 2455 1136 apparet,
2489 1082 2556 1121 ne
2582 1067 2699 1136 quis
2743 1067 2880 1122 forte
2932 1068 3034 1123 hoc
3075 1070 3292 1139 impium
3324 1077 3653 1142 pravumque

2062 1157 2254 1227 dogma
2305 1159 2686 1226 suspicaretur.
2736 1158 2895 1216 Certe
2950 1176 3072 1215 cum
3127 1161 3375 1218 dixisset:
3435 1160 3665 1234 Oportet“

2060 1251 2194 1304 enim
2232 1251 2375 1305 illum
2406 1269 2645 1322 regnare,
2675 1252 2832 1306 donec
2860 1263 3012 1321 ponat
3040 1255 3270 1309 inimicos
3313 1254 3403 1309 sub
3442 1255 3667 1325 pedibus.

2022 1353 2031 1363 '
2063 1342 2107 1412 (l
2126 1384 2140 1397 .
2166 1341 2282 1396 Cor.
2312 1344 2397 1398 15.
2421 1344 2512 1399 25.
2541 1354 2586 1397 ct
2613 1343 2704 1414 27)
2734 1362 2746 1397 :
2776 1354 2831 1400 et
2858 1345 3183 1410 addidisset,
3218 1348 3404 1403 Omnia
3442 1349 3665 1421 subjecit

2062 1434 2153 1487 sub
2197 1433 2407 1504 pedibus
2435 1438 2545 1506 ejus
2564 1477 2578 1501 ,
2609 1436 2878 1505 adiunxit,
2918 1436 3114 1492 Praeter
3137 1456 3282 1506 eum,
3311 1444 3399 1511 qui
3443 1442 3667 1511 subjecit

2062 1520 2139 1579 illi
2159 1528 2331 1579 omnia
2350 1543 2369 1580 :
2396 1543 2499 1581 non
2531 1528 2716 1598 utique
2749 1527 3095 1598 adjuncturus
3113 1572 3126 1595 ,
3162 1529 3263 1586 nisi
3290 1532 3557 1588 timuisset
3585 1549 3672 1587 ne:

2059 1633 2158 1686 qua
2194 1616 2329 1672 forte
2356 1618 2613 1673 diabolica
2660 1619 2780 1672 talis
2829 1621 3089 1675 sententia
3135 1618 3453 1677 exoriretur.
3495 1622 3650 1694 Saepe

2061 1722 2269 1776 quoque
2299 1708 2424 1762 dum
2460 1708 2773 1763 Judworum
2804 1709 3053 1764 invidiam
3081 1708 3239 1775 lenit,
3269 1711 3337 1767 de
3368 1713 3650 1768 verborum

2060 1800 2385 1855 sublimitate
2442 1801 2686 1856 nonnihil
2746 1801 3005 1866 remittit,
3059 1812 3115 1856 ut
3166 1819 3351 1859 eorum
3392 1806 3481 1874 qui
3532 1820 3671 1860 cum.

2062 1892 2177 1960 ipso
2215 1893 2729 1958 sermocinabamur,
2758 1894 3044 1963 suspicioni
3072 1894 3362 1952 satisfaciat
3396 1916 3409 1950 :
3444 1898 3501 1953 ut
3531 1914 3665 1955 cum.

2060 1983 2134 2034 ait
2163 2000 2174 2034 :
2208 1974 2270 2036 Si
2311 2000 2401 2053 ego
2430 1983 2770 2037 testimonium
2814 1984 3047 2051 per/tilica
3077 1984 3139 2037 de
3181 1987 3401 2057 meipso,
3427 1990 3649 2044 testiu'wv

2061 2074 2202 2126 nium
2224 2091 2385 2127 meum
2404 2091 2505 2129 non
2526 2084 2598 2129 est
2623 2091 2794 2130 verum
2813 2075 2992 2146 (Joan.
3018 2078 3070 2132 5.
3096 2076 3206 2150 ‘51).
3231 2079 3364 2143 Nam
3392 2090 3449 2135 ut
3464 2099 3665 2138 eorum.-

2060 2165 2417 2233 suspicionem
2469 2166 2771 2234 rel'elleret,
2800 2168 2871 2222 ita
2914 2167 3047 2222 dixit
3086 2186 3098 2223 :
3155 2186 3328 2240 neque
3375 2172 3517 2227 enim
3548 2177 3647 2229 hoc

2059 2265 2243 2312 v‘erum
2277 2273 2379 2313 non
2406 2274 2525 2314 csse
2555 2259 2719 2313 voluit
2760 2258 3028 2325 indicare,
3059 2262 3182 2330 quin
3209 2263 3382 2330 potius
3402 2306 3417 2330 ,
3452 2274 3506 2317 ut
3555 2281 3667 2321 vos.

2060 2349 2391 2403 arbitramini
2441 2359 2495 2404 et
2544 2349 2920 2418 suspicamini,
2953 2351 3155 2421 inquit,
3186 2366 3310 2407 cum
3356 2354 3652 2411 menoiltis

2064 2440 2298 2510 recipere
2325 2438 2393 2496 de
2420 2456 2505 2496 me
2529 2441 2646 2510 ipso
2671 2441 2831 2496 verba
2856 2439 3161 2497 facientem.

2130 2534 2182 2589 5.
2225 2533 2293 2587 Et
2317 2542 2445 2588 vero
2470 2533 2651 2604 plures
2678 2533 2798 2588 alia:
2826 2534 3051 2604 reperiri
3088 2548 3265 2591 causae.
3297 2548 3514 2607 possent
3545 2555 3559 2590 :
3590 2522 3652 2594 ac

2061 2624 2342 2679 verborum
2372 2624 2587 2695 quidem
2632 2623 2948 2680 humilitatis
2988 2626 3181 2682 multas
3222 2627 3376 2684 nobis
3406 2627 3662 2699 proferre

2058 2718 2367 2772 occasiones
2385 2718 2569 2771 liceret
2589 2735 2600 2770 :
2624 2725 2678 2771 at
2704 2725 2760 2771 tu
2785 2716 3091 2787 dogmatum
3113 2717 3673 2776 sublim‘iorum‘alian‘r

2062 2806 2196 2862 ail‘er
2216 2809 2550 2862 occasionem
2576 2817 2777 2878 praeter
2795 2822 2935 2871 eam,
2963 2814 3129 2878 quam’
3150 2807 3406 2867 diximus.
3432 2796 3512 2865 Ea
3531 2822 3658 2866 vero

2062 2898 2193 2962 fuit,
2220 2898 2360 2968 quod
2392 2908 2541 2952 Suam
2580 2890 2733 2954 nobis
2764 2899 2922 2953 vellet
2963 2894 3259 2968 patefacere
3288 2901 3612 2958 nobilitatem
3638 2920 3653 2967 ;

2061 2989 2156 3043 sed
2181 2990 2337 3043 aliam
2366 2989 2558 3043 ali'e'rre
2596 2990 2793 3043 nullam
2839 3004 3047 3059 posses.
3089 2984 3221 3045 Nam
3255 2992 3297 3046 is
3325 2994 3537 3062 quidem
3564 2997 3674 3067 qui.

2062 3098 2285 3152 magnus
2306 3091 2409 3147 est,
2433 3082 2683 3150 exiguum
2714 3081 2911 3151 aliquid
2940 3081 3133 3151 poterit
3155 3082 3222 3137 de
3252 3090 3310 3138 se
3329 3083 3529 3152 dicere,
3557 3102 3658 3142 nec

2061 3173 2226 3227 ullum
2257 3172 2307 3225 id
2336 3173 2536 3225 crimen
2577 3172 2714 3235 erit,
2747 3171 3008 3242 siquidem
3051 3172 3188 3227 iStud
3219 3184 3304 3229 est
3337 3166 3611 3234 modestiae
3640 3199 3672 3234 :-

2060 3255 2104 3310 si
2130 3256 2250 3324 quis
2275 3263 2452 3309 autem
2483 3253 2573 3324 qui
2602 3262 2795 3324 parVus
2824 3254 2911 3317 sit,
2942 3264 3192 3324 magnum
3217 3254 3285 3312 de
3305 3266 3364 3313 se
3387 3260 3657 3330 quidpiam

2060 3348 2221 3404 dicat.
2249 3349 2675 3402 criminationem
2704 3360 2817 3402 non‘
2840 3347 3054 3419 effugiet
3085 3368 3100 3405 :
3127 3356 3209 3405 est
3235 3353 3374 3406 enim
3406 3352 3531 3419 illud
3565 3370 3629 3410 ar

2060 3442 2353 3509 rogantim:
2386 3447 2709 3508 quapropter
2750 3438 3032 3494 sublimem
3062 3440 3278 3511 quidem
3309 3454 3496 3501 omnes
3536 3447 3655 3501 lau.

2059 3528 2280 3590 damus,
2318 3543 2438 3583 cum
2482 3528 2701 3582 humilia
2731 3528 2798 3582 de
2842 3544 2901 3584 se
2927 3530 3121 3586 dixerit
3152 3549 3165 3585 :
3200 3530 3453 3589 humilem
3480 3546 3653 3591 autem

2060 3634 2218 3675 nemo
2243 3620 2512 3686 laudabit,
2547 3621 2590 3677 si
2621 3621 2747 3692 quid
2790 3621 2926 3676 forte
2965 3632 3211 3692 magnum
3253 3625 3321 3680 de
3349 3642 3407 3680 se
3435 3624 3651 3682 tliilerit.

2062 3712 2242 3782 itaque
2267 3712 2325 3767 si'
2344 3713 2512 3767 multo
2542 3711 2763 3767 inferior
2791 3711 2951 3768 Patre
2980 3712 3147 3767 Filius
3173 3724 3334 3778 esset,
3367 3727 3540 3771 tit-vos
3568 3718 3653 3771 di-

2059 3805 2200 3871 citis,
2229 3821 2333 3861 non
2364 3805 2693 3876 oportuisset
2718 3819 2838 3859 eum
2862 3805 3021 3860 verba
3054 3806 3293 3877 proloqui
3319 3848 3332 3871 ,
3362 3816 3427 3863 ex
3463 3810 3655 3880 quibus

2060 3899 2231 3967 ipsmn
2254 3898 2481 3968 genitori
2509 3912 2607 3951 suo
2634 3897 2891 3966 a'qualem
2928 3912 3049 3952 esse
3082 3907 3395 3953 constaret:
3425 3901 3487 3955 id
3509 3906 3652 3957 curm

2060 3991 2377 4059 arrogantiae
2404 3988 2608 4044 fuisset.
2640 3989 2790 4055 Quod
2819 3998 2994 4042 autem
3026 3987 3071 4041 is
3094 3990 3183 4057 qui
3212 3992 3439 4059 genitori
3466 3995 3671 4050 sun‘sit‘

2057 4082 2275 4152 aequalis
2296 4123 2309 4147 ,
2339 4081 2559 4136 humilia
2595 4079 2835 4148 quaedam
2865 4088 2923 4134 ει·
2946 4079 3153 4148 ahjecta
3199 4081 3382 4149 dicat,
3413 4083 3540 4138 nulli
3570 4096 3669 4141 est-

2056 4173 2341 4226 ohnoxium
2396 4156 2832 4241 reprehensioni,
2886 4171 2965 4224 vel
3020 4170 3266 4235 crimini;
3324 4189 3449 4228 cum
3495 4174 3676 4232 l‘aude~

2057 4264 2231 4330 potius
2253 4262 2563 4316 et‘maxima
2587 4260 2724 4315 istud
2751 4261 3104 4315 admiraﬁone
3124 4264 3195 4316 sit
3214 4261 3451 4333 dignum.
3478 4266 3657 4337 Atque

2054 4366 2110 4411 ut
2136 4354 2497 4410 manifestiora
2527 4354 2672 4414 ﬂant.
2701 4370 2819 4421 qua:
2848 4354 3101 4419 dixim’us,
3127 4364 3187 4410 et‘
3221 4357 3535 4429 intelligatis'
3553 4376 3670 4417 vos.

2053 4463 2261 4515 omnes,
2295 4462 2392 4501 nos
2419 4447 2613 4501 divinis
2643 4456 2748 4500 non
2775 4446 3047 4500 adversari
3070 4445 3378 4517 Scripturis,
3408 4462 3506 4522 age
3537 4451 3648 4519 pri-

2056 4555 2193 4593 mam
2220 4554 2502 4594 cansarum
2544 4538 2763 4592 istarum
2785 4580 2798 4602 ,
2823 4553 2956 4608 quas
2984 4539 3256 4594 attulimus
3274 4583 3289 4605 ,
3312 4541 3421 4610 jam
3451 4551 3653 4613 pertra-

2054 4640 2258 4685 ctemus
2279 4673 2292 4693 ,
2326 4639 2384 4684 et
2405 4644 2636 4700 quonam
2666 4629 2718 4683 in
2746 4628 2867 4683 loco
2896 4637 3113 4699 propter
3143 4629 3508 4688 indumentum
3528 4648 3650 4688 car-

2056 4724 2137 4778 uis
2157 4732 2341 4795 aperte
2367 4737 2461 4778 sua
2485 4721 2716 4778 essentia
2742 4720 2999 4778 inferiora
3020 4721 3183 4778 verba
3209 4724 3442 4795 proferat
3461 4733 3649 4781 osten-

2057 4817 2263 4871 damus.
2311 4816 2388 4870 Ac
2426 4815 2469 4869 si
2510 4814 2720 4869 videtur
2758 4813 3056 4870 orationem
3102 4814 3271 4884 ipsam
3320 4814 3374 4869 in
3413 4816 3669 4873 medium.

2056 4909 2401 4973 adducamus,
2428 4921 2535 4977 qua
2561 4916 2762 4977 patrem
2793 4908 2984 4962 oravit.
3010 4905 3116 4964 Sed
3137 4906 3415 4975 attendite,
3442 4923 3681 4978 quaeso,,

2057 4999 2339 5070 diligenter
2366 5015 2382 5054 ι
2411 5014 2523 5053 rem
2567 4998 2709 5054 enim
2751 5014 2965 5052 onmem
2999 4997 3155 5066 paulo
3183 4997 3340 5052 aitius
3368 4999 3674 5067 repetitam.

2058 5093 2215 5146 statui
2240 5106 2476 5146 narrare.
2500 5091 2720 5145 Peracta
2741 5099 2822 5145 est
2842 5091 2968 5145 olim
2990 5106 3162 5153 ctena,
3184 5096 3333 5145 sacra
3359 5089 3447 5146 illa
3467 5102 3645 5160 nocte,

2058 5200 2159 5253 qua
2185 5182 2478 5238 tradendus
2505 5181 2603 5237 fuit
2631 5199 2645 5236 :
2674 5196 2879 5237 sacram
2910 5182 3050 5237 enim
3082 5182 3227 5237 illam
3259 5182 3486 5251 appello,
3518 5184 3663 5254 quia.

2060 5276 2337 5331 innumera
2382 5275 2471 5330 illa
2513 5276 2652 5330 bona
2672 5315 2686 5338 ,
2716 5286 2836 5342 qua:
2882 5274 2935 5327 in
2965 5274 3449 5329 orbemt'er'rartim‘
3480 5272 3668 5332 eﬂ‘usa"

2059 5377 2183 5423 sunt
2204 5408 2219 5430 ,
2255 5366 2461 5420 initium
2495 5365 2617 5419 inde
2652 5363 2939 5419 duxerunt;
2979 5356 3128 5418 Tunc
3157 5363 3323 5433 igitur
3340 5370 3460 5419 c‘um
3486 5364 3650 5422 disci.-

2061 5459 2195 5526 pulis
2234 5456 2477 5511 undecim
2525 5453 3175 5524 proditor‘rertimbebat,
3219 5462 3274 5508 et
3318 5457 3651 5512 comantibus

2057 5548 2163 5602 illis
2191 5547 2264 5600 ait
2289 5545 2552 5612 Christus,
2583 5542 2728 5599 Unus
2755 5552 2822 5597 ea?
2846 5545 2985 5598 vobis
3009 5544 3170 5598 tradet
3197 5560 3274 5599 me
3304 5544 3528 5618 (Hatth'.
3555 5548 3646 5604 26.

2057 5639 2123 5694 ‘21
2150 5638 2189 5708 ).
2224 5637 2420 5693 llurmn
2449 5636 2577 5692 mibi
2610 5640 3066 5692 me‘moresestole
3091 5636 3412 5705 verborum,
3444 5648 3657 5696 meum

2069 5731 2133 5786 ad
2159 5730 2451 5786 orationem
2477 5737 2689 5786 ventum
2714 5727 2890 5796 fuerit,
2916 5744 3017 5800 qua
3046 5727 3110 5783 de
3130 5731 3390 5785 causa-sic
3412 5730 3650 5795 ωηινώ
