4062 6166
344 309 448 360 783

338 422 578 474 dcamus.
611 421 690 473 Ac
728 417 857 472 mihi
898 417 1310 473 sollicitudinem
1354 415 1565 469 Domini
1596 413 1873 468 considera
1905 431 1919 466 :

340 525 442 564 non
468 508 619 575 dixit,
648 508 810 563 Judas
837 524 923 562 me
954 508 1120 561 tradet
1143 549 1160 574 ,
1188 522 1254 560 ne
1275 505 1433 560 editis
1469 504 1798 559 evidentibus
1824 501 1929 557 cri-

341 601 499 654 minis
534 599 743 654 iudiciis
774 599 1217 668 impudentiorem
1269 598 1414 650 illum
1458 595 1708 650 redderet
1747 609 1761 646 :
1805 610 1924 648 eum

336 703 514 748 autem
546 693 635 746 ille
663 693 968 747 Stimulanle
1009 690 1334 746 conscientia
1377 689 1630 752 dixisset,
1662 687 1927 756 Numquid

337 802 427 856 ego
452 803 592 850 sum,
622 784 880 838 Domine?
903 785 972 837 ait
999 785 1106 849 illi,
1129 779 1206 834 Tu
1225 783 1394 837 dixiin
1418 782 1436 851 (
1460 781 1646 834 Matth.
1677 780 1766 834 26.
1793 781 1862 833 23
1883 779 1922 847 ),

337 885 390 929 et
421 891 486 930 ne
519 885 626 928 tum
659 874 873 944 quidem
912 873 1100 928 adduci
1141 873 1343 942 potuit,
1383 881 1441 926 ut
1465 887 1586 926 eum
1617 881 1920 935 accusaret,

336 965 432 1020 sed
466 968 636 1035 ipsum
680 965 907 1020 indicem
953 967 1189 1020 criminis
1234 967 1314 1018 sui
1358 965 1653 1019 constituit.
1698 963 1921 1019 Verum-

338 1067 513 1111 tamen
535 1072 600 1112 ne
618 1058 693 1111 sic
714 1057 926 1127 quidem
951 1059 1139 1112 melior
1157 1058 1350 1124 evasit,
1373 1057 1466 1111 sed
1489 1073 1608 1111 cum
1630 1056 1923 1125 accepisset

337 1149 629 1206 buccellam
673 1151 856 1205 exivit.
887 1151 1016 1204 Cum
1044 1165 1171 1220 ergo
1211 1150 1430 1203 exiisset
1457 1149 1743 1217 assumptis
1767 1148 1922 1201 Jesns

335 1241 608 1310 discipulis
635 1243 746 1308 ait,
783 1241 968 1295 Omnes
1008 1257 1092 1294 vos
1133 1241 1426 1294 scandalum
1468 1240 1723 1309 patiemini
1763 1240 1816 1292 in
1846 1255 1923 1291 me

337 1333 514 1401 (Ibid.
570 1350 618 1387 υ.
675 1332 894 1404 51οὸ4).
940 1333 1222 1387 Renitente
1265 1343 1440 1386 autem
1504 1333 1660 1386 Petro
1721 1347 1782 1385 ac
1835 1331 1918 1384 di-

337 1433 492 1478 cente
514 1465 527 1488 ,
563 1423 672 1476 Etsi
701 1440 870 1477 omnes
895 1424 1228 1477 scamlalizati
1265 1424 1450 1490 fuerint
1469 1464 1484 1486 ,
1526 1439 1616 1492 ego
1646 1438 1920 1490 numquam

335 1507 719 1560 scandalizabor
736 1524 755 1561 :
782 1508 854 1560 ait
882 1521 1065 1560 rursus
1090 1506 1244 1560 Jesns
1279 1524 1290 1558 :
1322 1508 1480 1559 Amen
1507 1507 1617 1558 dico
1643 1507 1751 1572 tibi,
1774 1515 1918 1559 ante-

334 1617 485 1670 quam
509 1601 676 1672 gallus
697 1609 879 1664 cautet,
913 1610 986 1652 ter
1015 1615 1092 1652 me
1119 1599 1337 1669 negabis.
1367 1598 1497 1651 Cum
1529 1609 1702 1651 autem
1736 1614 1918 1653 rursus

333 1693 741 1757 contradiceret,
771 1690 1021 1759 deinceps
1052 1690 1196 1743 illum
1228 1689 1462 1757 reliquit.
1495 1688 1608 1742 Non
1639 1699 1808 1757 potes,
1839 1689 1921 1742 iu-

332 1784 466 1854 quit,
491 1783 670 1837 verbis
693 1782 1019 1851 persuaderi,
1043 1782 1135 1835 sed
1166 1781 1506 1842 contradieis,
1529 1796 1592 1835 ac
1610 1780 1767 1834 rebus
1789 1781 1918 1848 ipsis

333 1875 422 1928 tibi
455 1873 859 1944 persuadebitur
884 1888 986 1925 non
1019 1887 1138 1926 esse
1170 1872 1393 1925 Domino
1424 1870 1913 1925 contradicendum.

335 1967 503 2034 Atque
547 1964 734 2017 horum
786 1963 914 2017 mihi
963 1965 1155 2017 iterum
1211 1977 1478 2017 memores
1522 1971 1691 2016 estote
1727 1963 1917 2016 verbo-

332 2073 446 2110 rum
473 2055 549 2127 (a)
577 2075 588 2109 :
614 2057 757 2112 utilis
778 2057 918 2110 enim
936 2071 1121 2111 eorum
1147 2057 1250 2110 erit
1270 2057 1545 2118 memoria,
1573 2055 1697 2109 dum
1720 2055 1917 2108 oratio—

333 2164 451 2201 nem
485 2148 936 2217 pcrserutabimur
965 2163 978 2199 :
1008 2147 1263 2200 indicavit
1290 2146 1636 2216 proditorem,
1670 2145 1915 2215 prmdixit

327 2243 563 2294 omnium
596 2241 789 2307 fugam,
818 2248 872 2293 et
897 2249 1122 2293 mortem
1152 2255 1301 2293 suam
1335 2254 1348 2291 :
1385 2237 1696 2302 Percutiam,
1719 2239 1911 2306 inquit,

328 2343 596 2401 pastorem,
630 2343 674 2385 et
710 2331 1059 2400 dispergentur
1097 2329 1383 2400 oves(lbid.
1414 2346 1460 2381 υ.
1492 2331 1583 2397 5|)
1607 2347 1618 2382 :
1643 2329 1907 2398 przcdixit,

325 2429 486 2498 quise
503 2428 856 2497 abuegaturus
874 2434 1035 2490 esset,
1061 2435 1113 2480 et
1133 2424 1361 2495 quando,
1378 2434 1430 2478 et
1447 2424 1672 2493 quoties,
1687 2432 1740 2477 et
1759 2438 1915 2477 aecu-

326 2531 437 2574 rate
453 2520 648 2574 omnia.
665 2521 788 2574 Post
803 2519 917 2574 lure
929 2518 1239 2572 utidoneam
1253 2515 1598 2587 praescientite
1614 2514 1912 2569 futurorum

325 2614 507 2667 afferat
527 2612 916 2681 probationem,
936 2625 1056 2664 cum
1080 2609 1144 2663 ad
1163 2609 1339 2662 villam
1358 2607 1638 2676 quamdam
1658 2605 1911 2671 venisset,

325 2715 440 2761 orat
467 2721 478 2758 :
510 2714 562 2758 et
590 2704 666 2757 illi
693 2702 908 2772 quidem
938 2699 1228 2754 divinitatis
1255 2699 1546 2752 orationem
1569 2711 1688 2752 esse
1708 2697 1909 2760 dicunt,

325 2816 422 2854 nos
434 2806 612 2854 autem
631 2813 750 2852 esse
765 2797 990 2850 dicimus
1007 2791 1433 2863 (Ιιερειιεειιίοιιίε.
1457 2790 1482 2845 J
1493 2791 1696 2844 udicate
1713 2790 1910 2858 itaque,

324 2909 384 2947 ac
409 2909 503 2963 per
530 2892 696 2960 ipsius
721 2888 976 2959 unigeniti
1005 2886 1228 2957 gloriam
1272 2886 1340 2938 ita
1389 2883 1705 2937 sententiam
1737 2880 1871 2936 ferte
1893 2919 1908 2945 ,

324 2993 380 3038 ut
408 2983 536 3036 nihil
578 2981 890 3051 cujusquam
932 2978 1116 3048 gratiae
1146 2975 1305 3029 detis.
1351 2973 1481 3027 Nam
1529 2971 1740 3026 tametsi
1771 2970 1911 3039 apud

322 3075 521 3128 amicos
547 3087 762 3126 causam
789 3071 926 3134 dico,
965 3082 1152 3137 precor
1184 3075 1359 3119 tamen
1390 3073 1443 3116 et
1471 3063 1715 3123 obsecro,
1743 3070 1800 3114 ut
1826 3061 1909 3114 in-

323 3174 626 3234 corruptum
660 3162 943 3234 judicimn,
971 3175 1069 3214 nec
1096 3159 1181 3211 vel
1209 3159 1261 3210 in
1282 3155 1503 3224 gratiam
1533 3153 1718 3218 nostri,
1743 3154 1828 3206 vel
1857 3153 1908 3204 in

323 3256 530 3309 illorum
582 3253 766 3308 odium
811 3251 923 3306 ﬁat.
970 3249 1256 3303 Enimvero
1295 3262 1364 3299 ex
1393 3245 1494 3298 hoc
1537 3244 1650 3313 ipso
1680 3243 1910 3296 maxime

321 3356 528 3404 constat
547 3345 845 3400 orationem
867 3341 1158 3396 divinitatis
1186 3353 1290 3392 non
1315 3352 1454 3402 esse,
1483 3337 1621 3390 Deus
1641 3334 1783 3388 enim
1803 3349 1907 3386 non

322 3448 437 3495 orat
467 3458 481 3492 :
512 3438 604 3492 Dei
635 3447 717 3492 est
742 3435 950 3489 adorari
979 3476 993 3496 ,
1031 3433 1125 3487 Dei
1156 3441 1238 3486 est
1277 3430 1571 3484 orationem
1600 3428 1871 3497 suscipere
1890 3467 1906 3493 ,

323 3549 428 3586 non
458 3532 752 3586 orationem
784 3528 995 3583 olferre.
1022 3527 1269 3580 Attamen
1300 3524 1551 3594 quoniam
1574 3522 1910 3591 impudentes

323 3633 465 3688 sunt,
489 3638 554 3676 ex
584 3623 714 3692 ipsis
737 3618 996 3673 orationis
1018 3616 1193 3671 verbis
1213 3615 1551 3669 manifestum
1572 3613 1796 3667 reddere
1813 3627 1908 3666 co-

323 3715 586 3778 nabimur,
606 3721 774 3766 totum
797 3709 926 3763 illud
946 3705 1358 3776 dispensationis
1378 3720 1517 3771 esse,
1535 3719 1598 3758 ac
1618 3703 1907 3759 secundum

321 3821 538 3862 carnem
565 3801 909 3858 infirmitatis.
933 3797 1156 3865 Quando
1180 3797 1322 3851 enim
1351 3795 1553 3849 humile
1583 3793 1709 3864 quid
1740 3794 1912 3864 loqui-

325 3913 408 3953 tur
433 3897 708 3957 Christus,
742 3893 820 3948 sic
862 3891 1063 3946 humile
1092 3889 1325 3958 loquitur
1353 3903 1416 3942 ac
1449 3886 1583 3951 vile,
1617 3895 1674 3940 ut
1702 3901 1908 3941 summa

323 3992 584 4045 dictorum
608 3986 874 4041 humilitas
896 3983 982 4038 vel
1007 3981 1291 4036 admodum
1319 3979 1666 4035 contentiosis
1691 3993 1912 4048 persua-

324 4089 454 4141 dere
479 4091 660 4155 queat,
697 4081 787 4134 illa
816 4078 977 4134 verba
1004 4076 1228 4130 multum
1258 4075 1324 4129 ab
1354 4073 1442 4128 illa
1473 4072 1721 4126 ineffabili
1753 4081 1911 4140 atque

324 4173 664 4232 inenarrabili
705 4170 934 4226 essentia
978 4167 1258 4222 dissidere.
1303 4165 1382 4220 Ad
1440 4165 1552 4234 ipsa
1596 4164 1754 4233 igitur
1791 4178 1912 4216 ora-

325 4269 486 4324 tionis
507 4266 666 4321 verba
695 4263 990 4319 veniamus.
1017 4259 1194 4324 Pater,
1224 4259 1266 4313 si
1296 4258 1530 4328 possibile
1558 4265 1628 4310 est
1647 4297 1663 4322 ,
1691 4264 1911 4309 transeat

323 4382 353 4416 a
377 4380 453 4416 me
475 4361 610 4414 calix
625 4359 735 4412 iste.
773 4355 1124 4410 Verumtamen
1146 4368 1246 4405 non
1267 4351 1392 4403 sicut
1411 4367 1499 4421 ego
1520 4351 1650 4414 volo,
1676 4349 1765 4404 sed
1783 4350 1911 4403 sicut

325 4467 378 4510 tu
405 4451 565 4522 (Ibid.
600 4467 644 4502 υ.
670 4445 798 4518 '59).
845 4446 943 4500 Hic
981 4444 1141 4514 igitur
1188 4457 1282 4496 eos
1319 4443 1726 4511 interrogemus,
1763 4443 1910 4512 igno-

326 4557 476 4600 ratne
503 4585 516 4600 .
548 4555 671 4594 num
704 4537 956 4608 possibile
982 4537 1084 4600 sit,
1114 4543 1204 4588 aut
1241 4534 1603 4604 impossibile,
1633 4535 1720 4602 qui
1754 4535 1910 4603 paulo

323 4645 447 4689 ante
465 4634 602 4687 inter
617 4628 932 4685 cantandum
955 4626 1184 4690 dicebat,
1209 4625 1352 4680 Unus
1372 4643 1435 4680 ea;
1450 4625 1586 4678 vobis
1606 4625 1767 4678 tradet
1790 4641 1866 4677 me
1888 4625 1910 4678 Ξ

324 4726 412 4795 qui
437 4725 591 4795 paulo
618 4731 740 4776 ante
766 4719 995 4783 dicebat,
1025 4716 1288 4787 Scriptum
1317 4712 1714 4782 est,Percutiam
1736 4726 1910 4784 pasto~

325 4836 452 4881 rem,
483 4827 528 4870 et
556 4816 904 4886 dispergentur
930 4827 1041 4864 oves
1065 4852 1079 4875 ,
1109 4819 1180 4872 et,
1218 4810 1403 4862 Omnes
1431 4807 1728 4861 scandalum
1754 4809 1912 4876 patie-

327 4910 447 4962 mini
475 4909 527 4962 iu
571 4907 686 4960 me?
713 4904 801 4973 qui
845 4903 1004 4956 Petro
1030 4901 1183 4962 dixit,
1215 4898 1302 4953 Me
1329 4899 1554 4968 negabis,
1597 4909 1669 4965 et,
1700 4898 1800 4952 Ter
1833 4917 1912 4954 me

326 5003 526 5074 negabis
556 5015 576 5054 :
604 4997 810 5052 hiccine
831 5008 1012 5064 quaiso
1043 5008 1183 5046 nunc
1209 4991 1449 5060 ignorat?
1475 4991 1602 5056 Quis
1632 4991 1732 5046 hoc
1758 4992 1912 5047 dixe-

328 5095 434 5159 rit,
462 5090 851 5162 quantumlibet
878 5086 1157 5140 adversum
1187 5081 1420 5137 sentiat?
1450 5083 1578 5138 Nam
1619 5101 1738 5139 cum
1781 5086 1910 5141 illud

325 5185 538 5255 quidem
563 5224 579 5249 ,
622 5181 763 5253 quod
798 5180 1072 5250 ignoratur
1091 5219 1106 5242 ,
1140 5176 1266 5229 nulli
1297 5190 1466 5243 neque
1497 5176 1910 5246 prophetarum,

329 5285 500 5340 neque
527 5268 859 5339 angelorum,
892 5277 1065 5331 neque
1092 5259 1553 5330 archangelorum,
1587 5273 1770 5314 notum
1799 5261 1915 5317 fue-

330 5364 434 5425 rit,
464 5376 647 5415 ansam
678 5359 906 5427 aliquam
951 5353 1301 5408 contentiosis
1349 5349 1572 5405 fortasse
1602 5353 1862 5421 praebebit
1895 5372 1908 5408 :

327 5470 448 5512 cum
470 5462 644 5506 autem
672 5450 798 5505 illud
823 5447 963 5519 quod
995 5447 1285 5516 ignoratur,
1317 5445 1387 5498 ita
1415 5443 1619 5499 clarum
1649 5455 1702 5499 et
1725 5445 1910 5513 explo-

329 5557 504 5604 ratum
525 5544 771 5598 omnibus
791 5541 966 5605 fuerit,
987 5550 1044 5594 ut
1067 5540 1225 5594 etiam
1254 5539 1496 5592 homines
1516 5548 1761 5593 accurate
1784 5539 1910 5593 illud

334 5637 608 5700 noverint,
640 5650 740 5702 qua
770 5634 1109 5688 excusatione
1130 5675 1143 5696 ,
1176 5647 1277 5702 qua
1307 5632 1462 5686 venia
1499 5630 1642 5700 digni
1678 5632 1908 5698 fuerint,

397 5738 471 5798 (a)
493 5736 576 5785 ltic
595 5732 731 5782 locus
755 5733 803 5781 iu
826 5730 998 5778 Concil.
1021 5739 1070 5777 \‘I
1105 5728 1477 5778 chZicumcnio
1495 5731 1684 5794 citatur,
1712 5741 1810 5783 Act.
1835 5735 1908 5785 to.

1052 305 1108 361 S.
1143 304 1418 360 JOANNIS
1454 301 1936 358 CHRYSOSTOMI
1976 301 2291 357 ARCHIEP.
2333 301 2870 360 CONSTANTINOP.

3513 305 3617 364 7M

2041 413 2129 482 qui
2153 423 2461 468 asseverant
2476 429 2622 480 eum,
2641 417 2781 485 quod
2804 417 3089 486 ignoraret,
3116 417 3213 470 ista
3231 416 3464 472 dixisse?
3481 418 3624 478 Sane

2035 503 2247 572 quidem
2275 503 2412 558 lnmc
2434 505 2500 560 de
2519 521 2625 575 quo
2646 507 2852 576 agimus
2870 522 3169 561 sermonem
3195 510 3209 538 ¹
3233 518 3416 564 exacte
3437 525 3623 568 servos

2036 594 2150 662 ejus
2185 595 2397 650 novisse
2424 596 2622 665 liquet,
2651 609 2704 652 et
2743 615 2836 667 per
2856 614 3068 653 crucem
3112 599 3237 653 illud
3281 602 3619 669 patiendum,

2033 702 2094 739 ac
2141 696 2246 740 tam
2295 689 2478 741 multis
2531 697 2653 744 ante
2691 689 2844 743 annis
2883 689 3070 744 horum
3124 700 3404 760 utrumque
3443 692 3623 748 decla-

2035 792 2157 830 rans
2189 777 2354 830 David
2388 794 2453 830 ex
2484 792 2708 846 persona
2735 777 3192 844 Christi-dicebat,
3227 779 3486 833 Foderunt
3508 798 3620 834 ma-

2031 883 2125 920 nus
2141 885 2295 933 meas,
2315 879 2359 922 et
2381 869 2529 939 pedes
2548 887 2681 923 meos
2702 869 2868 941 (Psal.
2888 872 2978 926 21.
3005 873 3067 924 i7
3086 871 3126 940 ),
3149 882 3202 924 et
3222 872 3360 940 quod
3387 873 3619 927 futurum

2029 970 2143 1012 erat
2171 969 2434 1030 tamquam
2463 964 2790 1032 prteteritum
2829 965 3191 1030 annunciavit,
3228 966 3330 1020 hoc
3365 967 3619 1020 nimirum

2031 1051 2295 1115 indicans,
2330 1053 2776 1122 quemadmodum
2809 1054 2923 1108 ﬁeri
2952 1057 3168 1124 nequit,
3199 1066 3335 1110 utea
3364 1073 3484 1126 quae
3507 1057 3616 1126 jam

2027 1155 2320 1200 evenerunt
2344 1148 2476 1200 facta
2497 1163 2601 1200 non
2626 1146 2821 1202 fuerint
2839 1150 2880 1213 ³,
2900 1148 2974 1202 sic
2997 1163 3094 1202 nec
3115 1164 3270 1218 posse
3290 1148 3422 1214 fieri,
3444 1159 3500 1204 ut
3514 1150 3620 1205 hoc

2026 1251 2130 1289 non
2155 1237 2377 1291 accidat.
2403 1237 2605 1291 Rursus
2627 1239 2845 1292 llesaias
2881 1238 2981 1292 hoc
3002 1238 3168 1308 ipsum
3194 1239 3486 1308 prasdicens
3506 1241 3620 1293 aia

2025 1329 2113 1383 bat
2136 1371 2150 1393 ,
2185 1329 2328 1384 Sicut
2353 1333 2456 1384 ovis
2481 1332 2547 1383 ad
2568 1331 2864 1384 occisionem
2888 1331 3066 1384 ductus
3090 1343 3159 1385 est
3182 1371 3198 1395 ,
3223 1342 3268 1385 et
3301 1334 3424 1386 sicut
3453 1350 3616 1403 agnus

2024 1436 2194 1472 coram
2223 1423 2458 1474 tondente
2483 1438 2536 1476 se
2583 1431 2753 1476 mutus
2793 1422 2811 1493 (
2835 1421 3008 1476 Hesai.
3037 1423 3217 1487 55.7).
3253 1423 3401 1478 llunc
3430 1439 3617 1478 rursus

2023 1527 2216 1583 agnum
2242 1529 2470 1570 cernens
2495 1515 2731 1570 Joannes
2756 1515 2910 1583 dixit,
2940 1515 3073 1570 Ecce
3097 1533 3261 1586 agnus
3285 1517 3383 1571 Dei
3407 1520 3492 1588 qui
3512 1520 3614 1572 tal-

2023 1604 2079 1657 lit
2100 1614 2358 1672 peccatum
2386 1606 2563 1659 mundi
2591 1605 2779 1678 (Joan.
2811 1609 2862 1661 l.
2889 1605 3030 1679 29),
3061 1609 3152 1663 ille
3193 1609 3447 1663 nimirum
3478 1627 3616 1679 pra:-

2023 1695 2196 1748 dictus
2217 1735 2232 1760 ,
2269 1696 2463 1766 inquit.
2499 1697 2577 1752 Ac
2618 1698 2739 1752 vide
2763 1738 2779 1765 ,
2812 1715 2916 1753 non
2963 1699 3277 1769 simpliciter
3303 1701 3500 1755 dictum
3530 1712 3616 1757 est

2021 1799 2224 1854 agnus,
2256 1785 2353 1840 sed
2385 1789 2623 1842 additum
2669 1801 2785 1855 est,
2819 1791 2931 1845 Dei.
2962 1790 3092 1845 Nam
3123 1793 3370 1860 quoniam
3399 1801 3454 1847 et
3477 1795 3616 1849 alter

2021 1885 2134 1928 erat
2157 1891 2326 1945 agnus
2351 1877 2623 1946 Judaieus,
2656 1888 2713 1934 ut
2745 1881 2885 1936 hunc
2910 1897 3030 1938 esse
3057 1884 3149 1938 Dei
3175 1884 3504 1952 ostenderet,
3533 1886 3614 1941 sic

2020 1965 2266 2035 loquutus
2291 1979 2391 2023 est.
2437 1969 2529 2023 llle
2560 1985 2656 2039 pro
2695 1973 2804 2025 Sola
2836 1981 2992 2042 gente
3021 1973 3362 2042 oﬂ‘erebatur,
3399 1975 3487 2030 hic
3515 1991 3614 2044 pro

2022 2067 2132 2113 toto
2161 2070 2420 2116 terrarum
2451 2064 2579 2118 orbe
2611 2065 2711 2118 fuit
2750 2066 2960 2120 oblatus
2992 2083 3005 2119 :
3035 2078 3195 2136 atque
3223 2067 3365 2122 illius
3393 2069 3610 2138 quidem

2019 2151 2234 2220 sanguis
2262 2155 2592 2222 corporalem
2638 2156 2842 2225 plagam
2885 2157 3152 2226 prohibuit
3187 2173 3216 2211 a
3245 2157 3476 2223 Judzeis,
3508 2159 3610 2213 hu-

2015 2243 2106 2311 jus
2136 2260 2262 2299 vero
2302 2248 2518 2316 sanguis
2563 2251 2928 2318 purgationem
2972 2251 3086 2304 orbi
3124 2252 3295 2304 attulit
3335 2252 3607 2306 universo.

2019 2336 2087 2390 Et.
2119 2352 2244 2391 vero
2277 2337 2362 2392 hic
2395 2341 2644 2409 sanguis,
2674 2340 2877 2395 Judaici
2903 2383 2917 2407 ,
2951 2341 3203 2412 inquam,
3229 2343 3384 2413 agni,
3410 2359 3513 2399 non
3540 2363 3604 2401 ex

2019 2439 2112 2479 sua
2155 2428 2325 2496 potuit
2363 2439 2584 2495 natura,
2618 2431 2760 2500 quod
2796 2433 3003 2502 potuit,
3032 2434 3126 2489 sed
3160 2436 3410 2506 quoniam
3449 2437 3608 2507 hujus

2015 2526 2131 2570 erat
2159 2517 2344 2587 figura,
2377 2520 2482 2573 vim
2509 2521 2651 2575 illam
2679 2521 2926 2577 obtinuit.
3019 2583 3021 2586 1

2087 2608 2140 2660 6.
2178 2609 2274 2663 Ubi
2301 2623 2422 2664 sunt
2454 2612 2609 2680 igitur
2637 2613 2729 2678 illi,
2760 2616 2846 2684 qui
2873 2615 3086 2682 dicunt,
3115 2626 3169 2671 et
3203 2617 3292 2671 ille
3319 2617 3485 2671 Filius
3515 2618 3607 2672 di-

2016 2700 2176 2765 citur,
2206 2711 2257 2754 et
2280 2718 2376 2755 nos
2402 2704 2513 2771 lilii,
2539 2714 2590 2757 et
2615 2705 2685 2758 ob
2711 2705 2848 2759 hanc
2873 2709 3245 2777 appellationis
3265 2711 3604 2765 communio-

2017 2805 2137 2844 nem
2164 2791 2229 2844 ad
2264 2803 2495 2847 nostram
2529 2793 2550 2824 ³
2576 2804 2838 2849 conantur
2881 2813 3004 2851 eum
3043 2797 3273 2867 dejicere
3311 2801 3607 2856 vilitatem?

2017 2883 2155 2938 Ecce
2186 2900 2416 2954 namque
2450 2902 2652 2956 agnus,
2697 2897 2751 2942 et
2777 2904 2974 2959 agnus,
3015 2900 3173 2960 atque
3200 2909 3360 2946 unum
3389 2894 3602 2961 quidem

2015 2984 2100 3030 est
2128 2991 2344 3041 nomen,
2374 2977 2648 3049 utriusque
2674 2995 2799 3034 vero
2829 2993 3031 3036 natura:
3061 2983 3345 3038 discrimen
3378 2985 3606 3041 immen-

2014 3083 2153 3121 sum.
2183 3068 2256 3123 Ut
2281 3085 2407 3139 ergo
2430 3085 2549 3124 eum
2575 3073 2942 3142 appellationis
2969 3075 3074 3129 illic
3099 3075 3250 3130 audis
3271 3079 3606 3133 communico

2015 3173 2168 3224 nem,
2213 3159 2346 3214 nihil
2387 3162 2595 3230 aequale
2631 3174 2810 3217 mente
2846 3165 3118 3233 concipis:
3153 3166 3221 3218 ita
3262 3167 3507 3222 nimirum
3550 3178 3607 3224 et

2017 3249 2130 3313 hic,
2165 3249 2290 3304 dum
2329 3251 2492 3306 lilium
2527 3253 2679 3306 audis
2717 3263 2771 3308 et
2809 3253 3003 3319 filium,
3043 3256 3147 3308 noli
3177 3257 3501 3324 unigenitum
3532 3259 3605 3314 ad

2014 3341 2267 3394 vilitatem
2300 3351 2441 3396 tuam
2471 3343 2789 3413 deprimere.
2820 3345 2956 3410 Quid
2989 3361 3112 3400 vero
3140 3346 3207 3401 de
3231 3348 3399 3402 servis
3421 3348 3604 3404 dicen—

2014 3433 2139 3486 dum
2169 3434 2288 3488 est?
2315 3435 2369 3488 Si
2406 3437 2550 3489 enim
2590 3436 2884 3490 divinitatis
2912 3439 2980 3492 sit
3017 3440 3221 3505 oratio,
3265 3454 3448 3494 secum
3487 3441 3604 3510 ipse

2015 3540 2250 3593 pugnare
2279 3526 2564 3591 videbitur,
2589 3527 2794 3598 sibique
2815 3529 3200 3592 contradicere,
3227 3540 3280 3584 et
3306 3532 3600 3587 adversari.

2015 3613 2118 3668 lste
2148 3616 2288 3668 enim
2330 3616 2418 3686 qui
2464 3617 2565 3671 hoc
2607 3617 2727 3672 loco
2767 3618 2926 3686 dixit,
2977 3619 3132 3673 Pater
3159 3623 3202 3674 si
3229 3622 3464 3690 possibile
3489 3632 3598 3689 est,

2015 3715 2234 3760 transeat
2260 3723 2291 3759 a
2317 3724 2396 3760 me
2423 3708 2558 3761 calix
2585 3709 2677 3762 iste
2706 3709 2724 3778 (
2745 3709 2930 3762 Matth.
2960 3709 3050 3765 26.
3083 3711 3173 3780 59)
3203 3730 3216 3765 :
3246 3712 3442 3782 quique
3466 3727 3601 3766 cun-

2013 3808 2207 3859 ctatur.
2237 3814 2298 3852 ac
2321 3797 2517 3868 refugit
2547 3801 2869 3869 passionem,
2893 3801 3016 3854 alibi
3044 3816 3163 3854 cum
3189 3801 3413 3857 dixisset
3439 3819 3601 3873 opor-

2016 3898 2131 3943 tere
2159 3889 2320 3943 lilium
2364 3889 2596 3945 hominis
2635 3889 2803 3955 tradi,
2841 3900 2895 3945 et
2929 3890 3148 3961 ﬂagellis
3176 3892 3340 3958 caedi,
3370 3909 3600 3964 cumque

2011 3984 2232 4039 Petrum
2257 3987 2526 4040 dicentem
2553 3986 2838 4041 andiisset.
2879 3985 3148 4054 Propitius
3182 3987 3281 4040 tibi
3307 3997 3441 4052 esto,
3480 3987 3594 4043 Do—

2013 4079 2184 4130 mine:
2214 4095 2314 4130 non
2339 4079 2440 4130 erit
2472 4077 2566 4130 tibi
2594 4077 2712 4140 hoc,
2751 4078 2824 4130 ita
2849 4079 3200 4132 vehementer
3232 4079 3384 4134 illum
3413 4081 3598 4138 inere-

2013 4167 2179 4236 pavit,
2209 4175 2266 4219 ut
2295 4167 2530 4221 diceret:
2583 4166 2721 4220 Vade
2745 4175 2862 4236 post
2892 4183 2992 4230 me,
3023 4165 3250 4232 Satana,
3279 4173 3597 4224 scandalum

2011 4276 2065 4314 es
2095 4259 2258 4320 mihi;
2290 4259 2415 4326 quia
2441 4276 2546 4312 non
2567 4261 2709 4325 sapis
2733 4275 2816 4322 ea,
2842 4275 2958 4328 qua:
2986 4258 3079 4312 Dei
3099 4272 3244 4321 sunt,
3275 4261 3365 4314 sed
3389 4279 3449 4314 ea
3477 4280 3598 4332 qua:

2012 4349 2283 4404 hominum
2317 4349 2511 4421 (Marc.
2538 4352 2589 4406 8.
2613 4352 2703 4417 53;
2731 4350 2927 4406 Matth.
2961 4351 3050 4405 16.
3082 4353 3172 4405 22.
3204 4353 3339 4423 25):
3378 4355 3598 4412 tametsi

2016 4437 2172 4506 paulo
2195 4446 2319 4491 ante
2347 4437 2519 4506 ipsum
2546 4438 2885 4504 laudaverat,
2915 4440 3237 4509 beatumque
3264 4441 3596 4509 praedicarat,

2017 4528 2364 4582 nihilominus
2392 4529 2643 4582 Satanam
2670 4545 2790 4583 eum
2823 4532 3052 4595 vocavit,
3086 4548 3189 4585 non
3217 4533 3357 4601 quod
3384 4543 3600 4603 aposto-

2018 4622 2124 4674 lum
2160 4622 2446 4690 ignominia
2487 4623 2643 4676 vellet
2673 4623 2920 4688 af‘fieere,
2966 4624 3058 4681 sed
3087 4625 3225 4693 quod
3260 4625 3360 4679 hoc
3403 4627 3601 4695 probro

2015 4721 2236 4782 Cuperet
2267 4711 2524 4776 indicare,
2555 4729 2659 4767 non
2686 4729 2750 4767 ex
2782 4714 2945 4767 animi
2973 4715 3089 4784 ejus
3110 4717 3371 4770 sententia
3399 4716 3598 4770 dictum

2018 4803 2143 4857 illud
2174 4803 2435 4870 prolatum
2464 4802 2656 4866 fuisse,
2694 4804 2786 4858 sed
2811 4804 2945 4860 adeo
2973 4808 3239 4872 alienum,
3270 4808 3440 4878 utqui
3473 4809 3604 4864 illud

2020 4893 2318 4962 protulerit,
2353 4895 2478 4948 licet
2506 4896 2690 4949 Petrus
2719 4905 2880 4962 esset,
2911 4896 3160 4951 Satanam
3190 4915 3292 4952 nou
3317 4899 3601 4955 dubitave-

2019 4987 2088 5040 rit
2111 4987 2400 5054 appellare.
2425 4986 2562 5040 Alibi
2586 5001 2770 5040 rursus
2799 4988 2891 5052 ait,
2924 4987 3187 5043 Desiderio
3211 4989 3488 5045 desideravi
3509 4992 3605 5045 hoc

2020 5078 2224 5132 Pascha
2250 5080 2556 5132 manducare
2583 5080 2834 5133 vobiscum
2875 5080 3039 5151 (Luc.
3069 5083 3157 5136 22.
3186 5083 3305 5154 l5).
3339 5084 3505 5151 Quam
3534 5086 3605 5141 ob

2018 5184 2234 5223 causam
2276 5170 2368 5222 hoc
2410 5168 2612 5222 Pascha
2640 5171 2806 5224 dicit?
2845 5173 3055 5227 tametsi
3085 5175 3188 5228 alio
3218 5191 3427 5244 quoque
3466 5185 3604 5231 tem-

2021 5276 2150 5329 pore
2191 5262 2381 5314 festum
2420 5261 2561 5315 istud
2601 5277 2720 5315 cum
2764 5263 2891 5331 ipsis
2927 5267 3165 5334 peregit:
3199 5283 3356 5336 quam
3388 5267 3604 5321 tandem

2018 5353 2087 5406 ob
2113 5353 2367 5407 causam?
2405 5353 2666 5420 Quoniam
2711 5354 2841 5408 illud
2883 5367 3168 5424 sequutura
3207 5373 3335 5412 crux
3368 5367 3502 5412 erat.
3537 5358 3607 5412 Et

2019 5461 2204 5500 rursus
2223 5488 2237 5512 ,
2269 5445 2427 5498 Pater
2457 5446 2685 5515 clari/ica
2713 5445 2904 5500 Filium
2936 5458 3104 5516 tuum,
3134 5460 3185 5502 ut
3215 5460 3262 5504 et
3296 5450 3462 5504 Filius
3489 5461 3607 5505 tuus

2083 5558 2099 5620 ξ
2138 5562 2263 5620 Mss,
2290 5563 2422 5605 Nunc
2446 5555 2507 5604 de
2531 5569 2675 5607 cruce
2696 5569 2787 5620 ago
2809 5571 3090 5610 sermonem.

2081 5617 2101 5683 ξ
2136 5619 2206 5683 sic
2226 5630 2396 5683 omnes
2414 5626 2590 5683 praeter
2611 5617 2825 5683 Morelin
2845 5634 2944 5683 quo
2966 5622 3070 5673 haec
3088 5623 3300 5673 clausula
3323 5622 3488 5674 mutila
3508 5633 3604 5675 est.

2020 5678 2208 5790 dexio
2223 5677 2386 5728 Morel.
2403 5677 2453 5729 et
2469 5679 2629 5740 Savil.;
2654 5681 2740 5730 sed
2762 5681 2810 5729 in
2827 5677 2938 5734 M'ss.
2960 5697 3088 5746 pene
3112 5687 3349 5746 omnibus,
3366 5693 3576 5736 uestram
3589 5719 3603 5746 ,
