4062 6166
209 343 307 400 763

205 458 334 513 ὅτιό
367 455 572 520 Ἰούδας
618 454 935 527 παραδώσει
967 467 993 494 ι
1037 473 1127 525 με,
1164 454 1306 509 ὥστε
1348 452 1425 524 μὴ
1458 454 1524 524 τῇ
1566 468 1794 523 περιφαο

207 541 325 607 vela
347 541 457 594 τῶν
482 539 720 609 ἐλέγχων
744 539 1230 610 ἀναισχυντότερον
1250 537 1414 591 αὐτὸν
1436 536 1803 607 ἐργάσασθαι·

208 630 281 688 ὡς
309 623 367 677 δὲ
392 625 602 684 ἐκεῖνος
642 621 749 674 ὑπὸ
783 620 879 674 τοῦ
921 621 1223 684 συνειδότος
1254 619 1613 691 κεντούμενός
1645 634 1798 688 φησι,

211 703 306 770 Μή
339 724 397 760 τι
430 705 544 775 ἐγώ
567 706 704 773 ειμι,
735 705 949 772 Κύριε;
972 703 1136 774 λέγει
1170 702 1350 769 αὐτῷ,
1376 703 1461 757 Σὺ
1485 699 1661 767 εἴπας
1678 717 1690 729 ·
1710 700 1805 754 καὶ

209 790 329 842 οὐδὲ
379 788 502 842 τότε
548 787 713 841 αὑτοῦ
753 791 1126 859 κατηγορῆσαι
1163 787 1423 856 ἠνέσχετο
1450 825 1465 849 ,
1499 784 1614 838 ἀλλ’
1643 783 1804 838 αὐτὸν

210 871 402 926 ἑαυτοῦ
425 871 756 939 κατέστησεν
781 870 1001 940 ἔλεγχον
1021 887 1035 898 ο
1051 869 1165 922 ἀλλ’
1188 870 1336 939 ὅμως
1352 869 1473 921 οὐδὲ
1499 868 1673 930 οὕτως
1685 866 1807 936 ἐγέ-

210 973 332 1010 νετο
356 953 610 1025 βελτίων,
633 952 768 1006 ἀλλά
797 952 975 1007 λαϐὼν
999 953 1061 1006 τὸ
1077 952 1288 1023 ψωμίον
1326 951 1569 1022 ἐξῆλθεν.
1586 948 1804 1021 Ἐπειδὴ

210 1042 393 1093 τοίνυν
423 1036 640 1108 ἐξῆλθε,
663 1035 844 1090 λαϐὼν
877 1037 906 1089 6
951 1035 1159 1105 Ἰησοῦς
1198 1036 1324 1098 τοὺς
1369 1034 1617 1106 μαθητάς
1644 1050 1801 1104 φησι·

212 1123 443 1186 Πάντες
469 1119 643 1190 ὑμεῖς
671 1117 1284 1183 σκανδαλισθήσεσθε
1311 1117 1382 1169 ἐν
1396 1117 1527 1185 ἐμοί
1545 1133 1558 1146 ·
1575 1114 1671 1169 τοῦ
1700 1116 1807 1168 Πέ-

210 1222 343 1276 τρου
386 1205 443 1256 δὲ
483 1202 856 1271 ἀντιλέγοντος
888 1201 917 1240 1³
947 1200 1044 1254 καὶ
1090 1199 1340 1268 λέγοντος
1360 1239 1375 1262 ,
1405 1196 1533 1253 Κᾶν
1583 1197 1807 1263 πάντες

211 1286 883 1352 σκανδαλισθήσωνται,
907 1284 1045 1338 ἀλλ’
1068 1282 1182 1351 ἐγὼ
1219 1281 1505 1336 οὐδέποτε
1545 1280 1808 1335 σκανδα-

210 1370 608 1439 λισθήσομαι,
660 1367 825 1421 πάλιν
857 1369 886 1420 6
932 1365 1144 1436 Ἰησοῦς
1190 1381 1391 1436 φησιν,
1437 1364 1617 1434 Ἀμὴν
1651 1363 1806 1434 λέγω

213 1469 336 1516 σοι,
361 1454 508 1520 πρὶν
533 1451 834 1518 ἀλέκτορα
856 1447 1158 1527 φωνῆσαι,
1194 1447 1322 1517 τρὶς
1355 1445 1680 1516 ἀπαρνήσῃ
1705 1463 1803 1516 με.

222 1534 316 1600 Ὠς
362 1534 421 1588 δὲ
473 1534 637 1587 πάλιν
687 1532 1010 1601 ἀντέλεγεν,
1055 1532 1237 1586 εἴασεν
1280 1530 1442 1583 αὑτὸν
1481 1529 1689 1584 λοιπόν.
1728 1530 1805 1583 Οὐ

213 1618 405 1691 πείθῃ,
434 1619 590 1688 φησὶ,
613 1615 704 1670 διά
737 1615 848 1669 τῶν
876 1613 1160 1686 ῥημάτων,
1179 1612 1293 1667 ἀλλ’
1309 1611 1613 1681 ἀντιλέγεις
1634 1628 1649 1643 ⁸
1688 1629 1808 1666 πει-

213 1701 395 1772 σθήσῃ
422 1700 512 1753 διὰ
532 1700 641 1753 τῶν
668 1697 1014 1770 πραγμάτων
1045 1696 1244 1762 αὐτῶν,
1271 1697 1354 1750 ὅτι
1391 1697 1634 1769 Δεσπότῃ
1659 1696 1809 1749 ἀντι-

214 1784 401 1852 λέγειν
422 1782 485 1835 οὐ
515 1783 644 1853 χρή.
676 1782 788 1835 Καὶ
812 1780 1015 1836 τούτων
1048 1798 1137 1852 μοι
1166 1779 1449 1852 μέμνησθε
1486 1778 1595 1832 τῶν
1630 1777 1812 1849 ῥημάο

213 1885 328 1920 των
357 1865 522 1920 πάλιν
555 1883 566 1895 ·
598 1866 868 1936 χρήσιμος
898 1864 1006 1936 γὰρ
1037 1863 1218 1918 αὐτῶν
1244 1864 1376 1933 ἡμῖν
1413 1863 1446 1933 ἡ
1478 1862 1666 1933 μνήμη
1709 1862 1808 1933 τὴν

214 1950 386 2021 εὐχὴν
412 1947 758 2013 ἐξετάζουσιν
778 1946 950 2001 ἔσται.
974 1941 1107 2000 Εἶπε
1143 1945 1233 1999 τὸν
1264 1944 1548 2015 προδότην,
1581 1947 1809 2015 προεῖπε

211 2031 319 2103 τὴν
345 2033 563 2085 πάντων
606 2030 816 2102 φυγὴν,
847 2029 941 2083 καὶ
986 2029 1078 2082 τὸν
1116 2027 1281 2081 αὑτοῦ
1335 2025 1559 2080 θάνατον
1581 2043 1596 2056 °
1623 2025 1812 2080 Πατά-

214 2116 340 2179 ξω,
377 2115 530 2184 φησί,
571 2114 679 2167 τὸν
724 2112 1010 2181 ποιμένα,
1055 2110 1156 2165 καὶ
1193 2108 1811 2177 διασκορπισθήσεται

213 2200 293 2253 τὰ
328 2199 595 2266 πρόϐατα
629 2213 643 2226 ·
693 2199 924 2269 προεῖπε
974 2195 1064 2248 τὸν
1114 2194 1379 2267 μέλλοντα
1432 2192 1594 2246 αὐτὸν
1644 2193 1813 2264 ἀρνή-

215 2280 441 2343 σασθαι,
470 2281 562 2333 καὶ
602 2280 732 2334 πότε
767 2280 863 2333 xal
902 2278 1154 2343 ποσάκις,
1195 2280 1289 2332 καὶ
1337 2279 1477 2351 μετὰ
1527 2275 1813 2349 ἀκριϐείας

217 2364 462 2419 ἃπαντα.
500 2363 609 2416 Kal
653 2362 789 2434 μετά
835 2361 1009 2416 ταῦτα
1057 2361 1237 2415 πάντα
1282 2361 1470 2433 ἱκανὴν
1503 2358 1667 2413 αὐτοῦ
1715 2359 1814 2429 τῆς

215 2445 585 2517 προγνώσεως
634 2445 744 2499 τῶν
793 2446 1097 2517 μελλόντων
1147 2444 1420 2511 ἀπόδειξιν
1467 2443 1612 2506 δοὺς,
1643 2442 1813 2496 ἐλθὼν

218 2530 320 2582 ἐπί
346 2547 405 2581 τι
430 2529 629 2599 χωρίον
661 2527 880 2599 εὔχεται
902 2546 918 2560 ·
948 2528 1042 2582 καί
1085 2528 1281 2581 ἐκεῖνοι
1308 2527 1404 2598 μὲν
1433 2526 1705 2594 λέγουσιν,
1730 2524 1813 2577 ὅτι

214 2615 318 2683 τῆς
342 2611 598 2682 θεότητός
622 2612 770 2664 ἐστιν
799 2613 833 2683 ἡ
863 2610 1022 2682 εὐχὴ,
1047 2612 1209 2681 ἡμεῖς
1235 2610 1292 2663 δὲ
1320 2609 1576 2680 λέγομεν,
1597 2610 1681 2663 ὃτι
1713 2606 1814 2678 τῆς

215 2694 555 2766 οἰκονομίας.
587 2684 856 2748 Δικάσατε
887 2694 1092 2759 τοίνυν,
1111 2694 1207 2747 καὶ
1235 2693 1374 2764 πρὸς
1403 2691 1574 2762 αὐτῆς
1601 2691 1700 2761 τῆς
1719 2689 1814 2744 τοῦ

217 2778 566 2849 Μονογενοῦς
595 2777 753 2849 δόξης
808 2777 1000 2849 μηδενὶ
1042 2777 1449 2848 κεχαρισμένην
1492 2777 1594 2847 τὴν
1634 2775 1815 2845 ψῆφον

219 2863 511 2932 ἐνέγκητε.
550 2862 612 2914 Εἰ
642 2861 748 2932 γὰρ
793 2860 889 2914 καὶ
918 2861 978 2913 ἐν
1015 2859 1188 2930 φίλοις
1230 2858 1521 2929 δικάζομαι
1550 2856 1666 2923 νῦν,
1699 2856 1813 2910 ἀλλ’

220 2944 493 2998 ἀντιϐολῶ
517 2944 613 2999 καὶ
634 2944 842 3014 δέομαι,
874 2943 1169 2997 ἀδέκαστον
1196 2941 1450 3011 γενέσθαι
1477 2941 1577 3012 τὴν
1611 2941 1814 3011 κρίσιν,

220 3031 322 3083 καὶ
360 3029 498 3099 μήτε
533 3027 671 3098 πρὸς
712 3026 851 3098 ἐμὴν
873 3027 1053 3097 χάριν,
1099 3026 1234 3096 μήτε
1268 3025 1405 3097 πρὸς
1446 3024 1669 3078 ἐκείνων
1710 3025 1816 3078 ἀπ-

223 3109 467 3183 έχθειαν.
504 3111 753 3166 Μάλιστα
779 3111 876 3181 μὲν
899 3109 1006 3180 γὰρ
1040 3110 1135 3163 καὶ
1162 3109 1383 3163 αὐτόθεν
1412 3109 1586 3180 δῆλον,
1616 3108 1697 3161 ὅτι
1717 3108 1817 3160 ούκ

223 3197 345 3250 ἐστι
378 3197 479 3266 τῆς
530 3193 782 3262 θεότητος
816 3194 849 3264 ἡ
890 3193 1063 3263 εὐχή·
1096 3192 1228 3255 Θεὸς
1274 3190 1381 3262 γὰρ
1424 3192 1524 3244 οὐκ
1572 3190 1814 3261 εὔχεται,

222 3277 365 3332 Θεοῦ
386 3277 497 3348 γὰρ
521 3275 583 3329 τὸ
612 3275 1037 3347 προσκυνεῖσθαι
1064 3278 1180 3328 ἐστι
1204 3292 1219 3308 ο
1249 3274 1384 3328 Θεοῦ
1406 3275 1466 3327 τὸ
1491 3275 1653 3344 εὐχὴν
1667 3274 1819 3344 δέχε-

227 3363 378 3424 σθαι,
402 3361 466 3413 ού
496 3358 561 3412 τὸ
581 3359 746 3429 εὐχὴν
780 3358 1069 3431 ἀναφέρειν
1090 3376 1104 3388 δ
1133 3357 1247 3411 ἀλλ’
1268 3359 1416 3429 ὅμως
1453 3356 1638 3426 ἐπειδὴ
1667 3358 1819 3409 ἀναι-

228 3443 574 3516 σχυντοῦσιν,
614 3443 709 3495 ἀπ’
733 3441 912 3495 αὐτῶν
949 3441 1056 3494 τῶν
1083 3442 1344 3512 ῥημάτων
1370 3441 1470 3511 τῆς
1500 3442 1666 3512 εὐχῆς
1689 3441 1818 3512 ὑμῖν

224 3527 458 3599 ποιῆσαι
498 3525 832 3596 πειράσομαι
871 3524 1126 3597 φανερὸν,
1148 3525 1230 3579 ὅτι
1260 3525 1321 3578 τὸ
1343 3525 1461 3578 ὅλον
1486 3525 1588 3594 τῆς
1612 3527 1819 3578 οἰκονο-

228 3611 363 3681 μίας
388 3609 532 3673 ὲστί,
563 3608 659 3662 καὶ
678 3607 780 3676 τῆς
812 3607 952 3661 κατά
988 3606 1086 3677 τὴν
1110 3607 1289 3678 σάρκα
1319 3606 1621 3670 ἀσθενείας.
1651 3609 1819 3661 Ὅταν

225 3694 341 3764 γὰρ
365 3689 674 3761 φθέγγηται
695 3706 748 3742 τι
765 3689 1018 3742 ταπεινὸν
1038 3691 1066 3742 6
1088 3690 1341 3759 Χριστὸς,
1360 3688 1503 3743 οὕτω
1525 3689 1820 3759 φθέγγεται

224 3774 484 3829 ταπεινὸν
503 3772 599 3827 καὶ
615 3772 846 3836 εὐτελὲς,
868 3773 944 3835 ὠς
958 3772 1057 3843 τὴν
1076 3772 1377 3844 ὑπερϐολὴν
1396 3772 1495 3843 τῆς
1508 3772 1822 3843 ταπεινότη-

225 3875 321 3921 τος
344 3855 452 3910 τῶν
462 3854 770 3925 λεγομένων
793 3856 1033 3918 καὶτοὺς
1059 3854 1262 3925 σφόδρα
1281 3853 1715 3925 φιλονεικοῦντας
1730 3854 1822 3906 δυ-

227 3941 466 4011 νηθῆναι
484 3938 790 4001 micam?“
811 3937 944 3991 πολὺ
971 3940 1067 4008 τῆς
1088 3938 1398 4008 ἀπορρήτου
1423 3939 1516 3991 καί
1541 3938 1819 4008 ἀφράστου

226 4026 422 4087 οὐσίας
452 4022 669 4093 ἐκείνης
694 4021 972 4075 ἀποδεῖτά
995 4032 1017 4059 ο
1039 4021 1278 4091 ῥήματα.
1306 4022 1505 4091 Ἴωμεν
1530 4020 1706 4073 τοίνυν
1734 4021 1821 4072 ἐπ’

227 4108 372 4161 αὺτά
393 4107 463 4160 τὰ
487 4107 705 4177 ῥήματα
726 4105 825 4175 τῆς
854 4104 1018 4174 εύχῆς
1034 4120 1048 4133 ⁸
1066 4102 1278 4173 Πάτερ,
1306 4106 1360 4158 εί
1378 4103 1660 4168 δυνατὸν,
1675 4120 1820 4172 παρα

229 4191 456 4245 ώθέτω
504 4188 605 4243 ἀπ’
638 4187 785 4257 ἐμοῦ
836 4185 906 4240 τὸ
953 4185 1241 4254 ποτήριον
1270 4185 1478 4241 τοῦτο’
1510 4187 1681 4255 πλὴν
1706 4190 1820 4257 οὐχ

228 4276 314 4341 ὠς
333 4273 451 4339 ἐγὼ
466 4272 788 4339 θέλω,άλλ’
800 4271 880 4336 ὡς
899 4271 1001 4324 σύ.
1017 4270 1411 4342 Ἐρωτήσωμεν
1426 4269 1606 4323 τοίνυν
1624 4270 1821 4334 αὐτοὺς

230 4355 472 4411 ἐνταῦθα
496 4371 510 4384 '
534 4353 734 4421 ἀγνοεῖ,
763 4353 871 4406 εἴτε
897 4351 1141 4418 δυνατὸν,
1166 4353 1273 4405 εἴτε
1292 4352 1353 4404 οὐ
1387 4352 1630 4419 δυνατὸν,
1654 4355 1684 4406 6
1716 4352 1823 4424 πρὸ

236 4436 440 4511 μικροῦ
464 4437 639 4505 λέγων
664 4437 721 4488 ἐν
750 4433 826 4504 τῷ
846 4435 1066 4506 δείπνῳ,
1083 4429 1186 4501 Εἷς
1211 4433 1280 4499 ἐξ
1300 4433 1466 4504 ὑμῶν
1484 4434 1822 4502 παραδώσει

226 4537 342 4594 με;
372 4523 402 4574 6
435 4519 544 4591 πρὸ
569 4516 768 4589 μικροῦ
802 4517 996 4585 λέγων,
1037 4516 1404 4587 Γέγραπται,
1438 4517 1688 4582 Πατάξω
1716 4517 1822 4571 τὸν

235 4603 518 4673 ποιμένα,
542 4601 639 4655 καί
656 4598 1273 4670 διασκορπισθήσεται
1292 4599 1366 4653 τὰ
1385 4602 1650 4668 πρόϐατα
1666 4617 1679 4629 ·
1704 4600 1818 4664 καὶ,

240 4688 326 4740 ὅτι
352 4683 506 4757 [569]
526 4681 756 4748 Πάντες
770 4681 940 4751 ὑμεῖς
960 4681 1570 4751 σκανδαλισθήσεσθε
1583 4683 1653 4736 ἐν
1669 4682 1818 4753 ἐμοί’

232 4769 357 4840 ὸτῷ
373 4768 570 4838 Πέτρῳ
600 4764 886 4829 εἰπὼν,ῦτι
912 4765 1175 4832 Ἀρνήσῃ
1197 4781 1295 4834 με,
1322 4766 1436 4831 καὶ,
1470 4765 1723 4835 Ἀρνήσῃ
1745 4784 1824 4836 με

234 4854 365 4921 τρίς
383 4868 397 4881 ·
424 4843 584 4912 οὗτος
614 4849 799 4916 ἀγνοεῖ
825 4846 944 4909 νῦν,
978 4847 1100 4900 εἰπέ
1147 4863 1237 4918 μοι
1266 4863 1281 4911 ;
1312 4848 1422 4902 Kal
1457 4853 1540 4910 τις
1573 4847 1638 4902 ἀν
1664 4848 1823 4902 τοῦτο

234 4936 385 4990 εἴποι
413 4936 509 4989 καὶ
535 4932 645 4987 τῶν
667 4931 917 4987 ὁπωσοῦν
942 4931 1356 5003 καθεστηκότων
1382 4948 1396 4998 ;
1436 4934 1543 4987 Kal
1568 4932 1675 5005 γάρ
1694 4933 1822 4989 ὅταν

244 5020 345 5092 μὲν
440 5019 504 5070 τὸ
530 5015 890 5087 ἀγνοούμενον
914 5015 1100 5086 μηδενὶ
1131 5015 1291 5086 δῆλον
1325 5017 1465 5087 μήτε
1504 5018 1819 5090 προφητῶν,

240 5104 382 5173 μήτε
413 5100 689 5169 ἀγγέλων,
717 5100 857 5171 μήτε
879 5098 1260 5170 ἀρχαγγέλων,
1289 5098 1417 5163 ἴσως
1449 5099 1676 5171 παρέξει
1700 5101 1822 5155 τινὰ

232 5188 352 5248 τοῖς
400 5180 765 5252 φιλονεικοῦσι
804 5180 977 5251 λαϐήν
1000 5196 1016 5212 ο
1042 5181 1171 5233 ὅταν
1206 5180 1389 5251 μέντοι
1426 5180 1490 5233 τὸ
1522 5181 1821 5253 ἀγνοούμε-

235 5285 330 5322 νον
367 5266 540 5331 οὕτως
646 5263 878 5336 φανερὸν
921 5264 1016 5317 καὶ
1051 5263 1324 5334 γνώριμον
1369 5262 1593 5327 ἅπασιν,
1621 5264 1696 5329 ὡς
1726 5267 1823 5320 καὶ

236 5350 564 5420 ἀνθρώπους
605 5347 738 5400 αὐτὸ
778 5345 977 5399 εἰδέναι
1011 5344 1150 5416 μετὰ
1174 5344 1481 5416 ἀκριϐείας,
1513 5347 1640 5400 ποία
1681 5348 1820 5401 ἀπο.

237 5433 398 5501 λογία
439 5432 537 5486 καὶ
577 5430 704 5483 ποία
740 5428 1036 5498 συγγνώμη
1070 5430 1182 5490 τοῖς
1220 5426 1487 5496 λέγουσιν,
1529 5429 1612 5482 ὅτι
1660 5430 1821 5494 αὐτὸς

239 5514 448 5577 ἀγνοῶν
475 5511 651 5567 ταῦτα
674 5511 857 5580 ἕλεγε;
887 5510 1086 5564 Τοῦτον
1118 5508 1295 5563 τοίνυν
1331 5509 1422 5563 τὸν
1441 5511 1568 5582 περί
1600 5504 1660 5564 οὗ
1681 5511 1821 5580 λέγω

308 5662 331 5689 ³
355 5659 438 5711 Sic
460 5673 639 5709 omnes
660 5672 793 5715 mss.,
820 5658 987 5707 Morel.
1010 5668 1129 5704 vero
1154 5656 1466 5719 παραδίδωσι.

310 5721 335 5759 h
358 5722 439 5771 Sic
454 5734 632 5771 omnes
650 5733 786 5781 mss.,
810 5720 979 5772 Morel.
1007 5730 1127 5768 vero
1149 5717 1495 5776 ἀντιτείνοντος,

310 5788 327 5813 ⁴
354 5785 448 5834 Alii
475 5782 743 5835 ἀποδεῖται.

1014 339 1102 397 DE
1139 339 1805 403 CONSUBSTANTIALI,
1846 338 2125 395 CONTRA
2156 342 2542 401 ANOMOEOS.
2587 346 2704 403 VII.

3372 349 3476 403 τοι

1909 451 2107 520 λόγονά
2140 456 2235 509 καὶ
2267 456 2441 511 δοῦλοι
2472 456 2640 511 αὑτοῦ
2681 459 2961 529 φαίνονται
3007 460 3144 531 μετά
3192 459 3477 531 ἀκριϐείας

1905 535 2126 601 εἰδότες,
2149 539 2242 592 xal
2288 540 2369 593 ὅτι
2394 540 2704 608 ἀποθανεῖν,
2733 543 2829 595 καὶ
2844 543 2926 596 ὅτι
2952 542 3041 596 διὰ
3073 543 3303 613 σταυροῦ
3319 543 3478 598 τοῦτο

1906 619 2099 673 παθεῖν
2118 622 2281 674 αὐτὸν
2304 622 2431 685 ἔδει,
2458 623 2554 676 καὶ
2579 624 2685 695 πρὸ
2717 624 2988 679 τοσούτων
3022 626 3159 680 ἐτῶν
3192 626 3479 698 ἀμφότερα

1903 698 2078 755 ταῦτα
2098 702 2273 772 δηλῶν
2303 706 2331 757 6
2363 704 2524 758 Δαυῒδ
2562 705 2745 774 ἔλεγεν
2781 707 2845 758 ἐκ
2873 707 3162 778 προσώπου
3194 707 3288 761 τοῦ
3336 707 3475 779 Χρι-

1908 783 2055 835 στοῦο
2085 785 2348 853 Ὧρυξαν
2371 786 2573 856 χεῖράς
2591 806 2710 857 μου
2751 790 2845 843 καὶ
2877 790 3062 857 πόδας
3098 809 3218 861 μου
3245 807 3260 821 ⁸
3293 793 3388 845 καὶ
3418 790 3480 844 τὸ

1909 864 2102 934 μέλλον
2145 867 2221 931 ὡς
2264 871 2629 940 γεγενημένον
2668 882 2693 910 ο
2729 872 3029 942 ἀπήγγειλε
3052 913 3068 940 ,
3111 874 3324 936 δεικνὺς
3357 873 3437 925 ὅτι
3463 911 3479 937 ,

1906 949 2156 1022 καθάπερ
2183 950 2253 1003 τὰ
2308 953 2589 1023 συμϐάντα
2621 954 2900 1024 ἀμήχανον
2972 956 3046 1026 μὴ
3073 956 3324 1025 γενέσθαι
3342 997 3358 1018 ,
3384 955 3476 1009 οὖ-

1906 1050 1983 1085 τω
2023 1033 2119 1086 καὶ
2176 1032 2337 1087 τοῦτο
2384 1036 2667 1106 ἀμήχανον
2724 1037 2799 1108 μὴ
2852 1039 3201 1107 γεγενῆσθαι.
3237 1038 3407 1093 Πάλιν
3450 1040 3481 1091 6

1918 1115 2146 1179 Ἠσαῖας
2178 1116 2310 1170 αὐτὸ
2337 1117 2494 1171 τοῦτο
2521 1120 2925 1192 προαναφωνῶν
2955 1122 3139 1191 ἔλεγεν
3157 1140 3170 1153 ο
3209 1123 3307 1187 Ὠς
3339 1122 3481 1189 πρό-

1906 1197 2088 1251 ϐατον
2118 1199 2217 1252 ἐπὶ
2255 1201 2506 1270 σφαγὴν
2536 1201 2714 1271 ἢχθη,
2746 1203 2844 1256 καὶ
2875 1204 2954 1270 ὡς
2981 1204 3169 1273 ἀμνὸς
3203 1205 3482 1259 ἐναντίον

1904 1279 2012 1333 τοῦ
2078 1281 2384 1351 κείροντος
2435 1284 2623 1337 αὐτὸν
2675 1284 2933 1353 ἄφωνος.
2989 1285 3190 1340 Τοῦτον
3248 1286 3408 1341 πάλιν
3454 1287 3484 1337 ό

1919 1362 2170 1434 Ἰωάννης
2212 1366 2304 1419 τὸν
2353 1365 2524 1437 ἀμνὸν
2564 1365 2685 1421 ἰδὼν
2730 1368 2935 1436 ἔλεγεν,
2970 1369 3083 1423 Ἴδε
3110 1372 3142 1422 ό
3169 1368 3355 1439 ἀμνὸς
3376 1368 3483 1423 τοῦ

1909 1445 2056 1498 Θεοῦ
2080 1449 2113 1500 ό
2140 1448 2324 1514 αἴρων
2348 1448 2464 1516 τὴν
2485 1449 2780 1517 ἁμαρτίαν
2806 1451 2913 1505 τοῦ
2942 1453 3198 1520 κόσμου,
3227 1453 3430 1515 ἐκεῖνος
3454 1453 3485 1502 6

1911 1528 2267 1599 προρρηθεὶς,
2326 1530 2479 1603 φησί.
2518 1532 2629 1585 Kal
2671 1534 2794 1603 ὅρα,
2835 1535 2933 1603 οὐχ
2970 1533 3156 1597 ἁπλῶς
3206 1534 3420 1606 εἴρηται
3455 1534 3485 1587 6

1908 1610 2100 1681 ἀμνὸς,
2135 1612 2273 1665 ἀλλά
2305 1614 2627 1684 πρόσκειται
2654 1616 2748 1668 τοῦ
2783 1616 2939 1670 Θεοῦ.
2988 1617 3206 1687 Ἐπειδὴ
3245 1616 3356 1689 γὰρ
3391 1617 3485 1671 καὶ

1909 1692 2094 1765 ἕτερος
2120 1689 2188 1765 ἦν
2219 1696 2390 1764 ἀμνὸς
2435 1696 2464 1748 ὁ
2521 1697 2830 1763 Ἰουδαϊκὸς,
2880 1697 3056 1769 δηλῶν
3091 1699 3173 1752 ὅτι
3200 1693 3355 1763 οὗτος
3386 1700 3480 1755 τοῦ

1908 1774 2044 1828 Θεοῦ
2085 1778 2200 1829 ἐστι
2240 1777 2286 1845 τ,
2320 1777 2408 1832 διὰ
2448 1780 2606 1832 τοῦτο
2642 1778 2816 1842 οὕτως
2841 1775 3014 1834 εἶπεν.
3067 1782 3304 1847 Ἐκεῖνος
3347 1783 3486 1855 ὑπὲρ

1908 1856 2003 1909 τοῦ
2056 1857 2244 1922 ἔθνους
2284 1861 2653 1932 προσεφέρετο
2690 1862 2871 1934 μόνον,
2907 1856 3063 1927 οὗτος
3109 1865 3250 1936 ὑπὲρ
3286 1867 3384 1936 τῆς
3410 1868 3485 1918 οἰ-

1910 1957 2008 1994 κου
2018 1940 2187 2011 μένης
2213 1944 2560 2014 προσηνέχθη
2587 1945 2768 2016 πάσης
2786 1964 2801 1978 ο
2837 1946 3093 2000 κάκείνου
3136 1948 3235 2018 μὲν
3265 1948 3325 2003 τὸ
3347 1943 3486 2020 αἷμα

1910 2022 2125 2096 πληγὴν
2179 2027 2499 2097 σωματικὴν
2558 2026 2828 2083 ἐκώλυσεν
2880 2029 2939 2094 ἐξ
2998 2030 3266 2085 Ἰουδαίων
3307 2032 3485 2103 μόνον,

1908 2106 2103 2160 τούτου
2145 2107 2201 2161 δὲ
2247 2108 2309 2160 τὸ
2350 2103 2492 2179 αἷμα
2523 2108 2623 2178 τῆς
2659 2112 2987 2182 οἰκουμένης
3040 2113 3256 2183 ἀπάσης
3311 2115 3487 2181 κοινὸς

1909 2189 2102 2257 γέγονε
2134 2189 2437 2262 καθαρμός.
2473 2193 2583 2245 Kal
2610 2192 2767 2246 τοῦτο
2797 2194 2854 2247 δὲ
2874 2194 2934 2248 τὸ
2956 2190 3097 2267 αἷμα
3122 2198 3184 2249 τὸ
3219 2196 3315 2250 τοῦ
3358 2199 3489 2252 Ἰου-

1911 2271 2098 2325 δαϊκοῦ
2133 2274 2307 2344 ἀμνοῦ
2352 2275 2572 2344 ἴσχυσεν
2607 2276 2745 2346 ὅπερ
2789 2278 3041 2347 ἴσχυσεν,
3082 2280 3143 2332 οὐ
3190 2280 3344 2351 παρά
3390 2282 3489 2354 τὴν

1911 2354 2121 2408 οἰκείαν
2149 2355 2333 2423 φύσιν,
2363 2356 2478 2409 ἀλλ’
2517 2357 2703 2428 ἐπειδὴ
2733 2358 2924 2412 τούτου
2959 2360 3130 2426 τύπος
3157 2357 3245 2432 ἦν,
3272 2364 3372 2436 τὴν
3401 2365 3492 2419 δύ-

1912 2455 2075 2508 ναμιν
2094 2438 2250 2507 ἔσχεν
2276 2439 2514 2511 ἐκείνην.

1985 2534 2058 2586 ς’.
2079 2522 2190 2574 Ποῦ
2224 2522 2405 2574 τοίνυν
2438 2524 2575 2576 εἰσὶν
2592 2526 2638 2577 οί
2660 2523 2929 2594 λέγοντες,
2948 2526 3029 2580 ὅτι
3057 2528 3151 2581 καὶ
3171 2529 3333 2593 αὐτὸς
3363 2530 3491 2596 Υἱὸς

1912 2603 2146 2673 λέγεται,
2171 2604 2441 2675 καὶὴμεῖς
2470 2608 2597 2671 υἱοὶ,
2632 2607 2727 2659 καὶ
2752 2607 2860 2660 ἀπὸ
2893 2608 2996 2678 τῆς
3035 2611 3175 2665 κατά
3203 2612 3303 2682 τὴν
3329 2630 3493 2683 προσ·

1913 2687 2140 2757 ηγορίαν
2164 2689 2450 2751 κοινωνίας
2483 2691 2564 2752 είς
2593 2690 2874 2746 εὐτέλειαν
2916 2693 3078 2746 αὑτὸν
3118 2694 3271 2764 ἄγειν
3294 2698 3491 2768 ἡμετέ-

1916 2788 2018 2841 ραν
2072 2781 2096 2818 8
2151 2769 2589 2841 ἐπιχειροῦντες;
2655 2774 2785 2827 Ἰδοὺ
2838 2777 2946 2846 γάρ
3002 2777 3096 2829 καὶ
3151 2778 3340 2848 ἀμνὸς,
3398 2782 3493 2833 καί⁵

1914 2851 2102 2921 ἀμνὸς,
2136 2853 2232 2906 καὶ
2257 2852 2314 2906 ἓν
2344 2853 2443 2923 μὲν
2476 2855 2538 2907 τὸ
2563 2855 2756 2926 ὄνομα,
2782 2856 2844 2910 τὸ
2867 2858 2923 2909 δὲ
2958 2859 3120 2928 μέσον
3148 2864 3248 2930 τῆς
3280 2861 3493 2931 φύσεως

1916 2935 2180 3006 ἑκατέρας
2201 2935 2446 3006 ἄπειρον.
2479 2938 2690 3008 ’Ὠσπερ
2706 2934 2798 2991 οὖν
2824 2939 3038 2994 ἀκούων
3059 2942 3294 2997 ἐνταῦθα
3324 2961 3494 3016 προσ·-

1914 3018 2141 3090 ηγορίας
2179 3020 2498 3101 κοινωνίαν,
2545 3021 2698 3074 οὐδὲν
2744 3022 2856 3077 ἴσον
2918 3024 3195 3096 φαντάζῃ,
3242 3026 3386 3081 οὕτω
3429 3028 3493 3101 δὴ

1916 3102 2011 3153 καὶ
2040 3100 2274 3154 ἐνταῦθα
2309 3102 2523 3157 ἀκούων
2551 3104 2666 3157 υίὸν
2697 3104 2792 3157 καὶ
2818 3105 2956 3170 υἰὸν,
2984 3108 3058 3178 μὴ
3090 3110 3228 3180 πρὸς
3258 3110 3358 3179 τὴν
3393 3100 3493 3183 σὴν

1916 3183 2189 3237 εὐτέλειαν
2215 3188 2418 3253 κάταγε
2446 3186 2538 3239 τὸν
2566 3189 2866 3260 Μονογενῆ.
2907 3189 3068 3244 Ἀλλά
3091 3190 3142 3244 τί
3174 3192 3282 3264 χρὴ
3316 3193 3493 3262 λέγειν

1916 3265 2166 3336 περὶτῶν
2185 3267 2361 3338 δήλων
2388 3269 2414 3306 h
2436 3284 2451 3334 ;
2476 3269 2538 3320 Εἰ
2560 3268 2669 3340 γὰρ
2698 3272 2796 3341 τῆς
2818 3271 3086 3337 Θεότητός
3117 3275 3264 3328 ἐστιν
3284 3277 3317 3348 η
3334 3277 3489 3350 εὐχὴ,

1917 3350 2271 3421 εὑρεθήσεται
2297 3351 2392 3404 καὶ
2423 3352 2586 3415 αὐτὸς
2617 3352 2794 3424 ἑαυτῷ
2825 3356 3174 3426 περιπίπτων
3211 3361 3306 3412 καὶ
3335 3361 3491 3413 ἐνανο

1916 3431 2176 3500 τιολογῶν
2198 3433 2294 3487 xal
2328 3433 2655 3505 μαχόμενος.
2684 3429 2852 3501 Οὗτος
2867 3437 2976 3508 γάρ
2995 3441 3024 3491 6
3045 3440 3280 3494 ἐνταῦθα
3300 3442 3489 3507 εἰπὼν,

1917 3513 2130 3582 Πάτερ,
2163 3517 2216 3569 εἰ
2234 3515 2518 3581 δυνατόν,
2547 3518 2889 3586 παρελθέτω
2911 3521 3012 3575 ἀπ’
3040 3521 3187 3592 ἐμοῦ
3213 3523 3280 3577 τὸ
3305 3527 3493 3593 ποτή-

1910 3613 2050 3664 ριον
2087 3597 2282 3664 τοῦτο,
2332 3599 2426 3654 καὶ
2468 3599 2645 3654 ὀκνῶν
2698 3602 2791 3655 καὶ
2843 3603 3208 3674 ἀναδυόμενος
3240 3607 3378 3679 πρὸς
3433 3609 3495 3663 τὸ

1920 3679 2112 3743 πάθος,
2150 3680 2384 3752 ἀλλαχοῦ
2421 3681 2611 3750 εἰπὼν,
2648 3684 2730 3738 ὅτι
2767 3685 2850 3739 δεῖ
2873 3686 2963 3741 τὸν
2998 3687 3130 3744 Υἱὸν
3155 3690 3250 3743 τοῦ
3280 3691 3490 3763 ἀνθρὼο

1921 3779 2026 3816 που
2060 3764 2429 3835 παραδοθῆναι
2460 3768 2557 3820 xal
2592 3769 3025 3842 μαστιγωθῆναι,
3056 3774 3242 3845 ἐπειδὴ
3285 3776 3493 3847 Πέτρου

1921 3847 2121 3916 ἤκουσε
2150 3846 2418 3915 λέγοντος,
2451 3849 2657 3917 Ἵλεώς
2671 3868 2791 3916 σοι,
2810 3855 2882 3906 οὐ
2892 3853 2979 3923 μὴ
2995 3855 3167 3909 ἔσται
3180 3874 3279 3911 σοι
3292 3846 3492 3927 τοῦτο,

1924 3927 2069 3982 οὕτω
2098 3929 2304 4001 σφόδρα
2337 3930 2692 4003 ἐπετίμησεν,
2727 3934 2803 3998 ὡς
2824 3937 3019 4000 εἰπεῖν,
3054 3938 3282 4007 "litare
3301 3941 3493 3993 ὀπίσω

1914 4028 2055 4080 μου,
2091 4013 2330 4067 Σατανᾶ
2349 4028 2362 4041 ·
2400 4014 2751 4070 σκάνδαλόν
2778 4036 2898 4086 μου
2922 4015 2994 4079 εἷ,
3031 4019 3120 4073 ὅτι
3150 4024 3223 4075 οὐ
3254 4023 3493 4090 φρονεῖς

1920 4094 1994 4148 τὰ
2043 4095 2148 4149 τοῦ
2182 4097 2351 4162 Θεοῦ,
2379 4097 2542 4151 ἀλλὰ
2581 4101 2653 4152 τὰ
2682 4098 2800 4152 τῶν
2835 4101 3178 4169 ἀνθρώπων.
3214 4103 3403 4157 Καίτοι
3428 4121 3493 4173 γε

1923 4178 2030 4250 πρὸ
2060 4177 2288 4248 βραχέος
2311 4174 2380 4249 ἦν
2405 4179 2568 4233 αὐτὸν
2589 4181 2882 4246 ἐπαινέσας
2901 4183 2994 4237 καὶ
3018 4185 3348 4255 μακαρίσας,
3377 4187 3491 4240 ἀλλ’

1921 4260 2071 4331 ὅμως
2100 4261 2345 4315 Σατανᾶν
2386 4262 2548 4315 αὑτὸν
2580 4263 2859 4326 ἐκάλεσεν,
2888 4265 3010 4336 οὐχὶ
3039 4267 3130 4321 τὸν
3172 4268 3492 4324 Ἀπόστολον

1921 4344 2142 4416 ὑϐρίσαι
2184 4343 2527 4414 βουλόμενος,
2564 4346 2698 4400 ἀλλὰ
2726 4348 2814 4400 διὰ
2840 4349 2938 4418 τῆς
2970 4348 3178 4421 ὕϐρεως
3208 4351 3375 4419 δεῖξαι
3404 4352 3494 4408 θέα

1922 4426 2049 4508 λων,
2166 4425 2312 4498 [510]
2328 4427 2386 4479 ού
2419 4428 2559 4482 κατὰ
2579 4428 2804 4499 γνώμην
2829 4430 2977 4502 αὐτῷ
3003 4431 3065 4484 τὸ
3089 4434 3376 4503 εἰρημένον
3399 4431 3489 4508 ἦν,

1923 4505 2037 4561 ἀλλ’
2065 4506 2236 4571 οὕτως
2259 4508 2558 4581 ἀλλότριον,
2589 4511 2665 4574 ὼς
2693 4512 2786 4567 τὸν
2813 4512 2988 4567 ταῦτα
3009 4515 3291 4586 εἰρηκότα,
3316 4505 3491 4574 καίτοι

1923 4589 2127 4662 Πέτρον
2156 4591 2307 4655 ὄντα,
2358 4592 2432 4663 μὴ
2468 4594 2695 4665 ὀκνῆσαι
2730 4595 2975 4650 Σατανᾶν
3004 4596 3288 4667 ὀνομάσαι.
3322 4599 3492 4655 Πάλιν

1922 4673 2155 4744 ἀλλαχοῦ
2195 4692 2389 4746 φησιν’
2437 4677 2746 4747 Ἐπιθυμίᾳ
2773 4679 3128 4750 ἐπεθύμησα
3164 4680 3231 4734 τὸ
3275 4681 3493 4752 Πάσχα

1923 4756 2099 4810 τοῦτο
2116 4759 2330 4827 φαγεῖν
2351 4760 2480 4828 μεθ’
2506 4758 2689 4830 ὑμῶν.
2711 4761 2870 4827 Τίνος
2883 4758 2977 4817 οὖν
3002 4763 3189 4817 ’ἐνεκεν
3212 4763 3274 4817 τὸ
3299 4764 3491 4836 Πάσχα

1923 4839 2083 4894 τοῦτό
2125 4859 2293 4911 φησι;
2334 4844 2510 4897 καίτοι
2550 4844 2645 4898 καὶ
2696 4845 2885 4900 ἄλλοτε
2930 4846 3031 4917 τὴν
3071 4845 3263 4919 ἑορτὴν
3288 4847 3492 4920 ταύτην

1923 4922 2206 4976 ἐπετέλεσε
2260 4927 2378 4995 μετ’
2413 4927 2622 4980 αὐτῶνθ
2665 4928 2812 4993 τίνος
2860 4924 2954 4982 οῦν
2998 4928 3213 4995 ἐνεκεν;
3275 4929 3493 5003 Ἐπειδὴ

1926 5004 2045 5074 μετ’
2074 5006 2208 5059 αὐτὸ
2227 5008 2256 5059 6
2284 5008 2516 5080 σταυρὸς
2535 5005 2624 5081 ἦν.
2648 5011 2761 5064 Kal
2785 5011 2967 5075 πάλιν,
2998 5010 3208 5079 Πάτερ,
3228 5010 3497 5077 δόξασόν

1923 5101 2041 5142 σου
2071 5087 2178 5143 τὸν
2212 5090 2370 5149 Υἱὸν,
2390 5092 2490 5147 ἵνα
2516 5093 2614 5146 καὶ
2642 5096 2675 5147 ὁ
2712 5095 2845 5161 Υἱός
2869 5110 2987 5149 σου
3008 5093 3244 5165 δοξάσῃ
3270 5109 3363 5149 σε.
3385 5099 3500 5154 Καὶ

1957 5354 1966 5369 ἢ
1986 5288 2013 5330 ἆ
2036 5290 2149 5369 Msa}.
2170 5292 2393 5369 (ξῐὲεινηξ
2413 5292 2582 5368 ’τοίνυν
2598 5293 2705 5356 περὶ
2721 5290 2809 5341 τοῦ
2839 5290 3045 5356 σταυροῦ
3067 5295 3191 5356 λέγω
3211 5295 3370 5357 λόγον,
3413 5294 3497 5347 alii

1921 5354 2002 5401 τὸν
2022 5355 2131 5416 περὶ
2153 5354 2208 5401 οὗ
2230 5354 2353 5414 λέγω
2375 5354 2530 5415 λόγον.
2665 5354 2672 5356 “
2964 5354 2972 5356 “
3132 5354 3140 5356 ⁷
3278 5354 3288 5356 “
3357 5354 3365 5357 ⁷

1989 5425 2014 5453 ο
2036 5413 2121 5489 §ic
2141 5414 2402 5462 evidenter
2441 5413 2809 5473 rescribendum
2831 5411 2940 5474 (nil,
2964 5426 3054 5474 pro
3078 5414 3215 5473 edito
3237 5418 3497 5478 γενησόμε-

1919 5492 2013 5606 ἶοῖ
2036 5475 2251 5606 ξ’ἳὸιιίίωξ
2289 5548 2404 5606 [σεῖε
2430 5537 2501 5606 εἰσ
2520 5534 2703 5585 habent
2751 5533 3028 5597 Ἰουδαῖκὸς,
3067 5537 3145 5587 διὰ
3174 5535 3319 5586 τοῦτο
3342 5542 3500 5603 φησὶν,

1920 5600 1993 5648 ὅτι
2014 5599 2151 5653 οὗτος
2171 5599 2257 5645 τοῦ
2282 5599 2407 5645 Θεοῦ
2429 5599 2575 5645 ἐστιν.

1986 5663 2011 5700 8
2032 5659 2115 5769 ἓίο
2140 5658 2311 5767 ηοτθι.
2340 5664 2390 5706 ει
2407 5657 2580 5717 Savil.,
2606 5658 2696 5710 sed
2718 5658 2767 5708 in
2789 5671 2903 5709 mss.
2926 5671 3059 5722 pene
3080 5659 3308 5711 omnibus
3327 5663 3500 5725 ἡμετέ-

1986 5739 2007 5767 ν
2067 5734 2154 5768 ees
2184 5754 2195 5765 .

1924 5737 2007 5785 ραν
2032 5736 2195 5785 99981-

1992 5783 2018 5819 ιι
2044 5781 2123 5830 Sic
2149 5781 2299 5831 Savil.
2325 5785 2506 5831 rectius
2528 5795 2672 5845 quam
2698 5781 2863 5833 Μοιιιῐ.
2888 5784 2983 5831 τῶν
2999 5782 3197 5832 δούλων.
3225 5784 3356 5832 Εοιτ.
