4062 6166
276 414 374 466 763
1045 413 1134 470 DE
1174 412 1819 482 CONSUBSTANTIALI,
1862 414 2136 471 CONTRA
2179 415 2556 472 ANOMOEOS.
2600 413 2710 469 ΥΠ.

274 524 518 596 δια-ἧβαι
535 535 584 579 te
612 523 789 596 (Joan.
814 528 902 581 i7.
937 528 988 598 i)
1016 545 1029 580 :
1061 543 1127 583 ac
1149 530 1328 584 multis
1351 530 1402 584 in
1428 530 1560 586 locis
1584 548 1711 586 eum
1732 546 1853 601 pas-

273 618 479 670 sionem
510 616 858 685 praedixisse,
886 625 1069 686 atque,
1098 627 1156 671 ut
1182 619 1436 683 eveniret,
1469 633 1683 689 optasse
1710 637 1859 674 com~

276 707 547 776 perimus.
588 708 811 778 ejusque
838 709 916 763 rei
960 724 1114 763 causa
1152 711 1393 776 venisse;
1423 712 1691 781 quomodo
1731 728 1859 782 ergo

276 798 358 853 hic
420 800 582 864 dicit,
635 799 697 854 Si
737 801 970 870 possibile
1007 804 1130 857 est?
1186 803 1602 860 [inbecillitatem
1658 816 1858 859 natura:

274 892 510 945 ostendit
552 894 831 960 humanae,
878 911 994 964 qua!
1036 907 1321 966 utcumque
1362 898 1519 951 avelli
1549 914 1578 951 a
1609 900 1856 968 praesenti

278 981 384 1033 vita
407 981 655 1046 nolebat;
682 982 775 1036 sed
804 985 1084 1038 recusabat
1102 994 1156 1039 et
1178 987 1622 1055 tergiversihatur
1644 998 1858 1058 propter

277 1072 492 1125 insitum
520 1071 593 1125 illi
618 1090 647 1126 a
676 1074 785 1127 Deo
804 1074 912 1143 jam
936 1090 964 1128 a
989 1076 1249 1145 principio
1269 1079 1544 1145 praesentis
1566 1079 1687 1132 vitae
1710 1093 1859 1132 amo-

276 1179 386 1216 rem
417 1162 518 1235 (a).
548 1163 604 1217 Si
632 1164 779 1217 enim
804 1177 1081 1235 postquam
1109 1167 1221 1234 ipse
1247 1175 1326 1220 tot
1351 1176 1600 1238 tantaque
1626 1169 1853 1233 dixerit,

272 1269 491 1308 carnem
518 1254 665 1308 illum
693 1271 801 1308 non
817 1259 1168 1326 assumpsisse
1193 1259 1309 1312 ausi
1332 1260 1683 1329 suntquidam
1707 1275 1853 1315 asse-

276 1360 428 1398 rere:
462 1345 507 1398 si
539 1345 671 1398 nihil
704 1347 889 1400 horum
918 1347 1112 1418 dictum
1140 1346 1324 1405 fuisset
1344 1391 1359 1415 ,
1402 1351 1527 1420 quid
1553 1366 1656 1405 non
1687 1351 1855 1405 dixis-

273 1439 428 1491 sent?
456 1436 661 1491 Idcirco
688 1439 923 1508 praedicit
946 1440 1158 1510 quidem
1188 1442 1293 1497 illic
1314 1452 1371 1496 ut
1401 1443 1564 1507 Deus,
1614 1452 1667 1499 et
1690 1444 1853 1498 adve-

275 1529 388 1582 nire
417 1530 719 1598 passionem
750 1540 972 1600 exoptat
998 1549 1011 1585 τ
1046 1532 1238 1602 refugit
1263 1544 1437 1588 autem
1473 1535 1557 1589 hic
1584 1544 1637 1588 et
1662 1535 1852 1604 depre-

271 1631 452 1685 catur,
507 1632 565 1674 ut
617 1621 823 1675 homo:
870 1623 1011 1677 ultro
1054 1625 1197 1678 enim
1247 1625 1394 1679 illum
1436 1626 1501 1679 ad
1553 1628 1851 1695 passionem

272 1712 490 1765 venisse
515 1711 675 1765 docet
707 1712 835 1767 illud
856 1752 872 1779 ,
913 1713 1054 1782 quod
1089 1716 1196 1779 ait,
1239 1713 1545 1770 Potestatem
1583 1717 1739 1771 habeo
1765 1735 1854 1786 po-

271 1804 426 1855 nendi
450 1804 675 1856 animam
700 1820 880 1867 meam,
913 1816 958 1858 et
978 1815 1269 1875 potestate»:
1291 1808 1446 1861 habeo
1471 1810 1705 1862 sumendi
1722 1826 1850 1863 eam.

273 1892 441 1946 Nemo
467 1893 597 1947 tollit
641 1912 751 1948 eum
779 1913 811 1948 α
836 1913 916 1951 me
938 1913 959 1950 :
983 1914 1074 1967 ego
1098 1914 1231 1967 pono
1259 1915 1369 1951 eam
1416 1915 1448 1951 α
1499 1900 1687 1967 nteipso
1728 1900 1847 1970 (1d.

274 1984 360 2037 10.
386 1982 497 2053 18).
526 1984 807 2050 Quomodo
833 2002 960 2056 ergo
985 1987 1114 2041 dicit
1134 2030 1149 2054 ,
1183 1987 1301 2041 Non
1331 1990 1461 2042 sicut
1486 2006 1574 2061 ego
1602 1991 1733 2055 volo,
1763 1992 1850 2045 sed

268 2076 397 2128 sicut
423 2077 520 2129 tu?
546 2076 682 2144 Quid
706 2092 832 2132 vero
857 2078 1091 2144 miraris,
1118 2079 1160 2133 si
1182 2088 1305 2133 ante
1328 2081 1624 2148 passionem
1651 2092 1849 2136 tantum

272 2167 520 2222 adhibeat
556 2168 714 2222 studii
736 2212 751 2234 ,
785 2179 843 2223 ut
867 2170 1142 2224 veritatem
1182 2172 1361 2224 Carnis
1387 2171 1697 2238 conﬁrmet,
1729 2188 1849 2227 cum

269 2267 326 2313 et
370 2268 491 2328 post
527 2262 975 2316 resurrectionem
1003 2261 1320 2332 discipulum
1348 2279 1571 2318 cernens
1601 2267 1850 2320 incredu-

271 2351 414 2413 lum.
442 2359 502 2407 et
535 2354 752 2406 vulnera
797 2353 898 2421 ipsi
934 2361 988 2407 et
1023 2355 1291 2408 clavorum
1335 2356 1530 2409 ﬁxurus
1568 2357 1851 2413 ostendere

267 2459 378 2497 non
406 2446 665 2499 recusarit
685 2486 700 2510 ,
732 2454 786 2499 et
816 2461 1001 2499 manus
1026 2446 1292 2500 contactui
1337 2448 1597 2517 subjicere
1639 2449 1846 2503 cicatri-

268 2549 393 2597 ces,
422 2548 488 2588 ac
511 2535 717 2599 dicere,
753 2535 995 2589 Scrutare
1018 2545 1064 2589 et
1090 2538 1229 2599 vide,
1261 2538 1378 2608 quia
1405 2538 1610 2609 spiritus
1649 2556 1849 2593 carnem

265 2635 315 2675 et
339 2640 459 2677 ossa
483 2640 585 2678 non
604 2624 754 2678 habet
780 2624 929 2695 (Luc.
957 2625 1048 2680 24.
1079 2626 1211 2696 '59)?
1240 2628 1440 2681 Idcirco
1467 2643 1565 2684 nec
1591 2644 1618 2682 a
1649 2630 1848 2700 princi-

268 2718 358 2785 pio
380 2716 629 2785 perfectas
655 2720 829 2771 aetatis
854 2718 1123 2773 hominem
1151 2721 1407 2789 suscepit,
1438 2721 1532 2774 sed
1558 2732 1612 2775 et
1639 2724 1845 2792 concipi

264 2818 320 2861 et
350 2809 518 2870 nasci,
548 2819 599 2862 et
631 2810 764 2863 lacte
790 2811 975 2864 nutriri
1006 2812 1256 2865 sustinuit
1276 2828 1335 2866 ac
1364 2821 1508 2867 tanto
1534 2823 1772 2883 tempore
1794 2817 1845 2869 in

263 2908 409 2953 terra
441 2903 676 2966 versari,
721 2913 776 2955 ut
806 2903 907 2957 hoc
937 2905 1106 2973 ipSum
1139 2914 1191 2957 et
1218 2905 1470 2974 temporis
1499 2906 1846 2963 diuturnitate

262 3001 314 3045 et
345 2993 463 3045 aliis
487 2994 734 3045 erunibus
759 2996 1113 3049 conﬁrmaret.
1151 2994 1282 3049 Nam
1314 2998 1563 3066 quoniam
1593 3013 1843 3067 saepenu-

263 3098 415 3136 mero
445 3083 494 3135 in
524 3085 679 3137 terris
699 3086 871 3154 angeli
902 3087 952 3139 in
976 3087 1139 3141 lbrma
1169 3087 1438 3142 hominum
1463 3101 1840 3158 apparuerunt.

260 3187 424 3244 atque
452 3176 587 3231 adeo
616 3176 728 3245 ipse
772 3179 942 3243 Deus;
975 3180 1115 3248 quod
1156 3190 1331 3235 autem
1374 3182 1694 3250 apparebat,
1737 3199 1841 3238 non

258 3268 443 3321 carinis
468 3267 668 3322 veritas
691 3278 805 3323 erat
824 3311 839 3336 ,
870 3270 962 3325 sed
992 3273 1395 3340 attemperatio;
1427 3289 1494 3328 ne
1521 3274 1654 3329 forte
1683 3275 1839 3329 talem

260 3358 402 3412 hunc
444 3374 566 3413 esse
595 3360 881 3414 adventum
913 3363 1185 3417 arbitreris
1205 3408 1218 3427 ,
1251 3366 1436 3433 quales
1466 3365 1540 3418 illi
1588 3364 1838 3433 fuerunt,

257 3448 353 3503 sed
382 3465 565 3505 veram
592 3466 710 3505 esse
732 3467 945 3506 carnem
977 3454 1073 3508 tibi
1092 3456 1223 3509 ﬁdes
1252 3457 1359 3519 ﬁat,
1390 3465 1441 3511 et
1472 3470 1759 3526 conceptus
1788 3468 1842 3513 et

257 3550 417 3593 natus
454 3550 508 3594 et
536 3542 823 3608 educatus,
873 3555 1029 3614 atque
1070 3544 1122 3600 in
1165 3550 1422 3616 praesepio
1466 3552 1667 3618 positus
1708 3552 1836 3617 fuit,

255 3648 366 3684 nun
396 3633 448 3685 in
485 3633 733 3687 cubiculo
762 3636 1005 3704 quodam
1023 3639 1122 3692 St‘d'
1146 3640 1195 3692 in
1223 3640 1523 3696 diversorio
1552 3660 1729 3698 coram
1759 3646 1838 3698 in-

253 3737 481 3777 numera
515 3725 881 3791 multitudine,
909 3737 969 3782 ut
1009 3731 1169 3800 vulgo
1211 3732 1326 3802 cjus
1351 3734 1595 3790 nativitas
1632 3736 1841 3793 innote-

252 3820 453 3867 sceret.
486 3812 686 3868 Idcirco
711 3828 762 3870 et
794 3817 1003 3885 inscite,
1048 3829 1102 3874 et
1144 3823 1439 3892 pr0phetize
1475 3828 1838 3895 superioribus

255 3905 487 3973 idipsum
527 3908 738 3962 seculis
769 3911 1157 3979 praidixerunt,
1188 3930 1293 3969 non
1335 3915 1601 3973 hominem
1636 3930 1836 3977 tantum

253 3998 406 4050 illum
435 3998 671 4055 futurum
692 4042 706 4064 ,
735 4003 828 4057 sed
859 4003 973 4058 fore
1001 4013 1050 4057 ut
1081 4009 1467 4076 conciperetur,
1500 4025 1832 4080 nasceretur,

252 4100 300 4142 et
325 4106 620 4157 puerorum
644 4108 790 4147 more
810 4096 1119 4151 nutriretur.
1144 4097 1211 4152 Et
1235 4098 1335 4154 hoc
1359 4111 1436 4155 est
1459 4102 1599 4170 quod
1619 4103 1836 4160 Hesaias

252 4182 454 4233 clamat
489 4181 671 4235 dicens
698 4203 711 4239 :
745 4184 871 4238 Ecce
897 4187 1036 4257 virgo
1069 4188 1123 4242 in
1160 4201 1297 4245 utero
1327 4192 1559 4259 habebit,
1587 4204 1634 4248 et
1677 4197 1838 4265 pariet

256 4271 489 4338 Filium,
529 4284 575 4327 et
606 4279 846 4331 vocabunt
875 4295 1053 4333 nomen
1080 4284 1188 4351 ejus
1228 4282 1548 4338 Emmanuel.
1585 4284 1838 4358 Butyrum

249 4374 295 4416 et
324 4365 431 4418 me!
458 4368 679 4421 comedet
721 4369 924 4439 (Hesai.
959 4373 1012 4425 7.
1047 4375 1137 4443 14)
1172 4391 1186 4428 :
1216 4385 1286 4445 _et
1323 4391 1536 4437 rursus.
1583 4377 1836 4435 Parvulas

247 4464 404 4508 natus
432 4467 505 4509 est
551 4459 711 4523 nobis,
747 4470 792 4512 et
826 4460 870 4513 F
871 4462 989 4515 ilius
1017 4464 1165 4518 datus
1204 4476 1276 4518 est
1330 4446 1473 4521 nobis
1519 4467 1626 4538 (Id.
1659 4471 1712 4523 9.
1754 4470 1832 4542 6).

258 4544 418 4599 Vides
446 4554 503 4599 ut
544 4549 773 4615 priorem
801 4551 959 4604 etiam
992 4552 1132 4606 illius
1158 4564 1368 4609 aetatem
1396 4560 1837 4625 prienuntiarint?

255 4637 526 4708 Interroga
553 4654 683 4709 ergo
712 4640 1017 4697 haeretieum
1036 4685 1065 4708 ,_
1088 4646 1226 4700 Deus
1260 4646 1575 4704 formidatne
1598 4667 1661 4706 ac
1681 4668 1836 4707 recu-

251 4739 334 4782 sat
364 4741 739 4795 etcunctatur,
767 4742 821 4787 et
845 4734 1342 4795 tristitiaafﬁcilur?
1370 4738 1521 4806 Quod
1546 4742 1589 4795 si
1617 4742 1830 4806 dixerit,

252 4825 446 4887 etiam,
488 4821 742 4893 deinceps
785 4826 1010 4888 recede.
1054 4838 1108 4884 et
1144 4838 1319 4886 statue
1349 4832 1499 4885 illum
1538 4834 1672 4889 infra
1711 4851 1834 4892 cum

249 4909 470 4967 diabolo
489 4953 503 4978 ,
535 4914 618 4969 vel
651 4916 827 4983 potius
852 4932 928 4970 eo
945 4918 1164 4975 inferius
1190 4939 1202 4975 :
1232 4938 1404 4990 neque
1433 4924 1575 4978 enim
1619 4925 1706 4980 ille
1731 4925 1834 4982 hoc

251 5003 431 5058 dicere
458 5005 677 5061 audebit
700 5026 712 5060 :
746 5010 825 5062 sin
853 5020 1039 5065 autem.
1057 5013 1196 5068 dixe:
1214 5013 1251 5067 it
1269 5056 1297 5079 ,_
1325 5014 1456 5070 nihil
1496 5015 1685 5072 borum
1713 5034 1832 5076 esse

255 5095 363 5148 ι)ρο
390 5094 645 5165 dignum,
690 5099 803 5165 die,
846 5117 971 5171 ergo
999 5119 1098 5159 nec
1134 5117 1251 5161 urat
1286 5107 1422 5161 Deus
1446 5125 1460 5161 :
1488 5109 1688 5178 absque
1718 5111 1841 5166 istis.

251 5186 395 5239 enim
443 5197 499 5241 et
545 5190 700 5244 aliud.
739 5192 1026 5248 absurdum
1074 5196 1213 5262 erit,
1269 5199 1313 5251 si
1369 5197 1482 5254 huic
1533 5201 1626 5255 Dei
1670 5203 1830 5258 verba

251 5276 474 5332 iuerint.

326 5366 459 5423 Duae
486 5369 762 5427 voluntates
781 5373 832 5429 in
855 5372 1072 5429 Christo.
1097 5406 1168 5417 —
1189 5376 1374 5448 Neque
1394 5380 1545 5435 enitn‘
1562 5383 1721 5440 animi
1743 5398 1830 5439 so-

252 5460 361 5513 lum
396 5464 764 5519 aestuationem
809 5462 928 5521 huic
965 5469 1137 5524 verba.
1165 5471 1498 5540 significant,
1545 5474 1637 5529 sed
1666 5476 1840 5535 etiam.

251 5550 384 5605 duas
413 5551 758 5620 voluntates,
791 5572 951 5611 unam
989 5559 1201 5627 quidem
1248 5561 1395 5626 Filii,
1441 5564 1662 5619 alteram
1703 5581 1843 5620 vero.

252 5640 426 5698 Patris
448 5639 590 5701 inter
615 5659 674 5700 se
695 5649 1024 5703 contrarias:
1054 5666 1174 5703 nam
1200 5652 1341 5720 quod
1367 5653 1496 5709 dixit
1522 5674 1535 5709 :
1564 5655 1684 5712 Non
1703 5658 1827 5712 sicut

252 5746 346 5800 ego
373 5742 514 5799 rota,
547 5735 639 5789 sed
659 5737 863 5795 sicuttu
895 5736 1117 5810 (Matth.
1145 5741 1232 5795 26.
1262 5741 1389 5815 59),
1420 5747 1517 5801 hoc
1545 5748 1828 5805 indicantis

315 5849 389 5910 (α)
420 5850 773 5915 Theodoretus,
797 5853 988 5918 Dialogo
1001 5854 1049 5917 5,
1068 5853 1194 5905 hunc
1209 5854 1501 5908 lacutneitat.

3440 415 3543 469 766

1971 539 2073 585 est.
2106 532 2263 602 Atqui
2292 547 2360 587 ne
2402 531 2505 585 hoc
2528 530 2743 601 quidem
2783 543 3031 600 umquam
3079 530 3153 584 illi
3178 526 3537 592 admiserunt,

1967 625 2060 679 sed
2089 625 2242 679 nobis
2269 640 2481 695 semper
2501 624 2796 679 dicentibus
2826 622 2975 688 illud,
3006 622 3114 693 Ego
3135 634 3182 675 et
3212 620 3368 676 Pater
3385 639 3541 675 unum

1965 734 2141 772 sumus
2163 716 2343 787 (Joan.
2380 717 2469 771 i0.
2500 715 2615 782 50),
2650 717 2702 768 in
2731 714 3039 784 majestate,
3074 713 3147 768 illi
3179 714 3232 766 in
3271 713 3542 767 voluntate

1965 809 2164 863 dictum
2204 823 2322 863 esse
2353 808 2630 877 inquiunt,
2661 806 2898 860 dicentes
2940 805 3110 859 Patris
3138 813 3193 858 ct
3232 804 3353 859 Filii
3383 820 3538 857 unam

1965 915 2083 954 esse
2109 899 2458 953 voluntatem.
2475 897 2530 952 Si
2554 913 2679 967 ergo
2705 896 2875 951 Patris
2899 907 2953 950 et
2978 896 3094 949 Filii
3122 912 3223 950 una
3249 903 3332 949 est
3358 895 3542 948 volun-

1966 1001 2077 1054 tas,
2121 989 2389 1061 qnomodo
2429 989 2512 1042 hic
2549 988 2709 1050 dicit,
2763 987 3109 1041 Verumtamen
3146 1003 3246 1039 non
3288 986 3415 1040 sicut
3451 1001 3541 1054 ego

1962 1083 2075 1136 volo
2095 1122 2111 1148 ,
2141 1082 2230 1135 sed
2268 1082 2397 1134 sicut
2425 1081 2520 1133 tu?
2560 1078 2691 1134 Nam
2731 1078 2776 1131 si
2822 1079 2872 1132 in
2901 1077 3175 1132 divinitate
3200 1075 3411 1145 quidem
3441 1075 3541 1134 sit,

1961 1174 2101 1245 quod
2128 1174 2484 1238 dictum.est,
2530 1170 2767 1225 exoritur
2792 1168 3035 1239 quaedam
3077 1165 3456 1228 contradictio,
3487 1174 3542 1219 et

1964 1264 2126 1318 multa
2155 1279 2217 1317 ex
2245 1280 2310 1315 eo
2338 1260 2564 1334 absurda
2600 1269 2927 1314 nascuntur:
2956 1258 3036 1311 sin
3063 1265 3238 1311 autem
3265 1255 3318 1309 in
3344 1268 3504 1308 carne
3523 1294 3540 1317 ,

1961 1354 2151 1409 rationi
2177 1362 2531 1407 consentanea
2553 1360 2694 1412 sunt,
2722 1365 2892 1417 neque
2916 1337 3233 1416 reprehendi
3252 1344 3539 1415 quidquam

1963 1446 2155 1517 poterit
2182 1462 2195 1498 :
2228 1459 2331 1498 non
2371 1444 2511 1499 enim
2544 1456 2758 1495 carnem
2790 1439 2930 1493 nolle
2971 1438 3144 1503 mori,
3175 1435 3413 1490 damnari
3445 1448 3540 1503 po.

1962 1545 2094 1602 test,
2139 1552 2258 1592 cum
2279 1536 2392 1589 .hoc
2420 1536 2489 1589 sit
2517 1543 2751 1597 naturae;
2794 1532 2908 1600 ipse
2941 1541 3154 1591 autem,
3185 1544 3303 1599 quae
3344 1534 3542 1581 natum

1959 1639 2113 1692 sunt,
2147 1627 2323 1680 omnia
2354 1633 2548 1694 prmler
2574 1632 2843 1693 peccatum
2873 1620 3240 1690 cupiosissime
3264 1616 3540 1680 ostendat,

1960 1730 2015 1775 ut
2055 1736 2144 1774 ora
2178 1718 2546 1774 haereticorum
2590 1716 2821 1770 obturet.
2855 1712 3078 1781 Quando
3107 1727 3233 1779 ergo
3272 1709 3432 1774 dicit,
3478 1708 3540 1764 Si

1959 1811 2192 1883 possibile
2215 1820 2313 1874 est,
2341 1816 2560 1861 transeat
2588 1825 2619 1859 a
2645 1822 2723 1858 me
2747 1805 2885 1859 calta:
2906 1805 3016 1868 ists,
3044 1811 3115 1865 et,
3152 1801 3271 1855 Non
3296 1802 3424 1855 sicut
3448 1816 3540 1871 ego

1958 1905 2090 1969 volo,
2134 1903 2223 1957 sed
2264 1902 2392 1954 sicut
2435 1910 2489 1952 tu
2532 1898 2753 1969 (Matth.
2779 1897 2868 1950 26.
2898 1896 3023 1964 59),
3069 1894 3198 1948 nihil
3251 1892 3393 1947 aliud
3434 1908 3540 1962 pra:

1958 2011 2014 2049 se
2043 1995 2175 2057 fert,
2224 1993 2323 2046 nisi
2362 2007 2419 2045 se
2453 2006 2579 2046 vere
2620 2004 2780 2044 carne
2817 1985 3203 2043 circumdatum
3239 1998 3388 2049 esse,
3422 1999 3540 2053 qua:

1957 2096 2181 2139 mortem
2213 2082 2558 2138 reformidet:
2588 2081 2731 2134 illius
2766 2080 2908 2133 enim
2947 2087 3029 2132 est
3059 2085 3284 2132 mortem
3317 2077 3537 2134 timere.

1956 2185 2011 2230 et
2032 2190 2277 2229 recusare
2301 2183 2355 2228 et
2382 2187 2616 2228 maerore
2642 2171 2798 2224 afﬁci.
2831 2168 3159 2237 Quandoque
3186 2168 3348 2234 igitur
3375 2165 3534 2221 desti-

1959 2275 2121 2320 tutam
2154 2266 2292 2318 illam
2321 2272 2377 2318 et
2419 2262 2667 2316 nudatam
2711 2260 2927 2329 propria
2962 2259 3272 2329 operatione
3311 2256 3540 2310 derelin-

1956 2358 2101 2427 quit,
2133 2365 2190 2410 ut
2229 2370 2348 2409 cum
2379 2354 2493 2423 ejus
2521 2352 2879 2405 inﬁrmitatem
2908 2347 3231 2412 ostenderit,
3259 2346 3376 2416 ejus
3403 2360 3538 2415 quo-

1956 2467 2059 2521 que
2100 2459 2299 2503 natm-te
2332 2448 2487 2500 ﬁdem
2530 2444 2685 2499 faciat
2723 2461 2736 2497 :
2781 2441 3095 2511 quandoque
3131 2454 3259 2494 vero
3294 2437 3535 2492 eamdem

1954 2544 2120 2606 celat,
2156 2553 2211 2595 ut
2238 2541 2435 2594 nudum
2466 2538 2731 2591 hominem
2761 2550 2867 2588 non
2894 2532 3058 2588 fuisse
3094 2531 3373 2600 intelligas.
3405 2528 3535 2583 Nam

1953 2630 2399 2699 quemadmodum
2448 2628 2491 2681 si
2544 2643 2759 2697 semper
2806 2626 3032 2679 humana
3077 2621 3532 2678 demonstrasset.

1953 2724 2054 2778 hoc
2078 2725 2261 2792 utique
2287 2721 2543 2775 creditum
2585 2718 2771 2772 fuisset
2808 2734 2821 2770 :
2855 2716 2925 2769 ita
2965 2714 3010 2767 si
3054 2726 3266 2780 semper
3293 2726 3411 2779 quae
3445 2710 3534 2763 Dei

1952 2827 2074 2870 sunt
2100 2813 2441 2882 perfecisset,
2470 2807 2882 2878 dispensationis
2909 2804 3104 2859 rationi
3142 2801 3275 2859 ﬁdes
3301 2798 3534 2855 adhibita

1952 2922 2057 2960 non
2082 2904 2286 2958 fuisset.
2313 2903 2597 2971 Propterea
2620 2898 2792 2952 variat
2809 2907 2859 2951 et
2883 2895 3212 2951 intermiscet
3231 2907 3352 2946 cum
3374 2889 3532 2946 verba

1952 3007 2061 3050 tum
2088 2995 2345 3055 actiones,
2378 3000 2435 3044 ut
2463 3004 2634 3059 neque
2663 2989 2807 3043 Pauli
2835 2985 3130 3041 Samosatei
3151 3024 3165 3048 ,
3199 2997 3373 3053 neque
3392 2981 3534 3035 Mar-

1948 3088 2117 3143 cionis
2140 3096 2194 3142 et
2217 3084 2488 3140 Manichaai
2520 3082 2707 3136 morbo
2736 3094 2799 3135 ac
2826 3079 2989 3134 furori
3015 3077 3250 3146 prtebeat
3288 3074 3529 3130 occasio-

1949 3197 2070 3236 nem
2096 3198 2109 3234 :
2143 3179 2264 3233 ideo
2289 3186 2348 3231 et;
2376 3175 2518 3246 quod
2547 3175 2782 3227 futurum
2812 3180 2891 3224 est
2920 3168 3160 3240 praedicit
3186 3177 3247 3221 ut
3271 3167 3446 3231 Dens,
3476 3174 3531 3221 et

1947 3285 2130 3328 rursus
2158 3280 2214 3324 ut
2244 3269 2402 3322 homo
2429 3272 2657 3321 recusat.

2017 3390 2069 3442 7.
2101 3386 2400 3441 Exhortatio
2421 3383 2626 3437 moralis
2647 3381 2714 3435 ad
2738 3380 3033 3434 orationem.
3054 3406 3125 3416 —
3149 3375 3349 3428 Vellem
3379 3372 3529 3441 equi-

1946 3480 2065 3534 dem
2097 3479 2324 3548 reliquas
2352 3476 2510 3530 etiam
2537 3489 2726 3529 causas
2756 3485 3085 3541 percurrere,
3114 3476 3271 3537 atque
3297 3481 3365 3520 ex
3397 3462 3528 3535 ipsis

1945 3571 2239 3625 actionibus
2266 3567 2529 3631 indicare,
2566 3561 3011 3635 quemadmodum
3044 3560 3162 3624 hic,
3197 3559 3319 3613 dum
3352 3557 3527 3611 carnis

1946 3662 2304 3716 inﬁrmitatem
2352 3658 2693 3718 ostenderet,
2749 3655 2824 3709 sic
2870 3662 2925 3708 et
2969 3652 3093 3706 alibi
3143 3664 3330 3705 rursus
3378 3649 3522 3703 illum

1943 3769 2156 3818 orasse,
2188 3753 2313 3806 dum
2355 3750 2651 3804 auditorum
2694 3746 3057 3801 inﬁrmitatem
3081 3743 3390 3813 corrigeret.
3416 3739 3523 3795 Ne-

1942 3863 2046 3917 que
2070 3847 2210 3900 enim
2237 3853 2444 3911 cuncta,
2474 3858 2590 3913 qua:
2620 3840 2888 3894 humiliter
2915 3838 3051 3892 dicta
3082 3844 3225 3899 sunt,
3255 3834 3324 3889 ob
3349 3833 3523 3887 carnis

1943 3939 2193 3993 amictum
2237 3935 2408 3990 solum
2454 3948 2573 3988 esse
2611 3933 2751 3985 dicta
2794 3928 3118 3984 censendum
3160 3936 3277 3989 est,
3317 3924 3412 3979 sed
3454 3923 3525 3977 ob

1941 4029 2071 4083 alias
2099 4028 2257 4083 etiam
2287 4040 2419 4095 quas
2446 4023 2629 4089 attuli,
2670 4036 2857 4075 causas
2882 4037 2894 4073 :
2924 4027 3287 4074 verumtamen
3322 4029 3391 4069 ne
3419 4028 3516 4069 eo-

1940 4136 2094 4186 rum,
2142 4135 2260 4189 qua:
2301 4117 2440 4172 dicta
2468 4114 2694 4175 fuerint,
2737 4110 3016 4166 multitudo
3038 4123 3221 4163 eorum
3243 4147 3258 4171 ,
3296 4121 3414 4175 quas
3438 4105 3524 4159 αις

1939 4211 2103 4267 cenda
2135 4220 2290 4273 sunt,
2319 4207 2522 4277 copiam
2553 4205 2758 4266 obruat,
2803 4202 2887 4256 hic
2911 4202 3070 4255 ﬁnem
3101 4197 3297 4253 faciens
3322 4195 3514 4250 adver-

1939 4318 2032 4359 sus
2053 4318 2146 4357 eos
2172 4301 2419 4364 dicendi,
2436 4308 2493 4354 et
2513 4295 2732 4366 reliquis
2770 4295 2824 4348 in
2849 4292 3012 4346 alium
3037 4290 3179 4345 diem
3213 4286 3423 4358 rejectis
3447 4284 3517 4339 ad

1940 4393 2194 4448 orationis
2222 4405 2402 4445 rursus
2429 4387 2849 4443 cohortationem
2887 4397 2974 4436 me
3005 4387 3337 4435 convertam.
3364 4376 3514 4431 Licet

1939 4484 2079 4538 enim
2109 4484 2174 4535 de
2205 4482 2304 4535 hoc
2326 4484 2636 4548 argumento
2655 4490 2797 4544 szepe
2825 4474 2980 4527 verba
3006 4471 3309 4534 fecerimus,
3337 4479 3514 4523 tamen

1941 4592 2116 4646 opem:
2141 4573 2365 4644 pretium
2392 4570 2580 4634 fuerit,
2608 4576 2665 4623 ut
2698 4581 2837 4620 nunc
2862 4565 3022 4621 etiam
3051 4563 3119 4619 de
3145 4578 3212 4618 eo
3234 4562 3469 4618 dicamus
3496 4578 3510 4615 :

1941 4685 2059 4722 nam
2089 4675 2142 4721 et
2163 4680 2344 4720 earum
2373 4663 2597 4718 vestium
2634 4675 2752 4731 qum
2775 4657 2943 4714 semel
2970 4658 3147 4712 tinctae
3173 4655 3397 4718 fuerint,
3430 4654 3514 4708 fa-

1937 4760 2038 4815 cile
2063 4759 2209 4812 color
2233 4755 2502 4810 evanescit
2529 4770 2543 4809 :
2575 4767 2705 4822 quas
2732 4766 2859 4805 vero
2885 4749 3152 4803 multoties
3180 4755 3232 4802 et
3259 4745 3509 4816 frequen-

1939 4858 2018 4902 ter
2048 4850 2323 4901 immersus
2351 4844 2630 4899 eduxerint
2651 4840 2961 4902 infectores,
3002 4854 3080 4893 ea:
3108 4836 3293 4891 florem
3319 4834 3515 4890 coloris

1939 4937 2316 4994 innnutabilem
2358 4945 2604 5000 servant;
2653 4933 2756 4989 hoc
2796 4941 2849 4987 et
2896 4933 2949 4986 in
2998 4927 3275 4984 animabus
3314 4925 3512 4980 nostris

1935 5030 2218 5100 contingit;
2265 5029 2311 5082 si
2353 5027 2564 5097 quando
2605 5026 2745 5080 enim
2786 5021 2972 5078 eadem
3004 5021 3161 5076 verba
3203 5018 3510 5087 frequenter

1936 5119 2279 5183 audierimus,
2311 5118 2459 5186 quasi
2489 5116 2768 5169 tincturam
2797 5111 3081 5182 quamdam
3106 5116 3378 5176 exceptam
3408 5107 3504 5158 do-

1935 5211 2158 5265 ctrinam
2186 5223 2290 5262 non
2318 5206 2471 5261 facile
2494 5204 2842 5275 deponemus.
2870 5200 2946 5256 Ne
2968 5201 3125 5270 igitur
3152 5196 3508 5268 perfunctorie

1933 5303 2210 5358 audiamus
2235 5318 2248 5354 :
2280 5314 2381 5353 non
2409 5298 2551 5353 enim
2577 5306 2676 5359 est,
2707 5310 2811 5349 non
2841 5301 2955 5358 est,
2989 5293 3200 5362 inquam
3222 5331 3236 5355 ,
3269 5287 3509 5344 oratione

1933 5395 2220 5465 quidquam
2251 5389 2547 5461 potentius,
2581 5397 2669 5441 aut
2697 5385 2840 5455 quod
2877 5383 2927 5438 ei
2955 5383 3119 5450 possit
3140 5380 3359 5451 aequari.
3390 5377 3520 5433 Non;

1933 5488 2010 5541 sic
2042 5485 2266 5539 amictus
2294 5495 2524 5550 purpura
2554 5475 2859 5545 splendidus
2888 5482 2971 5529 est
2999 5473 3309 5542 imperator,
3337 5478 3396 5525 ut
3419 5471 3509 5541 qui

1933 5584 2050 5631 orat
2069 5616 2083 5639 ,
2131 5572 2394 5641 colloquio
2419 5585 2539 5623 cum
2571 5569 2682 5623 Deo
2709 5575 3015 5622 exornatus.
3064 5562 3131 5619 Ut
3170 5564 3313 5618 enim
3340 5562 3383 5617 si
3411 5563 3508 5617 ad-

1933 5674 2107 5720 stante
2134 5663 2402 5727 exercitu,
2445 5658 2698 5720 ducibus.
2743 5655 3168 5726 magistratibus,
3203 5653 3506 5713 consulibus

1934 5755 2149 5819 multis,
2198 5751 2457 5808 accedens
2499 5750 2616 5820 quis
2647 5748 2887 5818 privatim
2930 5762 3055 5802 eum
3096 5746 3418 5814 imperatore
3455 5742 3508 5797 in

1940 5850 2257 5920 rclloquium
2284 5847 2477 5913 veniat,
2506 5856 2815 5901 cunctorum
2843 5842 3026 5926 oculos
3052 5840 3117 5895 ad
3138 5856 3195 5896 se
3222 5837 3500 5901 convertit,
