4062 6166
499 419 602 474 767

505 553 676 609 eaque
706 539 909 592 ratione
937 537 998 592 fit
1035 536 1310 601 illustrior,
1355 536 1436 589 sie
1471 542 1524 589 et
1559 534 1830 588 orantibus
1867 531 2077 587 accidit.

500 629 680 698 Cogita
715 643 940 697 namque
975 635 1226 696 quantum
1263 625 1391 679 illud
1433 625 1503 680 sit
1541 624 1771 678 futurum
1793 666 1808 689 ,
1842 634 1898 678 ut
1937 639 2074 692 prte-

499 719 744 772 sentihus
765 718 966 787 angelis
984 757 997 780 ,
1026 716 1353 770 adstantibus
1379 714 1731 782 archangelis,
1761 714 2037 782 Seraphim
2055 754 2070 778 ,

499 809 806 873 Chet'uhim,
826 809 1137 876 caelerisque
1158 806 1438 860 virtutibus
1465 807 1729 871 onmibus,
1751 822 1886 858 unus
1918 805 2076 858 homo

501 901 662 952 multa
706 915 826 954 cum
873 899 1062 952 fiducia
1101 899 1266 968 possit
1305 896 1591 960 accedere,
1649 906 1702 950 et
1739 911 1858 949 eum
1907 897 2072 948 virtu-

505 999 614 1042 tum
672 991 877 1042 illarum
923 1005 1046 1057 rege
1093 987 1354 1056 colloqui;
1398 1002 1522 1040 num
1560 986 1660 1039 hoc
1690 985 1765 1039 illi
1799 972 2081 1054 cujuslibet

502 1080 720 1132 honoris
747 1081 910 1133 instar
934 1078 1072 1133 erit?
1098 1077 1280 1147 Neque
1298 1093 1425 1131 vero
1452 1085 1651 1129 tantum
1679 1077 1955 1138 honorem,
1979 1075 2071 1128 sed

503 1171 780 1225 utilitatem
819 1187 1030 1241 quoque
1073 1171 1355 1224 maximam
1405 1184 1684 1238 possumus
1729 1183 1792 1222 ex
1837 1168 2076 1222 oratioaie

503 1262 792 1330 decerpere
811 1303 824 1323 ,
856 1262 938 1315 vel
968 1262 1129 1315 etiam
1155 1270 1434 1329 antequam
1464 1259 1515 1313 id
1545 1259 1684 1328 quod
1725 1259 1949 1328 petimus
1977 1259 2076 1312 oh-

506 1353 833 1406 tinuerimus.
874 1351 1005 1405 Nam
1038 1350 1196 1404 simul
1241 1359 1400 1416 atque
1429 1364 1618 1404 manus
1655 1349 1708 1402 in
1739 1349 1931 1404 cmlum
1963 1348 2079 1416 quis

503 1441 832 1506 extenderit,
880 1441 1152 1510 Deumque
1182 1440 1471 1503 invocarit,
1516 1437 1792 1493 confestim
1828 1454 1893 1492 ex
1921 1438 2078 1492 rebus

505 1533 733 1585 excessit
751 1530 1017 1596 humanis,
1045 1531 1110 1584 ad
1133 1529 1361 1584 futuram
1389 1530 1548 1583 vitam
1575 1537 1752 1584 mente
1774 1529 2076 1592 translatus,

505 1635 568 1674 ac
596 1620 844 1689 deinceps
873 1635 990 1690 quae
1016 1630 1136 1675 sunt
1162 1621 1213 1673 in
1254 1620 1396 1674 ctelis
1425 1621 1604 1673 animo
1631 1619 1893 1688 concipit;
1923 1619 2085 1673 nihil-

504 1725 609 1779 que
637 1725 758 1764 cum
795 1711 894 1764 hac
925 1711 1026 1762 vita
1056 1725 1336 1764 commune
1378 1719 1615 1779 tempore
1642 1709 1961 1778 precationis
1989 1709 2076 1762 hac

507 1801 614 1867 bet,
645 1803 688 1855 si
714 1802 992 1872 diligenter
1013 1811 1257 1872 precatus
1278 1802 1473 1856 fuerit:
1506 1802 1599 1856 sed
1629 1803 1752 1857 licet
1777 1801 2087 1856 effervescat

505 1891 771 1944 iracundia
797 1933 812 1957 ,
845 1891 996 1946 facile
1022 1892 1235 1946 sedatur
1259 1911 1272 1945 :
1303 1892 1426 1946 licet
1451 1891 1712 1960 cupiditas
1738 1892 2048 1946 exardescat
2067 1931 2082 1957 ,

505 1981 893 2050 exstinguitur:
928 1982 1052 2036 licet
1078 1983 1274 2037 invidia
1307 1991 1580 2052 torqueat,
1611 1983 1775 2036 multa
1808 1998 1928 2037 eum
1955 1983 2082 2036 faci-

506 2076 652 2125 litate
681 2073 1002 2142 depellitur:
1035 2074 1280 2144 idemque
1307 2075 1598 2143 contingit,
1638 2074 1780 2143 quod
1809 2076 2087 2129 exoriente

503 2163 617 2217 sole
644 2163 901 2232 propheta
943 2164 1072 2218 dicit
1109 2165 1437 2234 contingere.
1471 2166 1607 2231 Quid
1651 2167 1779 2221 illud
1813 2168 1933 2221 est?
1974 2166 2083 2220 Po-

509 2255 657 2307 suisti
686 2256 908 2308 tenebras
928 2297 943 2322 ,
976 2265 1021 2308 et
1057 2257 1193 2324 facta
1220 2267 1291 2310 est
1316 2272 1418 2309 nox
1438 2273 1456 2310 :
1487 2257 1540 2310 in
1578 2257 1690 2324 ipsa
1719 2257 2088 2325 pertransibunt

509 2362 678 2398 omnes
700 2345 865 2399 bestia:
885 2346 1038 2415 sylva:
1059 2361 1078 2399 :
1102 2347 1258 2399 catuli
1281 2347 1480 2400 leonum
1499 2347 1764 2417 rugientes,
1790 2357 1841 2400 ut
1863 2347 2084 2416 rapiant,

506 2443 552 2487 et
576 2444 801 2500 quierant
827 2451 858 2486 a
882 2432 993 2487 Deo
1035 2452 1198 2488 escam
1225 2437 1340 2488 sibi.
1381 2435 1534 2489 Ortus
1565 2445 1636 2489 est
1661 2436 1737 2489 sol
1755 2477 1768 2501 ,
1802 2445 1846 2489 et
1875 2453 2086 2507 congre-

507 2525 612 2594 gati
640 2534 774 2589 sunt,
805 2533 849 2578 et
876 2527 929 2579 in
961 2525 1204 2579 cubilibus
1231 2527 1335 2580 suis
1362 2525 1738 2580 collocabantur
1765 2527 1936 2598 (Psal.
1961 2527 2084 2582 105.

510 2616 718 2689 20-22).
750 2616 818 2671 Ut
863 2618 1021 2686 igitur
1046 2619 1206 2672 radiis
1231 2619 1357 2672 solis
1378 2619 1736 2674 exorientibus
1757 2620 1879 2674 fera:
1901 2636 2088 2675 omnes

509 2703 773 2775 fugantur,
803 2717 856 2760 et
885 2709 936 2760 in
963 2723 1056 2761 sua
1080 2707 1246 2762 lustra
1275 2708 1555 2764 discedunt
1580 2729 1592 2764 :
1625 2711 1695 2766 ita
1717 2712 1966 2766 nimirum
1999 2713 2086 2767 ubi

509 2808 776 2863 tamquam
805 2797 984 2851 radius
1013 2799 1225 2867 quidam
1250 2813 1316 2854 ex
1337 2816 1429 2854 ore
1455 2811 1638 2856 nostro
1661 2802 1942 2872 linguaque
1964 2819 2087 2857 ora-

508 2891 583 2945 tio
610 2904 729 2945 sese
769 2891 1048 2957 effuderit,
1096 2907 1214 2946 cum
1246 2908 1399 2948 mens
1443 2893 1793 2962 illuminatur,
1838 2906 1946 2950 tum
1990 2911 2086 2950 exâ€”

513 2989 690 3050 pertes
717 2982 936 3037 rationis
968 2998 1031 3036 ac
1058 2982 1306 3038 belluinte
1347 2985 1772 3053 perturbationes
1817 2986 2090 3056 aufugiunt

511 3079 568 3126 et
591 3071 891 3142 abiguntur,
915 3083 1070 3141 atque
1093 3072 1144 3126 in
1171 3089 1296 3128 suos
1321 3090 1511 3144 specus
1531 3075 1838 3140 abscedunt,
1863 3077 1905 3129 si
1929 3076 2087 3132 modo

507 3164 807 3235 diligenter,
837 3165 882 3218 si
913 3173 1116 3220 attento
1155 3167 1362 3228 animo,
1395 3167 1438 3220 si
1478 3176 1658 3222 mente
1683 3167 1919 3236 vigilanti
1963 3184 2086 3222 ora-

507 3256 756 3310 verimus.
791 3256 924 3310 Tum
953 3257 1077 3311 licet
1102 3256 1329 3312 adfuerit
1353 3257 1624 3324 diabolus,
1665 3260 1934 3329 abigitur:
1965 3261 2088 3314 licet

507 3346 748 3413 daemon,
792 3348 1010 3401 recedit.
1044 3347 1176 3401 Nam
1218 3348 1296 3412 si,
1343 3349 1561 3403 domino
1586 3351 1847 3421 colloquia
1879 3364 2089 3408 serente

507 3453 627 3491 cum
660 3453 834 3501 servo,
865 3440 1040 3495 nullus
1068 3456 1134 3492 ex
1163 3440 1434 3494 conservis
1459 3483 1472 3507 ,
1521 3457 1587 3495 ne
1631 3457 1694 3496 ex
1725 3443 1831 3496 illis
1873 3445 2088 3512 quidem

507 3530 596 3598 qui
622 3528 865 3583 fiduciam
894 3530 1035 3597 apud
1065 3531 1211 3584 illttm
1241 3531 1514 3597 obtinent,
1552 3532 1771 3587 auderet
1797 3534 2085 3602 accedere,

507 3629 562 3672 et
588 3618 734 3671 illum
767 3619 1050 3674 obturbare
1076 3638 1087 3672 :
1124 3620 1291 3675 multo
1319 3622 1495 3675 minus
1520 3622 1572 3676 hi
1597 3639 1662 3677 ex
1688 3639 1873 3678 eorum
1903 3642 2089 3681 nume-

507 3723 589 3774 ro,
620 3709 708 3778 qui
750 3709 916 3762 Deum
944 3708 1306 3776 offenderunt,
1336 3728 1508 3782 neque
1538 3713 1782 3768 fiduciam
1810 3716 2084 3783 obtinent,

509 3798 662 3852 nobis
689 3800 740 3852 in
769 3799 1004 3854 divinum
1033 3801 1351 3870 colloquium
1381 3803 1625 3858 admissis
1651 3806 1960 3876 obstrepere
1990 3824 2088 3878 po-

511 3899 720 3956 terunt,
760 3891 803 3944 si
833 3892 1155 3946 conveniens
1181 3893 1413 3948 studium
1449 3895 1465 3926 Î¹
1503 3895 1915 3952 adhibuerimus.
1957 3899 2089 3954 Ora-

511 3983 583 4038 tio
609 3993 792 4054 porttts
823 3994 1134 4054 tempestate
1157 3987 1390 4056 jactatis,
1430 3988 1804 4046 fluctuantibus
1832 3993 2083 4060 anchora,

576 4116 592 4148 Î¹
629 4114 776 4175 Alius,
801 4116 1148 4168 convenientem
1171 4119 1501 4170 reverentiam.

1233 415 1289 471 á½ƒ.
1330 413 1608 470 JOANNIS
1643 413 2120 470 CHRYSOSTOMI
2158 411 2476 468 ARCHIEP.
2517 409 3047 468 CONSTANTINOP.

3656 409 3761 466 768

2191 530 2358 599 scipio
2405 529 2787 594 titubantibus,
2837 541 3129 598 pauperum
3178 526 3489 589 thesaurus,
3540 523 3763 581 divitum

2183 621 2461 687 securitas,
2491 620 2794 675 morborum
2821 619 3046 684 curatio,
3075 617 3314 672 custodia
3340 619 3598 671 sanitatis.
3629 615 3764 671 Ora-

2186 713 2260 765 tio
2275 711 2429 765 simul
2454 721 2506 766 et
2527 712 2662 764 bona
2684 711 2834 765 nobis
2852 711 3066 764 immota
3089 718 3387 773 conservat,
3411 716 3464 762 et
3484 707 3764 761 confestim

2186 803 2324 855 mala
2355 810 2670 856 transmutat
2695 819 2707 854 :
2739 801 2851 854 sive
2880 800 3104 854 tentalio
3134 800 3420 864 invaserit,
3452 797 3607 852 facile
3637 814 3766 866 pro-

2184 894 2460 962 pulsatur:
2509 894 2624 946 sive
2669 893 3007 962 pecuniarum
3045 891 3287 962 jactura,
3333 893 3446 946 sive
3489 891 3768 961 quodlibet

2185 985 2326 1037 aliud
2352 999 2567 1049 eorum,
2595 999 2714 1052 qute
2737 983 3034 1036 molestiam
3062 982 3254 1035 animae
3283 989 3479 1035 nostra:
3509 983 3762 1045 inurunt,

2185 1083 2372 1126 cuneta
2399 1089 2558 1142 quam
2588 1073 2816 1142 primum
2846 1073 3075 1142 repellit.
3103 1070 3286 1126 Oratio
3313 1072 3559 1127 mwroris
3587 1071 3769 1126 omnis

2187 1162 2468 1231 refugium,
2503 1162 2788 1216 hilaritatis
2814 1169 3184 1230 argumentum
3207 1200 3224 1226 ,
3256 1161 3467 1215 occasio
3493 1170 3768 1229 perpetuae

2189 1253 2474 1322 voluptatis
2496 1293 2509 1315 ,
2553 1252 2903 1322 philosophiae
2933 1261 3122 1305 mater.
3151 1250 3250 1317 Qui
3281 1250 3562 1319 diligenter
3591 1257 3772 1318 potest

2188 1358 2360 1408 orare,
2388 1343 2512 1396 licet
2538 1343 2774 1396 omnium
2804 1343 2874 1395 sit
2895 1341 3286 1410 pauperrimus,
3313 1349 3490 1393 tamen
3521 1340 3763 1393 omnium

2188 1443 2269 1488 est
2293 1433 2586 1488 ditissimus
2612 1451 2624 1486 :
2655 1443 2712 1487 ut
2739 1433 2827 1502 qui
2852 1433 3094 1487 oratione
3118 1431 3402 1485 destitutus
3429 1440 3528 1493 est,
3560 1430 3686 1484 licet
3714 1430 3768 1483 in

2189 1539 2303 1591 ipso
2332 1523 2478 1592 regio
2499 1523 2693 1577 throno
2727 1522 2938 1588 sedeat,
2971 1522 3207 1575 omnium
3228 1532 3309 1575 est
3337 1521 3769 1591 pauperrimusâ€˜.

2187 1614 2374 1669 Nonne
2399 1631 2488 1668 rex
2519 1624 2633 1668 erat
2661 1613 2865 1678 Achab,
2895 1622 2950 1667 et
2979 1615 3082 1667 vim
3117 1615 3230 1667 auri
3257 1615 3565 1684 argentique
3596 1612 3770 1667 habe-

2188 1705 2278 1758 bat
2307 1705 2657 1759 immensam?
2682 1705 2751 1758 At
2777 1706 3027 1774 quoniam
3057 1705 3350 1758 orationem
3382 1720 3486 1759 non
3513 1704 3769 1770 habebat,

2188 1796 2361 1850 Eliam
2387 1811 2632 1865 quan-ens
2657 1796 3002 1860 circumibat,
3034 1795 3337 1861 hominem,
3370 1795 3459 1864 qui
3486 1811 3658 1865 neque
3682 1795 3770 1849 di-

2188 1887 2481 1940 versorium
2503 1926 2518 1951 ,
2561 1901 2735 1956 neque
2767 1896 2966 1941 vestem
2998 1887 3258 1952 habebat,
3303 1887 3396 1941 scd
3422 1888 3654 1941 meloten
3681 1901 3776 1942 so-

2190 1977 2316 2030 lam.
2345 1977 2481 2044 Quid
2514 1979 2614 2034 hoc
2657 1978 2759 2032 sibi
2800 1979 2946 2045 vult,
2995 1979 3209 2048 quaeso?
3250 1978 3331 2032 Tu
3365 1979 3454 2048 qui
3499 1989 3574 2032 tot
3605 1979 3773 2034 babes

2189 2070 2503 2139 apothecas,
2533 2086 2652 2124 eum
2679 2071 2767 2142 qui
2800 2070 2931 2125 nihil
2955 2070 3116 2124 habet
3139 2071 3381 2140 quaeris?
3425 2070 3497 2124 Ita
3537 2079 3650 2134 est,
3683 2071 3773 2124 in-

2189 2164 2302 2232 quit
2330 2181 2343 2217 :
2372 2179 2490 2217 nam
2517 2163 2643 2232 quid
2672 2163 2800 2216 mihi
2828 2163 3038 2218 tandem
3067 2173 3290 2232 prosunt
3310 2163 3426 2218 haec
3455 2173 3772 2232 promptua-

2191 2255 2289 2315 ria,
2321 2269 2440 2307 cum
2470 2253 2556 2308 hic
2582 2254 2733 2308 nobis
2757 2255 2950 2309 caelum
2975 2255 3240 2317 clauserit,
3272 2264 3327 2308 et
3355 2254 3557 2308 inutilia
3581 2262 3778 2308 cuncta

2191 2342 2511 2397 reddiderit?
2541 2343 2718 2406 Vides,
2765 2353 2820 2398 ut
2849 2344 2935 2398 hic
2961 2345 3053 2398 illo
3081 2345 3238 2398 fuerit
3264 2344 3605 2413 opulentior?
3636 2343 3779 2398 Nam

2191 2449 2465 2504 quousque
2504 2451 2686 2490 vocem
2717 2435 2804 2489 hic
2839 2437 3140 2502 emitteret,
3173 2436 3225 2490 in
3269 2436 3432 2490 multa
3461 2447 3778 2505 paupertate

2191 2542 2282 2581 rex
2309 2542 2428 2580 cum
2458 2535 2568 2581 toto
2592 2529 2845 2582 comitatu
2868 2529 3199 2583 versabatur.
3225 2527 3269 2582 ÎŸ
3297 2544 3406 2581 rem
3435 2528 3774 2583 mirabilem!

2191 2616 2267 2671 Ne
2305 2625 2505 2671 vestem
2536 2618 2747 2686 quidem
2792 2617 3012 2686 habuit,
3057 2628 3112 2673 ct
3155 2619 3346 2673 carl-um
3374 2620 3601 2674 clausit:
3650 2620 3784 2675 ideo

2193 2707 2441 2760 nimirum
2469 2709 2653 2762 caelum
2676 2709 2880 2774 clausit,
2909 2711 3032 2780 quia
3054 2721 3256 2764 vestem
3283 2727 3387 2764 non
3410 2711 3618 2771 habmt:
3648 2712 3780 2780 quia

2193 2797 2321 2850 nihil
2355 2798 2440 2852 hic
2461 2799 2728 2868 possedit,
2777 2799 2975 2854 idcirco
3020 2802 3242 2854 multam
3268 2789 3508 2855 exhibuit
3537 2812 3776 2871 potesta-

2194 2895 2336 2953 tem;
2369 2905 2489 2942 cmn
2531 2889 2674 2944 labra
2721 2901 2924 2944 tantum
2975 2890 3304 2957 diduxisset,
3353 2904 3408 2945 ut
3451 2893 3712 2947 innumeri
3744 2909 3779 2947 e

2193 2979 2324 3033 czelo
2353 2980 2583 3035 thesauri
2611 2982 2986 3037 delaberentur
3015 2983 3210 3037 effecit.
3239 2983 3283 3037 0
3305 2992 3542 3039 sanctum
3571 2999 3654 3048 os,
3685 2983 3773 3040 cui

2194 3068 2366 3124 fontes
2405 3072 2657 3127 imbrium
2686 3073 2928 3127 inerant!
2966 3089 3000 3127 o
3036 3072 3267 3143 linguam
3297 3074 3466 3128 stillas
3489 3073 3775 3128 effunden-

2197 3163 2335 3216 tem!
2383 3177 2416 3214 Î¿
2460 3177 2643 3216 vocem
2688 3163 2842 3218 bonis
2886 3165 3180 3218 innumeris
3225 3165 3641 3219 scaturientem!
3691 3165 3782 3219 Ad

2195 3252 2335 3306 hunc
2361 3253 2518 3322 igitur
2551 3265 2761 3309 nostros
2785 3270 2998 3325 semper
3025 3255 3208 3310 oculos
3237 3264 3610 3311 convertentes
3640 3271 3780 3324 pau-

2195 3358 2376 3411 perem
2406 3344 2561 3398 simul
2591 3353 2646 3399 et
2667 3344 2884 3400 divitem
2903 3387 2916 3410 ,
2948 3345 3039 3416 qui
3065 3345 3214 3400 dives
3260 3346 3456 3401 idcirco
3485 3345 3617 3412 fuit,
3651 3347 3778 3416 quia

2195 3449 2395 3502 pauper
2421 3435 2536 3501 fuit,
2569 3447 2977 3491 contemnamus
3002 3437 3308 3506 praesentia,
3331 3438 3780 3508 concupiscamus

2194 3524 2409 3580 futura:
2453 3528 2531 3582 sic
2573 3529 2714 3582 enim
2760 3537 2814 3583 et
2859 3544 2977 3598 quae
3021 3529 3108 3583 hie
3146 3538 3308 3594 sunt,
3366 3539 3421 3583 et
3463 3543 3578 3598 quae
3625 3529 3784 3597 illic,

2193 3615 2369 3669 omnia
2401 3616 2538 3670 bona
2566 3633 2982 3688 consequemur.
3014 3619 3144 3686 Quae
3170 3619 3322 3673 nobis
3355 3619 3602 3674 omnibus
3632 3634 3776 3688 pra:-

2193 3717 2334 3762 stare
2378 3709 2626 3779 dignetur
2673 3713 2841 3781 gratia
2893 3719 2948 3767 et
2996 3711 3295 3782 benignitas
3347 3711 3552 3765 Domini
3604 3712 3786 3765 nostri

2191 3796 2316 3853 .lesu
2343 3799 2574 3866 Christi,
2615 3816 2736 3856 eum
2779 3817 2884 3871 quo
2923 3801 3065 3856 Patri
3092 3802 3258 3872 gloria
3288 3802 3551 3871 simulque
3589 3811 3788 3855 sancto

2194 3887 2446 3957 Spiritui,
2494 3907 2634 3945 nunc
2673 3901 2727 3947 et
2765 3908 2976 3960 semper
3004 3902 3060 3947 et
3097 3893 3150 3947 in
3181 3893 3373 3948 saecula
3414 3894 3734 3947 saeculorum
3760 3935 3774 3958 ,

2194 3982 2386 4036 Amen.

2257 4073 2274 4102 Î¹
2311 4079 2397 4135 Pro
2421 4073 2602 4132 verbis,
2625 4075 2977 4135 pauperrimus.
3002 4083 3161 4125 Nonne
3190 4087 3281 4124 rea:
3301 4081 3406 4124 erat
3429 4073 3616 4125 Achab?
3631 4075 3781 4125 savii.

2191 4139 2242 4181 et
2265 4134 2459 4194 quidam
2481 4140 2610 4194 Mss,
2628 4134 3004 4198 pauperrimus;
3024 4142 3198 4186 etenim
3215 4136 3391 4196 Achab,
3417 4143 3512 4186 etc.

541 4222 2617 4251 _._____________________________

513 4311 579 4355 IN
623 4301 930 4366 BELIQUA1
979 4315 1297 4359 ADVERSUS
1343 4316 1751 4375 HEBETICOS,
1797 4320 1879 4362 ET
1939 4322 2021 4362 DE
2063 4323 2315 4367 JUDICIO
2357 4325 2565 4377 ATQUE
2623 4327 3036 4372 ELEEMOSYNA
3063 4356 3080 4385 ,
3140 4329 3222 4371 ET
3275 4329 3340 4372 IN
3385 4328 3777 4371 PETITIONEM

1663 4419 1896 4464 MATIUS
1941 4421 2250 4466 FILIORUM
2293 4425 2604 4468 ZEBEDEI.

1925 4527 2345 4584 (á¾…á½²á¼“á¿–Î¿ÎµÎµá½³á¼”á¾¶ÎµÏ‚Î¶á½¶á½³Î¹Î¸

1067 4652 1284 4692 BOIHLIA
1323 4654 1554 4695 OCTAVA.

587 4726 634 4779 i.
678 4725 754 4779 Ex
785 4725 926 4780 bello
953 4728 1152 4781 reversi
1189 4727 1439 4783 hesterno
1467 4730 1554 4786 die
1598 4746 1799 4801 sumus,
1834 4749 1900 4790 ex
1944 4736 2086 4793 bello

514 4833 792 4888 pugnaque
837 4834 957 4872 eum
988 4819 1257 4874 haereticis
1284 4821 1588 4889 commissa,
1631 4828 1886 4896 sanguine
1925 4830 2084 4885 tincta

510 4917 756 4979 gerentes
797 4925 964 4973 arma,
1009 4911 1239 4980 gladium
1286 4911 1445 4966 Verbi
1475 4926 1774 4981 cruentum,
1807 4935 1914 4975 non
1963 4937 2091 4992 pro-

512 5003 693 5055 stratis
717 5000 1050 5069 corporibus,
1079 5001 1169 5054 sed
1199 5003 1432 5057 consiliis
1459 5003 1744 5062 destructis
1769 5019 1815 5063 et
1855 5014 1991 5064 omni
2014 5013 2090 5066 al-

512 5092 741 5156 titudine,
783 5108 896 5162 ante
929 5092 1166 5147 adversus
1189 5093 1284 5147 Dei
1328 5097 1348 5127 Â³
1401 5097 1659 5152 scientiam
1698 5117 1752 5154 se
1792 5105 1984 5159 extollit
2010 5106 2086 5177 (2.

513 5183 628 5237 Cor.
662 5183 748 5239 10.
779 5185 858 5253 5).
899 5184 1025 5239 Tale
1052 5201 1279 5255 namque
1307 5202 1473 5257 genus
1499 5198 1579 5244 est
1602 5207 1790 5262 pugnae
1818 5195 1993 5265 hujus,
2025 5213 2090 5252 ac

511 5275 736 5342 proinde
766 5277 882 5332 talis
903 5288 983 5331 est
1010 5293 1279 5332 armorum
1302 5289 1487 5335 natura
1518 5298 1530 5334 :
1555 5298 1780 5350 quorum
1799 5297 2087 5358 utrumque

512 5365 711 5421 docens
738 5367 925 5422 beatus
952 5368 1144 5424 Paulus
1170 5369 1415 5426 dicebat:
1444 5371 1583 5426 Nam
1609 5391 1754 5429 arma
1779 5375 1974 5433 militiis
2001 5396 2093 5434 no-

514 5465 630 5508 stra:
655 5473 756 5510 non
779 5459 1008 5512 carnalia
1027 5471 1142 5514 sunt
1161 5476 1180 5515 :
1209 5462 1296 5515 sed
1327 5465 1547 5534 potentia
1567 5464 1676 5520 Deo
1697 5465 1766 5519 ad
1791 5467 2092 5524 destructio-

518 5560 628 5597 nrm
653 5547 1004 5612 munitionum,
1036 5551 1244 5604 consilia
1271 5553 1596 5622 destruentia,
1623 5567 1667 5610 et
1692 5573 1886 5613 omnem
1916 5559 2091 5615 altitu-

579 5695 595 5726 âµ
633 5695 737 5754 Alit,
761 5699 988 5756 ejusdem.

580 5756 600 5787 â¸
630 5762 704 5808 Sic
723 5760 862 5807 savii.
890 5768 940 5810 et
962 5769 1048 5810 Mss
1095 5763 1273 5824 borch,
1297 5763 1488 5815 rhristi.

2197 4667 2364 4720 dinem
2405 4668 2718 4721 extollentem
2755 4684 2808 4722 se
2846 4667 3082 4722 adversus
3123 4668 3379 4722 scientiam
3409 4668 3506 4723 Dei
3531 4667 3606 4739 (2.
3654 4668 3775 4723 Cor.

2196 4757 2283 4813 10.
2316 4757 2393 4830 4).
2416 4761 2554 4813 Sane
2579 4759 2791 4828 quidem
2819 4769 3090 4829 oporteret
3117 4760 3201 4827 iis,
3225 4762 3314 4831 qui
3344 4761 3648 4827 abfuerunt,
3679 4759 3783 4818 be-

2195 4856 2404 4903 sternos
2423 4848 2622 4903 referre
2648 4865 2824 4917 casus,
2855 4859 2912 4904 et
2947 4851 3118 4905 aciem
3150 4851 3461 4905 instructam
3491 4867 3780 4918 enarrare,

2195 4941 2523 5004 conflictum,
2557 4942 2854 5007 victoriam,
2889 4950 3086 5011 tropaea
3116 4958 3131 4996 :
3161 4941 3254 4997 sed
3285 4957 3351 4996 ne
3381 4958 3475 4998 vos
3503 4943 3781 5013 negligen-

2197 5031 2360 5085 tiores
2387 5031 2692 5097 reddamus,
2723 5031 2805 5087 his
2834 5033 3230 5101 przetermissis,
3263 5043 3318 5086 ut
3351 5032 3558 5102 jactura
3585 5033 3784 5088 stimu-

2200 5122 2287 5177 lati
2317 5123 2684 5193 diligentiores
2723 5124 2860 5179 fiatis
2886 5141 3001 5190 vos,
3033 5125 3120 5194 qui
3152 5125 3412 5190 abfuistis,
3452 5126 3520 5181 ad
3550 5141 3632 5191 ea,
3661 5143 3785 5196 quae

2197 5225 2510 5284 sequuntur,
2537 5214 2696 5271 hodie
2723 5218 2943 5286 gradum
2979 5217 3233 5272 faciemus
3261 5235 3274 5270 :
3303 5217 3446 5287 quod
3474 5219 3518 5272 si
3549 5219 3670 5288 quis
3694 5217 3784 5272 di-

2198 5307 2366 5378 ligens
2408 5306 2568 5363 fuerit
2607 5318 2660 5363 et
2687 5317 2938 5375 attentus,
2971 5325 3039 5365 ex
3084 5309 3150 5364 iis
3187 5310 3278 5380 qui
3318 5309 3674 5365 interfuerunt
3718 5325 3784 5365 ea

2198 5416 2316 5470 qua:
2345 5408 2472 5455 sunt
2497 5416 2525 5455 a
2560 5403 2710 5456 nobis
2737 5402 2989 5457 hesterno
3018 5403 3104 5459 die
3131 5404 3273 5458 dicta
3305 5413 3607 5472 cognoscet.
3639 5402 3784 5456 Tan-

2202 5502 2306 5546 tam
2336 5493 2478 5546 enim
2515 5493 2841 5548 alacritatem
2871 5493 3033 5548 animi
3062 5493 3216 5548 nobis
3243 5493 3599 5548 exhibuerunt
3625 5494 3784 5548 audi.

2201 5593 2362 5648 tores,
2390 5592 2447 5636 ut
2469 5585 2702 5653 acceptis
2731 5585 2978 5640 omnibus
2999 5583 3214 5640 domum
3238 5584 3576 5649 recesserint,
3605 5599 3786 5654 neque

2198 5672 2486 5743 quidquam
2530 5690 2735 5743 eorum,
2779 5691 2898 5745 qure
2931 5675 3073 5730 dicta
3112 5674 3340 5741 fuerant,
3383 5675 3480 5729 sibi
3528 5673 3783 5729 excidero

2203 5766 2346 5835 passi
2374 5764 2585 5820 fuerint.
2616 5766 2799 5837 itaque
2832 5767 2916 5821 illa
2947 5767 3157 5837 quidem
3183 5765 3512 5838 cognoscetis
3537 5780 3602 5821 ex
3635 5765 3774 5826 illis;
