4062 6166
298 216 398 271 767

290 330 399 418 τῶν
447 333 759 405 εὐχομένων
790 339 984 408 γένοιτ’
1016 343 1102 398 ἄν.
1150 346 1430 418 Ἐννόησον
1477 347 1587 418 γὰρ
1640 347 1870 418 πηλίκον

290 414 442 502 ἔσται
462 418 718 502 ἀγγέλων
763 425 1068 495 παρόντων,
1100 414 1455 501 ἀρχαγγέλων
1483 414 1869 502 παρεστώτων,

292 499 399 552 τῶν
437 501 711 575 Σεραφὶμ,
762 507 871 560 τῶν
927 499 1229 583 Χερουϐὶμ,
1277 513 1386 567 τῶν
1418 499 1593 568 ἄλλων
1644 514 1872 568 ἀπασῶν

289 583 596 666 δυνάμεων,
632 586 797 642 αὐτὸν
824 590 1111 661 ἄνθρωπον
1159 594 1289 648 ὅντα
1318 596 1454 665 μετά
1483 596 1690 666 πολλῆς
1713 597 1874 650 δύναε-

291 665 415 748 σθαι
446 668 734 737 προσιέναι
769 673 868 742 τῆς
899 677 1246 747 παρρησίας,
1283 678 1377 731 καὶ
1408 678 1486 748 τῷ
1518 665 1728 748 βασιλεῖ
1762 678 1872 732 τῶν

287 747 574 818 δυνάμεων
608 751 832 808 ἐκείνων
870 756 1252 827 διαλέγεσθαι’
1285 747 1467 831 πόσης
1496 747 1655 815 τοῦτο
1680 762 1780 815 οὐκ
1805 761 1872 816 ἀν

287 831 545 915 ἀντάξιον
574 833 679 909 ,εἴη
732 840 939 909 τιμῆς;
1000 842 1076 895 Οὐ
1115 843 1253 915 τιμὴ
1288 842 1345 895 δέ
1379 843 1561 914 μόνον,
1604 843 1740 896 ἀλλά
1777 843 1872 897 καὶ⁵

289 912 529 998 ὠφέλεια
562 918 796 991 μεγίστη
825 922 1023 989 γένοιτ’
1049 924 1116 978 ἂν
1144 912 1276 996 ἡμῖν
1309 912 1416 980 ἀπὸ
1447 929 1546 998 τῆς
1572 927 1758 998 εὐχῆς,
1776 927 1872 981 καὶ

288 997 420 1081 πρὶν
465 998 500 1069 ἢ
550 998 738 1054 λαϐεῖν
789 1004 927 1075 ὅπερ
971 1007 1253 1078 αἰτοῦμεν.
1303 1008 1471 1080 ὐμοῦ
1504 997 1576 1062 τε
1632 997 1742 1081 γάρ
1787 1027 1873 1072 τις

285 1080 529 1164 ἀνέτεινε
568 1084 669 1148 τάς
697 1089 889 1157 χεῖρας
922 1092 1003 1154 είς
1040 1091 1131 1145 τὸν
1161 1092 1415 1164 οὐρανὸν,
1467 1095 1563 1147 καὶ
1611 1094 1703 1147 τὸν
1737 1093 1872 1147 Θεὸν

287 1163 540 1230 ἐκάλεσε,
569 1167 666 1220 καὶ
705 1170 924 1224 πάντων
954 1173 1156 1238 εὐθέως
1201 1163 1412 1247 ἀπέστη
1452 1176 1560 1229 τῶν
1593 1176 1908 1248 ἀνθρωπί-“

286 1264 404 1333 νων
427 1252 798 1333 πραγμάτων,
831 1255 927 1309 καὶ
960 1258 1194 1328 μετέστη
1246 1262 1312 1331 τῇ
1355 1260 1563 1332 διανοίᾳ
1606 1262 1743 1333 πρὸς
1772 1262 1871 1332 τὴν

289 1330 594 1399 μέλλουσαν
614 1332 781 1406 ζωήν,
823 1339 918 1391 καὶ
933 1338 1000 1392 τά
1033 1341 1091 1394 ἐν
1125 1344 1239 1405 τοῖς
1264 1343 1514 1414 οὐρανοῖς
1539 1330 1871 1413 φαντάζεται

285 1414 494 1479 λοιπὸν,
524 1418 618 1471 καὶ
646 1418 801 1473 οὐδὲν
827 1423 964 1493 πρὸς
987 1424 1086 1495 τὴν
1107 1426 1388 1497 παροῦσαν
1411 1427 1524 1498 ἔχει
1548 1426 1714 1498 ζωὴν,
1730 1431 1872 1483 κατὰ

284 1500 377 1583 τὸν
396 1501 605 1583 ,καιρὸν
634 1503 737 1573 τῆς
764 1505 950 1577 εὐχῆς,
983 1508 1078 1561 ἐὰν
1111 1509 1251 1579 μετὰ
1279 1511 1570 1582 ἀκριϐείας
1601 1511 1832 1583 εὔχηται
1854 1531 1868 1547 ο

283 1581 422 1667 ἀλλά
446 1583 553 1637 κᾶν
579 1583 750 1658 θυμὸς
787 1589 1014 1663 ἀναζέῃ,
1042 1581 1605 1667 κοιμίζεταιίρᾳδίως,
1625 1581 1737 1651 κάν
1751 1599 1872 1650 ἐπι-

283 1664 460 1750 θυμία
519 1667 717 1743 φλέγῃ,
782 1671 1093 1738 σϐέννυται,
1150 1674 1255 1729 κᾶν
1287 1664 1479 1746 φθόνος
1524 1679 1690 1750 τήκῃ,
1732 1680 1872 1750 μετὰ

281 1748 490 1821 πολλῆς
537 1751 636 1822 τῆς
688 1754 939 1821 εὐκολίας
966 1757 1361 1814 ἀπελαύνεται·
1405 1762 1500 1815 καὶ
1534 1748 1693 1816 τοῦτο
1724 1748 1871 1831 γίνε-

279 1849 397 1916 ται,
426 1834 567 1905 ὅπερ
596 1836 625 1888 6
656 1840 942 1911 προφήτης
980 1839 1150 1909 λέγει,
1193 1843 1510 1914 ἀνίσχοντος
1550 1845 1647 1899 τοῦ
1688 1845 1869 1916 ἡλίου.

281 1916 325 1966 Τ
331 1915 349 1967 ί
378 1915 437 2000 δέ
471 1918 683 1983 ἐκεῖνός
733 1939 934 1993 φησιν;
971 1926 1153 1979 ’Ἑθου
1195 1928 1441 1994 σκότος,
1489 1928 1590 1983 καὶ
1633 1915 1872 2000 ἐγένετο

278 1999 399 2064 νύξ
425 2018 438 2030 ⁸
472 2002 543 2055 ἐν
573 2001 731 2071 αὐτῇ
776 2004 1152 2062 διελεύσεται
1192 2010 1392 2065 πάντα
1438 2012 1510 2066 τὰ
1559 2014 1733 2081 θηρία
1764 2014 1871 2069 τοῦ

280 2082 514 2153 δρυμοῦ
535 2125 551 2150 ,
606 2089 866 2157 σκύμνοι
918 2090 1245 2161 ὠρυόμενοι
1296 2094 1404 2148 τοῦ
1451 2096 1718 2163 ἁρπάσαι
1772 2098 1871 2152 καὶ

282 2163 536 2235 ζητῆσαι
565 2171 725 2239 παρὰ
759 2172 868 2226 τοῦ
889 2174 1038 2227 Θεοῦ
1066 2187 1092 2215 α
1118 2175 1357 2243 βρῶσιν
1377 2179 1584 2244 αὐτοῖς
1605 2196 1618 2210 ·
1648 2180 1872 2235 ἀνέτει-

432 2255 468 2306 ό
498 2252 700 2334 ἥλιος,
741 2257 840 2309 καὶ
870 2257 1294 2328 συνήχθησαν,
1332 2262 1431 2315 καὶ
1466 2265 1551 2329 είς
1585 2262 1694 2330 τὰς
1717 2263 1871 2334 μάν-

278 2333 430 2403 δρας
473 2335 677 2391 αὐτῶν
735 2340 1262 2410 κοιτασθήσονται.
1324 2344 1538 2417 Ὥσπερ
1607 2333 1729 2401 οὖν
1771 2348 1872 2419 τῆς

275 2422 501 2485 ἀκτῖνος
533 2423 862 2496 ἀνισχούσης
879 2426 1058 2481 πάντα
1082 2428 1443 2497 φυγαδεύεται
1467 2429 1539 2483 τά
1562 2430 1746 2501 θηρία,
1774 2434 1870 2486 καὶ

277 2504 420 2574 πρὸς
466 2506 596 2570 τοὺς
631 2508 872 2577 φωλεοὺς
915 2512 1043 2576 τοὺς
1088 2512 1296 2565 ἑαυτῶν
1333 2512 1660 2567 καταδύεται
1687 2532 1700 2545 ·
1728 2513 1871 2569 οὕτω

277 2586 345 2658 δὴ
366 2589 469 2658 τῆς
492 2588 658 2661 εὐχῆς
677 2630 691 2654 ,
720 2591 910 2665 ὥσπερ
932 2594 1078 2658 τινὸς
1100 2597 1318 2658 ἀκτῖνος
1343 2596 1454 2650 ἀπὸ
1477 2596 1571 2649 τοῦ
1603 2596 1871 2667 στόματος

276 2669 375 2723 τοῦ
405 2672 680 2744 ἡμετέρου
718 2677 812 2728 καὶ
845 2676 946 2748 τῆς
973 2676 1221 2748 γλώττης
1265 2680 1635 2751 ἀναφανείσης
1657 2720 1671 2739 ,
1700 2681 1838 2751 φωτί
1849 2712 1867 2722 -

275 2751 435 2819 ζεται
471 2756 570 2825 μὲν
599 2758 633 2829 ἡ
663 2757 893 2823 διάνοια,
926 2761 1107 2815 πάντα
1128 2762 1186 2815 δὲ
1208 2760 1276 2815 τὰ
1306 2760 1476 2831 ἄλογα
1507 2764 1601 2817 καὶ
1628 2762 1866 2836 θηριώδη

273 2837 430 2908 πάθη
462 2837 786 2910 δραπετεύει
832 2844 927 2897 καὶ
970 2844 1327 2914 φυγαδεύεται
1353 2884 1368 2910 ,
1400 2846 1495 2899 καὶ
1520 2846 1658 2918 πρὸς
1689 2846 1816 2909 τοὺς
1839 2846 1868 2886 b

274 2920 518 2986 οἰκείους
564 2924 893 2980 καταδύεται
925 2927 1168 2997 φωλεοὺς
1191 2968 1207 2992 ,
1242 2929 1403 3000 μόνον
1439 2928 1506 2983 ἂν
1535 2930 1673 3000 μετὰ
1709 2932 1870 3002 ἀκρι-

275 3004 439 3068 ϐείας
465 3005 758 3079 εὐχώμεθα
779 3049 795 3073 ,
823 3009 891 3063 ἂν
922 3009 1064 3079 μετά
1102 3011 1283 3083 ψυχῆς
1314 3013 1749 3085 διεγηγερμένης
1775 3015 1870 3067 καὶ

274 3087 521 3153 διανοίας
566 3092 864 3165 νηφούσης.
897 3093 1034 3147 Τότε
1078 3095 1182 3149 κᾶν
1229 3095 1473 3160 διάϐολος
1506 3098 1656 3168 παρῇ
1689 3113 1868 3166 φυγα-

276 3170 496 3225 δεύεται
523 3211 540 3236 ,
572 3171 675 3226 κᾶν
709 3174 920 3245 δαίμων
946 3216 962 3241 ,
994 3178 1288 3249 ἀναχωρεῖ.
1337 3178 1400 3231 EI
1431 3177 1540 3250 γάρ
1570 3178 1756 3252 οἰκέτῃ
1781 3177 1868 3231 δε-

277 3254 482 3309 σπότου
507 3255 896 3329 διαλεγομένου
913 3298 928 3323 ,
953 3259 1127 3325 οὐδεὶς
1153 3260 1219 3315 ἂν
1252 3261 1361 3315 τῶν
1391 3262 1714 3326 συνδούλων,
1745 3261 1869 3316 οὔτε

274 3353 359 3401 τις
414 3337 527 3393 τῶν
573 3340 888 3412 παρρησίαν
939 3342 1172 3412 ἐχόντων
1213 3344 1532 3414 προσελθεῖν
1576 3345 1868 3418 τολμήσειε

274 3420 371 3473 καὶ
402 3421 752 3493 διενοχλῆσαι
777 3463 793 3488 ,
824 3424 1006 3496 πολλῷ
1034 3425 1237 3496 μᾶλλον
1268 3422 1413 3482 οὗτοι
1438 3470 1454 3496 ,
1488 3428 1598 3483 τῶν
1631 3447 1869 3503 προσκε-

277 3504 597 3587 κρουκότων
625 3502 777 3570 ὄντες
805 3509 900 3562 καὶ
941 3510 1411 3583 ἀπαρρησιάστων
1434 3553 1449 3571 ,
1481 3514 1583 3568 οὐκ
1612 3502 1683 3568 ἀν
1703 3514 1859 3587 δυνη·

273 3585 425 3641 θεῖεν
456 3590 589 3659 ἡμῖν
611 3592 898 3664 ἐνοχλῆσαι
927 3592 1006 3665 τῷ
1027 3593 1147 3666 Θεῷ
1174 3595 1575 3668 διαλεγομένοις
1605 3597 1745 3670 μετά
1768 3585 1868 3670 τῆς

336 3733 495 3800 ῗᾼὲίί
517 3734 587 3800 Et?"
611 3735 741 3800 θεῷ·

272 3793 487 3904 ὤρεξε
518 3793 672 3847 εὰνίι.
696 3793 754 3847 'et
773 3799 983 3849 maxime
1013 3814 1126 3864 pars
1147 3814 1265 3851 mss.
1285 3800 1459 3853 Morel.
1495 3815 1617 3854 vero
1637 3804 1719 3852 καὶ
1741 3804 1867 3853 κατὰ

330 3874 539 3969 ἕςλιίιιί
554 3920 889 3984 προσηκούσης
914 3929 1069 3985 τιμῆς.

1001 227 1088 283 DE
1123 230 1345 287 PETIT.
1385 230 1634 287 FILIOR.
1679 230 2018 297 ZEBEDEI,
2059 233 2338 292 CONTRA
2376 237 2763 297 ANOMCEOS.
2804 240 2941 296 VIII.

3456 237 3558 293 768

1975 350 2358 422 προσηκούσης
2397 354 2634 426 σπουδῆς
2670 366 2716 408 ο.
2752 354 2906 428 [515]
2951 354 3100 425 Εὐχή
3144 354 3559 427 χειμαζομένων

1973 431 2157 504 λιμὴν,
2179 434 2651 508 κλυδωνιζομένων
2687 438 2921 509 ἄγκυρα,
2958 437 3331 509 σαλευομένων
3365 439 3558 515 βακτηο

1975 516 2066 586 ρία
2089 556 2104 580 ,
2162 520 2406 589 πενήτων
2455 519 2764 590 θησαυρὸς,
2831 520 3203 574 πλουτούντων
3251 523 3555 592 ἀσφάλεια,

1974 601 2294 670 νοσημάτων
2326 602 2624 674 ἀναίρεσις,
2655 604 2865 673 ὑγιείας
2897 603 3145 673 φυλακή·
3176 604 3311 676 εὐχή
3339 608 3433 659 καὶ
3487 608 3558 661 τά

1972 681 2152 750 ἀγαθά
2199 684 2330 754 ἡμῖν
2380 685 2613 757 ἀκίνητα
2645 687 2931 757 διατηρεῖ,
2983 688 3077 740 καὶ
3108 686 3179 741 τά
3207 688 3351 741 κακὰ
3388 705 3555 759 μετα-

1974 763 2157 818 ϐάλλει
2189 767 2427 837 ταχέως’
2461 768 2564 822 κᾶν
2593 770 2903 842 πειρασμὸς
2932 769 3162 841 ἐπέλθῃ,
3192 770 3392 842 ῥᾳδίως
3422 771 3558 824 ἀπο-

1972 846 2257 916 κρούεται,
2293 849 2394 904 κᾶν
2438 850 2611 922 ζημία
2645 854 2943 924 χρημάτων
2965 891 2980 917 ,
3015 852 3119 906 κᾶν
3155 850 3331 906 ὁτιοῦν
3369 852 3557 924 ἕτερον

1970 931 2080 983 τῶν
2101 931 2455 1004 λυπουμένων
2481 933 2639 1005 ἡμῶν
2666 936 2764 1006 τὴν
2791 934 2992 1005 ψυχὴν,
3022 935 3238 989 ἅπαντα
3262 934 3557 989 ἀπελαύνει

1970 1015 2211 1084 ταχέως·
2245 1016 2378 1088 εὐχὴ
2424 1016 2603 1088 λύπης
2640 1018 2859 1087 ἀπάσης
2904 1019 3331 1090 φυγαδευτήριον
3352 1058 3367 1082 ,
3397 1018 3556 1072 εὐθυ-

1976 1098 2105 1168 μίας
2139 1099 2396 1163 ὑπόθεσις
2419 1140 2433 1165 ,
2470 1100 2752 1172 διηνεκοῦς
2806 1103 2998 1174 ἡδονῆς
3051 1102 3273 1174 ἀφορμὴ
3298 1143 3312 1167 ,
3341 1102 3558 1171 φιλοσο-

1974 1181 2100 1249 φίας
2129 1182 2332 1254 μήτηρ.
2380 1184 2438 1236 '0
2466 1183 2765 1256 δυνάμενος
2793 1184 3048 1255 εὔχεσθαι
3081 1187 3223 1256 μετὰ
3247 1185 3553 1256 ἀκριϐείας,

1973 1263 2076 1317 κᾶν
2103 1265 2358 1323 ἁπάντων
2403 1266 2725 1339 πενέστερος
2762 1264 2833 1340 ᾖ,
2862 1269 3080 1321 πάντων
3125 1270 3243 1322 ἐστὶ
3287 1266 3555 1321 πλουσιώ-

1971 1363 2131 1419 τερος
2153 1364 2168 1379 ·
2203 1347 2391 1420 ὥσπερ
2415 1351 2445 1403 6
2487 1351 2587 1423 τῆς
2624 1352 2789 1422 εὐχῆς
2825 1351 2986 1405 πάλιν
3021 1352 3416 1423 ἐστερημένος,
3453 1349 3558 1403 κᾶν

1972 1431 2030 1482 ἐν
2060 1430 2210 1501 αὐτῷ
2239 1431 2537 1503 καθέζηται
2570 1432 2648 1505 τῷ
2686 1435 2861 1504 θρόνῳ
2894 1434 2972 1504 τῷ
3004 1433 3270 1505 βασιλικῷ
3294 1475 3309 1497 ,
3340 1434 3558 1486 πάντων

1974 1512 2091 1566 ἐστὶ
2140 1515 2485 1587 πενέστεροςι
2517 1518 2630 1588 Οὐχ
2670 1519 2698 1571 6
2726 1517 2932 1586 ’Δχαάϐ
2966 1516 2992 1556 ά
3028 1516 3280 1587 βασιλεὺς
3312 1513 3381 1587 ἦν
3404 1555 3417 1579 ,
3463 1518 3557 1569 καὶ

1974 1596 2193 1666 χρυσίον
2250 1593 2395 1667 εἶχεν
2451 1599 2658 1668 ἄφατον
2710 1601 2804 1652 καὶ
2849 1599 3151 1672 ἀργύριον;
3202 1600 3316 1653 ἀλλ’
3370 1598 3556 1669 ἐπειδὴ

1973 1677 2138 1750 εὐχὴν
2164 1681 2265 1733 οὐκ
2292 1677 2426 1752 εἶχε,
2451 1681 2666 1753 περιῄει
2690 1682 2878 1737 Ἠλίαν
2907 1681 3107 1751 ζητῶν,
3132 1683 3416 1754 ἄνθρωπον
3436 1681 3558 1735 οὐδὲ

1973 1761 2317 1831 καταγώγιον
2347 1764 2537 1834 ἔχοντα
2559 1805 2574 1829 ,
2620 1764 2743 1818 οὐδέ
2777 1765 3012 1833 ἱμάτιον,
3042 1765 3158 1819 ἀλλ’
3201 1765 3234 1834 ἦ
3305 1764 3557 1836 μηλωτὴν

1977 1844 2165 1916 μόνην.
2199 1846 2262 1898 Τί
2294 1846 2487 1911 τοῦτο;
2518 1846 2640 1899 είπέ
2685 1863 2804 1917 μοι’
2841 1848 2869 1899 6
2921 1847 3191 1910 τοσαύτας
3237 1846 3374 1912 ἔχων
3424 1846 3559 1899 ἀπο-

1975 1926 2148 1999 θήκας
2187 1929 2278 1982 τὸν
2309 1929 2458 1982 οὐδὲν
2487 1928 2681 2000 ἔχοντα
2711 1927 2931 2001 ζητείς;
2968 1930 3110 1992 Ναὶ,
3147 1927 3299 1999 φησί.
3342 1928 3408 1981 Τί
3446 1927 3557 2000 γάρ

1977 2029 2068 2082 μοι
2099 2011 2209 2065 τῶν
2257 2012 2496 2082 ταμείων
2533 2012 2757 2082 ὄφελος,
2784 2013 2975 2066 τούτου
3015 2012 3108 2066 τὸν
3146 2011 3375 2084 οὐρανὸν
3422 2012 3557 2064 ἁπο-

1975 2095 2313 2160 κλείσαντος,
2343 2097 2437 2149 καὶ
2466 2096 2646 2150 πάντα
2679 2096 2932 2168 ἀχρηστα
2958 2094 3373 2167 ἐργασαμένου;
3402 2090 3557 2158 Εἶδες

1973 2178 2091 2240 πῶς
2116 2170 2272 2242 οὗτος
2299 2178 2675 2249 εὐπορώτερος
2700 2174 2768 2249 ἦν
2800 2178 3043 2241 ἐκείνους
3086 2177 3232 2239 Ἕως
3262 2177 3370 2248 γὰρ
3403 2172 3556 2239 οὗτος

1973 2260 2274 2329 ἐφθέγξατο
2295 2261 2347 2327 ι),
2376 2264 2404 2315 6
2439 2261 2694 2332 βασιλεὺς
2726 2257 2793 2332 ἦν
2828 2263 2885 2314 ἐν
2916 2262 3075 2333 πενίᾳ
3098 2261 3264 2330 πολλῇ
3301 2260 3440 2331 μετά
3463 2260 3556 2314 τοῦ

1975 2343 2338 2415 στρατοπέδου
2366 2345 2584 2408 παντός.
2622 2347 2685 2398 Ὢ
2719 2344 2812 2398 τοῦ
2845 2345 3119 2414 θαύματος
3144 2384 3158 2409 ,
3192 2344 3313 2397 οὐδέ
3345 2343 3559 2414 ἱμάτιον

1972 2424 2084 2498 εἶχε
2107 2468 2122 2492 ,
2152 2428 2247 2481 καὶ
2296 2429 2386 2482 τὸν
2419 2429 2647 2501 οὐρανὸν
2697 2428 3014 2483 ἀπέκλεισε.
3053 2428 3132 2482 Δι’
3162 2427 3295 2481 αὐτὸ
3337 2423 3558 2498 μὲνοῦν

1970 2509 2129 2562 τοῦτο
2159 2509 2451 2564 ἀπέκλεισε
2479 2511 2567 2565 τὸν
2600 2512 2850 2583 οὐρανὸν,
2872 2511 3061 2582 ἐπειδὴ
3088 2510 3324 2583 ἱμάτιον,
3351 2511 3453 2563 οὐκ
3476 2508 3556 2563 εἷ·-

1971 2610 2064 2663 χεν
2089 2609 2103 2622 ·
2133 2592 2319 2664 ἐπειδὴ
2347 2593 2498 2647 οὐδὲν
2537 2594 2773 2648 ἐνταῦθα
2807 2594 3090 2666 ἐκέκτητο,
3122 2592 3212 2647 διὰ
3238 2593 3398 2646 τοῦτο
3426 2593 3557 2647 πολ-

1971 2676 2067 2748 λὴν
2098 2674 2196 2748 τὴν
2228 2675 2457 2748 δύναμιν
2489 2678 2801 2744 ἐπεδείξατο
2828 2696 2841 2709 ·
2884 2677 3105 2744 ἀνοίξας
3153 2675 3265 2749 γὰρ
3296 2675 3366 2729 τὰ
3403 2676 3558 2748 χείλη

1976 2759 2136 2832 μόνον
2159 2801 2174 2825 ,
2213 2759 2438 2831 μυρίους
2474 2761 2729 2830 ἐποίησεν
2763 2761 2969 2817 ἀνωθεν
3015 2758 3405 2831 κατενεχθῆναι
3459 2758 3557 2831 θηο

1974 2843 2210 2912 σαυροὺς
2250 2843 2491 2912 ἀγαθῶν.
2525 2845 2589 2897 ’Ὠ
2624 2845 2889 2916 στόματος
2921 2844 3106 2916 πηγὰς
3146 2843 3367 2915 ὄμϐρων
3410 2842 3559 2914 ἔχον-

1970 2943 2091 2991 τος’
2119 2925 2165 2979 ὢ
2196 2927 2448 2998 γλώσσης
2480 2928 2707 2996 νιφάδας
2754 2928 2927 2982 ὑετῶν
2970 2928 3254 3000 ἀφιείσης·
3296 2925 3342 2978 ὢ
3373 2928 3557 2999 φωνῆς

1974 3011 2146 3082 μυρία
2175 3010 2356 3079 ἀγαθά
2395 3011 2685 3084 βρυούσης.
2719 3012 2861 3083 Πρὸς
2893 3012 2957 3082 δὴ
3001 3010 3189 3064 τοῦτον
3215 3011 3303 3063 ἀεὶ
3333 3009 3556 3080 βλέπον-

1970 3110 2061 3156 τες
2085 3093 2176 3147 τὸν
2210 3093 2416 3165 πένητα
2442 3096 2537 3148 καὶ
2560 3094 2839 3157 πλούσιον,
2861 3094 2952 3148 τὸν
2980 3094 3071 3148 διὰ
3090 3093 3249 3147 τοῦτο
3279 3094 3553 3160 πλούσιον,

1970 3177 2158 3248 ἐπειδὴ
2188 3177 2361 3249 πένης
2386 3173 2477 3249 ἦν,
2507 3177 2867 3251 ὑπερορῶμεν
2895 3177 3005 3232 τῶν
3028 3177 3335 3250 παρόντων,
3370 3179 3553 3232 ἐπιθυ-

1972 3260 2164 3332 μῶμεν
2197 3259 2304 3314 τῶν
2336 3261 2661 3331 μελλόντων.
2696 3261 2853 3315 Οὕτω
2892 3260 3001 3332 γὰρ
3042 3261 3134 3314 καὶ
3168 3260 3274 3313 τῶν
3320 3258 3555 3314 ἐνταῦθα

1969 3345 2066 3397 καὶ
2092 3343 2201 3398 τῶν
2251 3346 2368 3397 ἐκεῖ
2399 3345 2615 3399 πάντων
2649 3342 3043 3416 ἐπιτευξόμεθα
3069 3343 3319 3413 ἀγαθῶν
3356 3337 3430 3396 ὧν
3460 3342 3553 3411 γέ-

1969 3444 2114 3482 νοιτο
2154 3427 2364 3490 πάντας
2391 3429 2539 3499 ἡμᾶς
2563 3429 2864 3497 ἐπιτυχεῖν,
2891 3427 3075 3499 χάριτι
3118 3427 3215 3482 καὶ
3247 3425 3552 3497 φιλανθρω-

1973 3512 2076 3584 πίᾳ
2110 3512 2204 3566 τοῦ
2249 3512 2454 3585 Κυρίου
2490 3511 2647 3583 ἡμῶν
2692 3510 2868 3582 Ἰησοῦ
2900 3511 3139 3583 Χριστοῦ
3164 3551 3180 3577 ,
3228 3512 3346 3583 μεθ’
3383 3505 3443 3564 οὗ
3476 3509 3554 3580 τῷ

1972 3596 2149 3668 Πατρῖ⁵
2168 3595 2314 3663 δόξα,
2337 3595 2455 3667 ἅμα
2474 3596 2553 3665 τῷ
2578 3596 2718 3665 ἀγίῳ
2742 3595 3044 3668 Πνεύματι,
3071 3594 3167 3650 νῦν
3200 3597 3297 3651 καὶ
3325 3595 3435 3664 ἀεὶ,
3459 3596 3555 3649 καὶ

1973 3682 2053 3744 είς
2085 3682 2210 3744 τοὺς
2242 3680 2446 3745 αἰῶνας
2475 3679 2585 3735 τῶν
2618 3679 2849 3737 αίώνων.
2896 3682 3085 3755 Ἀμήν.

2039 3860 2068 3927 ᾇ
2094 3861 2242 3927 ξενὶι.
2270 3868 2323 3910 ει
2341 3863 2544 3927 quidam!
2559 3876 2678 3927 mss.
2697 3863 2995 3927 πενέστερος
3016 3863 3095 3927 καὶ
3118 3862 3207 3925 γὰρ
3233 3863 3260 3910 6
3287 3859 3491 3925 Ἀχαάϐ.

2047 3926 2071 3954 θ
2095 3923 2314 3974 Savil.et
2334 3923 2416 3973 alii
2438 3925 2702 3987 ἐφθέγξατο,
2729 3923 2906 3973 Morel;
2924 3924 3183 3987 ἐφθέγγετο.

2473 4070 3455 4084 o—M—
3482 4066 3531 4084 -⁴

2094 4073 2459 4085 Μ

366 4221 392 4241 ⁹
419 4221 527 4284 Είς
562 4218 637 4274 τὰ
657 4220 963 4275 ὑπόλοιπα
989 4221 1141 4276 κατὰ
1169 4220 1512 4292 αἱρετικῶν,
1537 4224 1635 4277 καὶ
1675 4221 1809 4292 περὶ
1840 4222 2093 4288 κρίσεως
2116 4224 2213 4277 καὶ
2242 4223 2680 4291 ἐλεημοσύνης,
2705 4221 2801 4275 καὶ
2822 4222 2910 4286 είς
2937 4219 3051 4287 τὴν
3071 4219 3315 4288 αἴτησιν
3332 4218 3444 4290 τῆς

1407 4293 1634 4363 μητρὸς
1660 4292 1782 4347 τῶν
1812 4292 1960 4347 υἱῶν
1985 4294 2304 4347 Ζεϐεδαίου
2328 4305 2377 4345 ο.

857 4542 1047 4612 Λόγος
1071 4541 1301 4610 ὄγδοος.

351 4632 425 4681 α’.
454 4624 552 4681 Ἐκ
581 4625 819 4697 πολέμου
841 4626 970 4697 χθὲς
992 4626 1390 4697 ἐπανήλθομεν,
1411 4626 1477 4679 ἐκ
1500 4625 1738 4698 πολέμου
1773 4625 1870 4680 καὶ

281 4711 471 4782 μάχης
523 4709 842 4781 αἱρετικῆς,
877 4709 1175 4781 ᾑμαγμένα
1222 4708 1291 4763 τὰ
1341 4708 1481 4762 ὅπλα
1519 4710 1765 4779 ἔχοντες,
1809 4709 1870 4762 τὸ

280 4795 442 4866 ξίφος
473 4792 571 4847 τοῦ
603 4793 760 4862 λόγου
792 4793 1210 4863 πεφοινιγμένον
1229 4834 1245 4859 ,
1273 4794 1333 4845 οὐ
1359 4790 1588 4865 σώματα
1628 4793 1870 4847 καταϐα-

277 4880 471 4942 λόντες
494 4918 511 4942 ,
569 4876 706 4931 ἀλλὰ
735 4876 1028 4947 λογισμοὺς
1051 4876 1330 4937 ἀνελόντες
1362 4876 1455 4929 καὶ
1492 4874 1620 4931 Πᾶν
1650 4876 1868 4946 ὕψωμα

276 4964 682 5033 ἐπαιρόμενον
709 4961 861 5015 κατὰ
904 4959 1017 5028 τῆς
1045 4958 1322 5030 γνώσεως
1350 4960 1457 5014 τοῦ
1489 4959 1638 5015 Θεοῦ
1663 4959 1714 5017 δ.
1746 4960 1872 5014 Τοι-

277 5046 442 5100 οῦτον
467 5044 621 5119 [514]
644 5045 755 5118 γὰρ
781 5047 883 5116 τῆς
927 5043 1105 5116 μάχης
1124 5043 1329 5115 ταύτης
1373 5043 1435 5098 τὸ
1459 5038 1598 5109 εἶδος
1616 5059 1630 5074 ·
1664 5043 1744 5098 διὸ
1776 5062 1847 5098 κα

279 5130 511 5201 τοιαύτη
541 5129 650 5183 τῶν
685 5129 866 5184 ὅπλων
912 5130 946 5199 ἡ
989 5127 1152 5198 φύσις
1175 5144 1191 5159 ο
1221 5126 1366 5197 άπερ
1410 5127 1698 5200 ἀμφότερα
1724 5128 1872 5182 διδά-

280 5228 437 5266 σκων
484 5215 515 5266 6
544 5213 813 5284 μακάριος
835 5209 1047 5274 Παῦλος
1086 5209 1264 5279 ἐλεγεθ
1301 5209 1377 5264 Τὰ
1413 5211 1525 5281 γὰρ
1563 5209 1724 5264 ὅπλα
1759 5209 1870 5278 τῆς

280 5297 607 5364 στρατείας
654 5295 827 5367 ήμῶν
870 5297 944 5351 οὐ
972 5294 1229 5365 σαρκικὰ
1248 5334 1263 5359 ,
1299 5295 1464 5350 ἀλλὰ
1514 5295 1744 5350 δυνατὰ
1787 5294 1868 5361 τῷ

351 5394 371 5412 ⁴
391 5393 581 5445 Collata
603 5405 714 5442 cum
736 5391 986 5454 codicibus
1012 5392 1189 5454 Regiis
1208 5390 1348 5454 1819,
1373 5390 1513 5454 1975,
1538 5391 1709 5442 etalio
1732 5392 1868 5451 ejus-

280 5454 403 5506 dem
428 5455 771 5514 Bibliiothecaz,
806 5453 1113 5514 ColbertiniAs’
1126 5454 1206 5513 49,
1225 5453 1336 5514 629,
1356 5453 1497 5502 5055.

352 5517 381 5547 ⁸
403 5515 523 5579 Alii,
546 5513 669 5565 inter
689 5527 808 5579 quos
825 5512 1086 5579 Savil._10'6
1106 5512 1254 5564 αὐτοῦ
1273 5512 1398 5564 κατὰ
1418 5515 1684 5579 αἱρετικῶν,
1702 5514 1783 5564 καὶ
1803 5514 1870 5572 είς

277 5575 374 5633 τήν
401 5578 596 5636 αίτησιν
609 5575 711 5626 τῶν
725 5578 840 5626 υῑῶν
860 5576 1129 5626 Ζεϐεδαίου.

349 5638 382 5678 b
408 5634 512 5690 Sic'
528 5637 678 5689 Savll.
714 5642 769 5687 et
790 5651 903 5688 mss.
932 5637 1105 5689 Morel.
1129 5635 1215 5688 τοῦ
1238 5634 1467 5700 Χριστοῦ.

1964 4544 2087 4611 Θεῷ
2133 4544 2284 4614 πρὸς
2343 4543 2695 4612 καθαίρεσιν
2740 4542 3141 4613 ὀχυρωμάτων
3163 4584 3178 4607 ,
3210 4540 3546 4611 λογισμοὺς

1965 4627 2362 4697 καθαιροῦντα
2391 4627 2488 4681 καὶ
2521 4626 2645 4681 πᾶν
2701 4627 2920 4696 ὕψωμα
2954 4625 3350 4694 ἐπαιρόμενον
3395 4627 3547 4679 κατά

1962 4713 2076 4783 τῆς
2106 4711 2383 4783 γνώσεως
2417 4710 2523 4766 τοῦ
2571 4711 2739 4767 Θεοῦ.
2776 4711 2923 4765 Ἔδει
2976 4709 3075 4781 μὲν
3121 4705 3213 4763 οὖν
3243 4710 3354 4769 τοῖς
3404 4709 3542 4761 ἀπο-

1965 4796 2260 4866 λειφθεῖσιν
2299 4797 2473 4849 εἰπεῖν
2523 4795 2593 4849 τά
2639 4794 2913 4865 πτώματα
2962 4794 3031 4847 τὰ
3078 4791 3207 4863 χθὲς
3253 4791 3540 4861 γενόμενα,

1968 4882 2064 4935 καὶ
2087 4879 2448 4952 διηγήσασθαι
2474 4879 2572 4951 τὴν
2601 4876 2903 4950 παράταξιν
2927 4921 2943 4944 ,
2973 4875 3072 4948 τὴν
3107 4874 3379 4945 συμϐολὴν
3403 4914 3417 4937 ,
3443 4877 3543 4943 τὴν

1968 4965 2127 5035 νίκην
2152 5003 2165 5028 ,
2226 4963 2295 5018 τά
2346 4964 2624 5035 τρόπαια*
2682 4962 2798 5016 ἀλλ’
2850 4961 2944 5014 ἵνα
3007 4959 3083 5030 μὴ
3142 4956 3542 5029 ῥᾳθυμοτέρως

1971 5050 2116 5119 ὑμᾶς
2179 5049 2493 5118 ποιήσωμεν
2526 5085 2540 5111 ,
2612 5046 2784 5100 ταῦτα
2845 5042 3331 5117 παραδραμόντες,
3400 5039 3541 5093 ὥστε

1967 5135 2033 5204 τῇ
2098 5129 2273 5204 ζημίᾳ
2345 5133 2473 5194 τοὺς
2549 5128 2976 5199 ἀπολειφθέντας
3045 5127 3190 5197 ὑμᾶς
3249 5122 3543 5194 δηχθέντας

1970 5215 2421 5287 σπουδαιοτέρους
2473 5213 2764 5282 γενέσθαι,
2835 5211 2996 5265 πάλιν
3051 5208 3162 5263 τῶν
3224 5206 3350 5277 ἐξῆς
3405 5205 3542 5276 ἁψό-

1972 5297 2112 5370 μεθα
2163 5299 2436 5370 σήμερονο
2468 5299 2517 5351 εί
2557 5297 2614 5350 δέ
2659 5313 2744 5359 τις
2786 5293 3074 5355 σπουδαῖος
3118 5291 3211 5345 καὶ
3256 5290 3544 5361 διεγηγερ-

1970 5382 2132 5452 μένος
2159 5378 2224 5453 ﬁ.
2271 5379 2423 5452 παρὰ
2452 5379 2561 5433 τῶν
2598 5375 3057 5449 παραγενομένων
3098 5375 3300 5427 εἵσεται
3343 5372 3411 5426 τὰ
3453 5372 3543 5425 λε-

1967 5464 2167 5535 χθέντα
2199 5466 2328 5535 ἡμῖν
2358 5466 2423 5534 τῇ
2455 5462 2579 5533 χθὲς
2609 5461 2813 5532 ἡμέρᾳ.
2842 5461 2953 5513 Καὶ
2978 5457 3086 5526 γὰρ
3117 5455 3381 5528 τοσαύτην
3409 5457 3543 5526 ἡμῖν

1967 5550 2018 5603 οἱ
2057 5547 2321 5619 ἀκροαταὶ
2352 5546 2450 5615 τὴν
2484 5544 2790 5618 προθυμίαν
2835 5541 3192 5606 ἐπεδείξαντο,
3239 5538 3315 5603 ὡς
3365 5539 3546 5596 πάντα

1968 5628 2222 5695 λαϐόντες
2276 5629 2458 5685 οἴκαδε
2515 5628 2903 5700 ἀναχωρῆσαι,
2952 5625 3045 5679 καὶ
3101 5622 3264 5696 μηδὲν
3327 5623 3543 5694 ἀφεῖναι
