4062 6166
489 261 588 317 ἳϐθ
1241 262 1296 317 S.
1339 261 1627 318 JOANNIS
1665 262 2156 319 CIIKYSOSTOMI
2196 260 2520 317 ARCHIEP.
2562 255 3113 314 CONSTANTINOP.

485 373 803 447 διαρρυῆναι
849 375 956 429 τῶν
1001 376 1323 448 εἰρημένων.
1369 378 1582 430 Ἐκεῖνα
1635 378 1733 446 μέν
1783 373 1876 431 οῦν
1933 374 2062 447 παρ’

459 457 707 510 .ἑκείνων
758 458 999 512 εἴσεσθε·
1034 459 1071 513 ἀ
1130 458 1187 512 δὲ
1237 461 1477 530 σήμερον
1525 460 1821 528 ἀναγκαῖον
1872 460 2066 521 εἰπεῖν,

482 540 654 596 ταῦτα
695 544 856 612 ἡμεῖς
892 541 1121 614 ἐροῦμεν
1146 543 1297 613 ύμῖν,
1336 542 1433 613 τὴν
1465 542 1757 607 ἀντίθεσιν,
1785 544 1851 615 ἣν
1883 544 1932 596 οἱ
1962 542 2067 595 τῶν

482 625 776 695 αἱρετικῶν
810 626 1001 687 παῖδες
1068 626 1468 696 ἀντεπήγαγον,
1507 627 1589 690 είς
1632 627 1792 698 μέσον
1844 626 2071 697 προθέν-

482 725 591 771 τες.
632 709 728 771 Τίς
768 705 862 762 οῦν
904 711 1051 763 ἐστιν
1077 710 1247 780 αὐτη;
1287 709 1501 783 Ἐπειδὴ
1554 710 1748 782 πρώην
1796 710 1928 782 περὶ
1967 710 2069 779 τῆς

480 790 575 843 τοῦ
596 791 930 860 Μονογενοῦς
955 792 1198 859 ἐξουσίας
1217 792 1589 864 διελεγόμεθα,
1612 793 1916 856 δεικνύντες
1946 792 2071 863 ίσην

479 870 645 929 οὖσαν
671 875 771 945 τὴν
808 874 1052 939 ἐξουσίαν
1087 875 1181 929 τοῦ
1210 877 1600 948 γεγεννηκότος
1633 877 1795 930 αὐτὸν
1835 877 2067 947 Πατρὸς,

482 959 575 1011 καὶ
606 959 771 1012 πολὺν
802 959 943 1030 ὑπὲρ
972 959 1177 1012 τούτων
1216 960 1572 1031 ἀναλώσαμεν
1616 961 1794 1029 λόγον,
1837 960 2071 1030 πληγέν-

480 1059 570 1104 τες
602 1044 713 1105 τοῖς
748 1043 1061 1113 εἰρημένοις
1086 1045 1302 1109 ἐκεῖνοι,
1334 1046 1517 1113 φωνήν
1536 1061 1659 1097 τινα
1688 1041 2067 1115 εὐαγγελικὴν,

482 1126 684 1195 ἑτέρως
726 1127 825 1195 μὲν
863 1126 1179 1196 εἰρημένην.
1223 1126 1425 1199 ἑτέρως
1468 1126 1525 1180 δὲ
1573 1129 1701 1198 παρ’
1730 1127 1909 1181 αὐτῶν
1939 1128 2069 1180 ὑπο-

482 1209 806 1263 πτευθεῖσαν
834 1210 1103 1280 εἰρῆσθαι,
1138 1210 1342 1281 ταύτην
1376 1212 1755 1281 ἀντεπήγαγω
1786 1210 2067 1278 λέγοντες·

482 1295 576 1347 καὶ
608 1293 714 1363 μὴν
748 1293 1089 1364 γέγραπται·
1134 1293 1210 1347 Τό
1234 1292 1302 1346 δὲ
1339 1296 1580 1348 καθίσαι
1617 1297 1685 1347 ἐκ
1714 1293 1929 1355 δεξιῶν
1952 1311 2071 1362 μου

482 1378 582 1432 καὶ
605 1376 675 1441 ἐξ
699 1378 1023 1445 εὐωνύμων
1044 1378 1158 1429 οὐκ
1185 1377 1360 1429 ἐστιν
1381 1377 1529 1445 ἐμόν
1556 1378 1788 1443 δοῦναι,
1815 1378 1953 1432 ἀλλ’
1981 1372 2071 1443 οἷς

481 1460 839 1528 ἡτοίμασται
881 1461 998 1512 ὑπὸ
1046 1459 1155 1513 τοῦ
1208 1460 1439 1526 Πατρός
1478 1478 1620 1529 μου.

568 1542 709 1610 Ἐγὼ
722 1543 777 1596 δὲ
794 1543 929 1612 ὅπερ
945 1543 1033 1595 ἀεὶ
1059 1541 1364 1612 παρακαλῶ
1396 1542 1495 1614 τὴν
1531 1543 1803 1614 ὑμετέραν
1828 1544 2068 1612 ἀγάπην,

480 1623 640 1677 τοῦτο
656 1627 747 1678 καὶ
764 1629 1001 1697 σήμερον
1019 1625 1270 1697 παραινῶ
1287 1627 1380 1679 καὶ
1399 1626 1771 1697 συμϐουλεύω,
1792 1628 1864 1698 μὴ
1884 1626 2069 1691 ἁπλῶς

480 1708 775 1762 ἐπιέναιτά
799 1708 1124 1778 γράμματα,
1148 1708 1283 1761 ἀλλά
1310 1708 1685 1780 διερευνᾶσθαι
1710 1711 1778 1763 τά
1801 1712 2065 1782 νοήματα·

480 1792 530 1844 εί
552 1790 658 1862 γάρ
681 1808 765 1853 τις
796 1791 981 1855 ἁπλῶς
1008 1795 1126 1855 ταῖς
1149 1791 1327 1855 λέξεσι
1357 1792 1753 1862 παρακάθοιτο,
1779 1793 1874 1847 καὶ
1904 1792 2068 1864 μηδὲν

482 1874 644 1928 πλέον
659 1876 764 1927 τῶν
781 1876 1183 1947 γεγραμμένων
1199 1875 1483 1947 ἐπιζητοίη
1508 1889 1556 1942 ⁸,
1574 1876 1743 1930 πολλά
1763 1878 2073 1948 ἁμαρτήσε-

480 1975 590 2012 ται.
624 1959 735 2011 Καὶ
766 1960 874 2031 γάρ
905 1961 997 2013 καὶ
1030 1959 1306 2030 πτέρυγας
1334 1961 1402 2014 τά
1435 1961 1741 2032 γράμματα
1762 1961 1907 2032 ἔχειν
1938 1962 2071 2032 φησὶ

478 2041 571 2094 τὸν
593 2041 743 2109 Θεὸν,
760 2042 858 2095 τοῦ
885 2046 1164 2114 προφήτου
1186 2043 1456 2112 λέγοντος,
1489 2046 1570 2097 ὃτι
1607 2046 1703 2097 Ἐν
1731 2045 1927 2113 σκέπῃ
1955 2045 2072 2097 τῶν

480 2126 788 2195 πτερύγων
817 2141 935 2179 σου
964 2127 1298 2195 σκεπάσεις
1321 2146 1418 2198 με,
1453 2129 1567 2181 ἀλλ’
1609 2129 1670 2181 οὐ
1719 2130 1870 2198 παρὰ
1913 2128 2071 2180 τοῦτο

480 2209 765 2279 πτερωτὴν
811 2214 1055 2281 φήσομεν
1104 2207 1245 2264 εἶναι
1289 2213 1389 2282 τὴν
1434 2213 1626 2283 νοεράν
1655 2213 1684 2252 ι)
1715 2214 1930 2282 ἐκείνην
1976 2213 2070 2266 καὶ

480 2292 783 2362 ἀνώλεθρον
831 2295 1037 2348 οὐσίαν.
1083 2296 1147 2347 Εἰ
1203 2296 1311 2366 γὰρ
1355 2297 1442 2348 ἐπ’
1484 2294 1786 2366 ἀνθρώπων
1836 2297 1935 2348 οὐκ
1990 2296 2069 2347 ἒνι

479 2373 639 2427 τοῦτο
681 2376 874 2441 εἰπεῖν,
919 2377 1098 2447 πολλῷ
1138 2378 1336 2447 μᾶλλον
1387 2379 1477 2431 ἐπὶ
1516 2380 1612 2449 τῆς
1650 2379 1929 2449 ἀκηράτου
1976 2379 2070 2430 καὶ

483 2459 717 2528 ἀοράτου
767 2463 860 2513 καὶ
903 2461 1282 2533 ἀκαταλήπτου
1336 2462 1550 2530 φύσεως
1597 2464 1830 2533 ἐκείνης.
1875 2463 1938 2516 Τί
1977 2459 2071 2515 οὖν

484 2544 632 2597 ἐστιν
655 2546 764 2597 ἀπὸ
783 2544 894 2597 τῶν
924 2548 1211 2618 πτερύγων
1229 2547 1447 2617 νοητέον
1475 2550 1637 2616 ἡμῖν;
1664 2548 1774 2617 Τὴν
1796 2547 2069 2617 βοήθειαν,

481 2626 582 2696 τὴν
611 2627 929 2697 ἀσφάλειαν,
962 2630 1060 2699 τὴν
1088 2630 1315 2697 σκέπην,
1344 2631 1442 2700 τὴν
1472 2630 1804 2699 συμμαχίαν,
1841 2630 1900 2682 τὸ
1924 2630 2071 2699 ἀχεί-

484 2726 655 2779 ρωτον
707 2712 806 2781 τῆς
855 2711 1123 2782 βοηθείας.
1181 2714 1347 2765 Πάλιν
1385 2712 1586 2767 ὐπνοῦν
1618 2714 1778 2766 αὐτόν
1818 2729 1981 2782 φασιν
2014 2715 2069 2766 αἱ

483 2793 698 2861 Γραφαὶ
729 2793 871 2846 οὕτω
903 2795 1193 2863 λέγουσαι·
1236 2796 1557 2865 Ἀνάστηθι
1592 2808 1641 2859 ο,
1660 2798 1816 2852 ίνατί
1834 2796 2067 2862 ὑπ’νοῖςν

482 2876 697 2941 Κύριε;
747 2876 846 2945 οὐχ
896 2877 982 2930 ἴνα
1017 2878 1109 2952 τὸν
1140 2878 1273 2932 Θεὸν
1320 2878 1598 2933 καθεύδειν
1642 2879 2067 2949 ὑποπτεύωμεν·

481 2958 640 3011 τοῦτο
687 2960 793 3030 γὰρ
849 2961 1083 3031 ἐσχάτης
1134 2963 1348 3027 ἀνοίας·
1394 2962 1528 3016 ἀλλά
1576 2963 1653 3033 τῷ
1697 2964 1923 3033 όνόματι
1974 2962 2069 3017 τοῦ

485 3041 651 3095 ὕπνου
700 3043 797 3115 τὴν
850 3045 1228 3116 μακροθυμίαν
1258 3048 1351 3099 καὶ
1396 3047 1494 3117 τὴν
1544 3047 1892 3113 ἀνεξικακίαν
1940 3049 2071 3118 ἡμῖν

483 3125 862 3194 ἐμφαίνουσαι.
891 3128 1117 3198 ’Έτερος
1144 3128 1199 3181 δέ
1229 3131 1513 3200 προφήτης
1542 3130 1697 3199 φησί’
1734 3130 1830 3197 Μὴ
1854 3133 1968 3197 ἐστι
1994 3130 2074 3196 ὡς

482 3207 797 3277 ἄνθρωπος
836 3210 1075 3275 ὑπνῶν;
1121 3212 1281 3282 Ὁρᾷς
1308 3213 1391 3264 δτι
1425 3212 1624 3284 πολλῆς
1653 3215 1785 3283 ἡμῖν
1818 3213 1919 3281 τῆς
1952 3230 2074 3265 συν-

483 3292 653 3357 έσεως
680 3293 837 3365 χρεία
866 3295 957 3347 τὸν
990 3294 1264 3366 θησαυρὸν
1302 3289 1747 3367 διερευνωμένοις
1779 3296 1887 3348 τῶν
1914 3296 2074 3349 θείων

483 3376 751 3449 Γραφῶν;
794 3379 871 3442 ώς
924 3379 1018 3432 ἐάν
1066 3379 1254 3442 ἁπλῶς
1302 3381 1397 3432 καὶ
1448 3381 1573 3450 είκῆ
1623 3380 1717 3433 καὶ
1760 3380 1836 3444 ὡς
1888 3380 2074 3451 έτυχεν

484 3459 772 3530 ἀκούωμεν
804 3461 911 3514 τῶν
942 3460 1270 3532 λεγομένων,
1298 3463 1360 3515 οὐ
1405 3464 1564 3534 μόνον
1594 3464 1662 3516 τά
1689 3464 1865 3517 άτοπα
1894 3466 2076 3517 ἐκεῖνα

484 3542 692 3613 ἕψεται,
725 3543 862 3597 ἀλλά
892 3546 987 3598 καὶ
1020 3546 1190 3616 πολλὴ
1228 3547 1375 3616 μάχη
1405 3549 1462 3599 ἐν
1494 3550 1609 3610 τοῖς
1639 3548 1759 3618 είρη
1770 3547 1948 3618 μένοις
1976 3564 2078 3615 φα-

485 3630 674 3680 νεῖται.
711 3627 863 3700 [515]
900 3630 957 3682 ’0
990 3630 1088 3697 μὲν
1113 3632 1221 3700 γάρ
1261 3630 1463 3683 ὑπνοῦν
1485 3631 1647 3684 αὐτόν
1670 3631 1969 3703 φησιν,όδὲ
2001 3630 2074 3703 μὴ

487 3709 718 3763 ὐπνοῦν·
754 3711 867 3764 ἀλλ’
901 3712 1184 3784 ἀμφότερα
1220 3713 1417 3785 ἀληθῆ,
1456 3713 1521 3767 ἂν
1559 3714 1656 3785 τὴν
1695 3717 2073 3785 προσήκουσαν

486 3790 694 3846 ἔννοιαν
717 3794 973 3867 ἐκλάϐῃς.
1003 3797 1063 3849 Ὀ
1094 3798 1192 3866 μὲν
1221 3797 1331 3868 γάρ
1367 3797 1539 3864 λέγων
1565 3798 1727 3851 αὐτὸν
1755 3797 1953 3852 ύπνοῦν
1976 3800 2074 3870 τὴν

486 3876 734 3930 ἐπίτασιν
753 3878 854 3948 τῆς
887 3879 1269 3949 μακροθυμίας
1292 3882 1644 3943 ἐνδείκνυται,
1671 3883 1699 3933 ό
1720 3882 1776 3935 δὲ
1801 3882 1972 3951 λέγων
2001 3882 2074 3954 μὴ

487 3960 710 4024 ὑπνοῦν,
737 3961 797 4014 τὸ
819 3963 1092 4034 ἀκήρατον
1119 3964 1215 4033 τῆς
1240 3965 1453 4033 φύσεως
1475 3967 1608 4035 ἡμῖν
1633 3965 1904 4035 ἐμφαίνει.
1923 3967 2076 4019 Ἐπεὶ

484 4041 581 4101 οὖν
612 4045 814 4117 πολλῆς
847 4048 1116 4113 συνέσεως
1151 4051 1280 4120 ἡμῖν
1317 4050 1493 4122 χρεία,
1529 4050 1665 4121 μηδὲ
1701 4048 1858 4103 τοῦτο
1892 4049 2075 4115 ἁπλῶς

486 4128 808 4199 ἐκλάϐωμεν
828 4130 890 4183 τὸ
911 4132 1030 4204 είρη
1040 4132 1218 4202 μένον,
1240 4134 1301 4186 τὸ
1329 4136 1449 4187 Οὐκ
1480 4134 1653 4187 ἐστιν
1670 4132 1818 4201 ἐμὸν
1840 4132 2073 4199 δοῦναι,

486 4214 626 4269 ἀλλ’
657 4211 747 4280 οἷς
772 4215 1130 4282 ἡτοίμασται
1162 4217 1285 4272 ὐπὸ
1312 4217 1417 4271 τοῦ
1438 4218 1669 4284 Πατρός
1690 4234 1830 4285 μου.
1865 4219 1939 4270 Οὐ
1967 4218 2074 4290 γὰρ

489 4296 736 4363 ἐξουσίας
774 4297 1048 4370 ἀναίρεσις
1100 4300 1279 4362 τοῦτο,
1326 4300 1445 4352 οὐδέ
1490 4299 1779 4364 αὐθεντίας
1825 4301 2075 4372 ἀκρωτη-

493 4381 741 4451 ριασμδς,
788 4382 927 4435 ἀλλά
954 4384 1280 4455 κηδεμονίας
1318 4383 1519 4453 πολλῆς
1549 4383 1825 4448 ἀπόδειξις
1864 4386 1957 4437 καὶ
1991 4401 2078 4438 σο-

490 4465 619 4531 φίας
650 4466 745 4517 καὶ⁵
766 4466 1020 4536 προνοίας
1048 4467 1145 4535 τῆς
1174 4468 1314 4536 ὑπὲρ
1335 4467 1429 4519 τοῦ
1452 4467 1639 4535 γένους
1666 4467 1759 4520 τοῦ
1783 4468 2075 4538 ἡμετέρου.

493 4547 614 4601 Ὀτι
651 4547 760 4618 γάρ
789 4548 975 4620 κύριός
1006 4551 1122 4603 ἐστι
1156 4551 1249 4603 καὶ
1296 4550 1546 4614 κολάζειν
1582 4552 1676 4604 καὶ
1701 4554 1887 4622 τιμᾷν,
1915 4552 2079 4606 ἄκου-

493 4647 584 4684 σον
612 4632 663 4684 τί
696 4648 858 4702 φησιν
891 4631 1051 4694 αὐτὸς
1076 4634 1105 4685 ό
1129 4632 1299 4685 ταῦτα
1326 4634 1498 4701 λέγων
1520 4652 1535 4667 ο
1561 4634 1748 4688 Ὅταν
1770 4634 1942 4703 ἔλθῃ,
1973 4652 2079 4706 φη-

492 4715 598 4778 σὶν,
626 4717 660 4768 ό
698 4714 831 4780 Υἱὸς
861 4714 967 4769 τοῦ
991 4714 1306 4781 ἀνθρώπου
1332 4716 1403 4768 ἐν
1429 4716 1503 4784 τῇ
1534 4716 1687 4785 δόξῃ
1711 4717 1815 4771 τοῦ
1850 4719 2081 4785 Πατρός

489 4798 701 4864 αὐτοῦ,
736 4798 956 4866 στήσει
981 4797 1055 4851 τὰ
1087 4800 1354 4866 πρόϐατα
1381 4799 1450 4853 ἐκ
1475 4800 1709 4864 δεξιῶν.
1736 4801 1835 4854 καί
1866 4807 1939 4855 τὰ
1966 4802 2081 4870 ἐρί-

491 4900 598 4953 gata
622 4882 692 4946 ἐξ
723 4883 1064 4952 εὐωνύμων,
1093 4883 1190 4937 καί
1213 4882 1335 4950 ἐρεῖ
1364 4883 1487 4949 τοῖς
1513 4884 1581 4937 ἐκ
1622 4882 1827 4948 δεξιῶν
1855 4885 2045 4941 αὐτοῦ
2063 4903 2077 4917 ·

491 4966 690 5033 Δεῦτε,
723 4968 777 5019 οἱ
814 4966 1203 5035 εὐλογημένοι
1236 4965 1342 5020 τοῦ
1379 4968 1611 5035 Πατρός
1636 4985 1773 5035 μου,
1794 4971 2084 5038 κληρονο-

488 5049 724 5119 μήσατε
771 5049 888 5119 τὴν
927 5048 1376 5119 ἡτοιμασμένην
1416 5050 1557 5120 ὑμῖν
1590 5052 1922 5116 ,βασιλείαν
1962 5053 2083 5109 ἀπὸ

493 5133 829 5203 καταϐολῆς
856 5136 1110 5204 κόσμου.
1159 5135 1482 5189 Ἐπείνασα
1513 5136 1643 5205 γὰρ,
1686 5139 1786 5191 καὶ
1826 5137 2085 5193 ἐδώκατέ

488 5235 592 5287 μοι
618 5218 831 5288 φαγεῖν
852 5237 865 5250 ·
901 5218 1190 5287 ἐδίψησα,
1221 5218 1321 5274 καὶ
1351 5218 1672 5275 ἐποτίσατέ
1691 5238 1770 5291 με
1791 5228 1842 5275 α.
1875 5222 2000 5285 Τοῖς
2027 5221 2085 5275 δὲ

493 5302 556 5368 Ii
586 5303 879 5373 εὐωνύμων
908 5304 1052 5370 ἐρεῖ·
1076 5303 1413 5371 Πορεύεσθε
1432 5304 1534 5358 ἀπ’
1550 5304 1718 5374 ἐμοῦ,
1751 5307 1803 5357 οἱ
1828 5321 2083 5371 κατηρα-

490 5387 689 5454 μένοι,
706 5390 793 5453 είς
813 5401 881 5440 το
899 5386 1019 5455 πῦρ
1043 5387 1111 5441 τὸ
1132 5387 1578 5457 ἡτοιμασμένον
1599 5386 1681 5453 τῷ
1703 5387 1963 5453 διαϐόλῳ
1983 5389 2083 5442 καὶ

496 5467 622 5535 τοῖς
672 5470 946 5541 ἀγγέλοις
1003 5469 1211 5525 αὐτοῦ.
1260 5472 1588 5525 Ἐπείνασα
1643 5470 1774 5541 γὰρ,
1828 5471 1930 5524 καὶ
1972 5473 2085 5526 οὐκ

558 5575 588 5605 ⁸
620 5576 703 5626 Sic
725 5591 896 5628 omnes
919 5578 1027 5630 fere
1045 5593 1184 5639 ωσι,
1201 5588 1350 5645 atque
1370 5584 1437 5633 ita
1460 5581 1730 5644 legendum
1754 5580 2086 5631 videtur.|lo-

498 5640 594 5701 re}.
622 5639 903 5701 έπιζητήσῃ.

560 5696 589 5737 Β
616 5702 648 5760 ,ξ
661 5698 713 5746 lii
743 5701 829 5755 τὴν
850 5696 993 5760 ίέράν.

563 5762 588 5827 ἶ
614 5759 876 5827 Τιςιξεῐηεξῇ.
897 5759 1121 5827 ίειεενιι.
1143 5768 1191 5813 αἱ
1218 5767 1416 5827 Γραφαὶ,
1439 5768 1503 5821 ὥς
1526 5767 1572 5814 ἐν
1594 5767 1682 5827 τῷ,
1708 5787 1733 5810 «ι
1769 5764 2037 5825 Ἀνάστηθι,
2054 5792 2079 5814 ι.

561 5818 590 5859 ιι
612 5819 810 5892 Ασάίιςε
834 5818 984 5869 smn.
1012 5833 1148 5892 ιτεοιε
1172 5840 1197 5892 :_
1210 5818 1334 5882 me;
1349 5818 1501 5887 ἤμην,
1516 5829 1597 5874 καὶ
1619 5818 1904 5892 συνηγάγετέ
1932 5818 2009 5891 μὶ,
2033 5841 2086 5884 οι

501 5894 613 5929 mox
638 5883 693 5928 τὸ
721 5883 911 5928 αἰώνιον
936 5889 1046 5943 post
1067 5884 1120 5929 τὸ
1140 5884 1247 5944 πῦρ.

3655 257 3760 312 770

2178 372 2436 427 ἐδώκατέ
2461 389 2560 441 μοι
2590 369 2834 441 φαγεῖν·
2863 369 3154 437 ἐδίψησα,
3182 366 3277 420 καί
3309 369 3420 421 οὐκ
3447 369 3767 428 ἐποτίσατέ

2164 474 2271 526 με·
2312 455 2489 520 ξένος
2535 454 2717 522 ἢμην,
2770 454 2869 507 καὶ
2922 459 2995 507 οὐ
3042 452 3413 522 συνηγάγετέ
3452 471 3549 522 με.
3608 452 3767 519 Εἶδες

2170 542 2352 611 κρίσιν
2372 534 2809 611 ἀπηρτισμένην,
2841 540 2935 590 καὶ
2968 538 3085 600 πῶς
3117 537 3209 590 καὶ
3228 538 3362 608 τιμᾷ
3396 539 3487 591 καὶ
3522 539 3763 606 κολάζει,

2172 626 2265 678 καὶ
2300 626 2555 693 στεφανοῖ
2600 623 2693 675 καὶ
2738 626 3095 693 τιμωρεῖται,
3136 621 3227 673 καὶ
3260 624 3385 685 τοὺς
3422 624 3519 692 μὲν
3557 626 3636 688 είς
3664 632 3768 697 την

2173 708 2451 779 βασιλείαν
2472 705 2704 775 είσάγει,
2721 708 2848 770 τοὺς
2868 706 2925 760 δὲ
2946 708 3024 769 είς
3047 705 3145 776 τὴν
3165 705 3386 774 γέενναν
3413 707 3729 778 ἀποπέμπει
3748 729 3768 776 ;

2246 792 2313 863 β’.
2331 793 2531 845 Σκόπει
2552 790 2610 844 δέ
2638 790 2731 843 καὶ⁵
2749 789 2983 843 ἐνταῦθα
3004 788 3104 860 τὴν
3136 789 3337 861 πολλὴν
3356 791 3481 859 περὶ
3500 792 3649 861 ἡμᾶς
3670 793 3773 846 αὐ-

2169 877 2263 930 τοῦ
2299 874 2624 947 κηδεμονίαν
2662 887 2706 932 ε.
2740 874 2864 938 Τοῖς
2905 873 3005 945 μὲν
3037 873 3146 943 γὰρ
3189 874 3643 945 στεφανουμένοις
3674 874 3769 929 ὅτε

2170 959 2460 1027 διελέγετο,
2501 957 2699 1021 Δεῦτε,
2734 959 2917 1027 φησὶν,
2960 959 3015 1009 οί
3059 958 3452 1026 εὐλογημένοι
3493 957 3599 1011 τοῦ
3648 958 3772 1013 Ha-

2171 1043 2312 1112 τρός
2364 1059 2520 1111 μου,
2572 1039 3068 1109 κληρονομήσατε
3134 1039 3251 1108 τὴν
3316 1041 3775 1110 ἡτοιμασμένην

2171 1125 2313 1195 ὑμῖν
2334 1126 2666 1190 βασιλείαν
2696 1124 2809 1191 πρὸ
2858 1122 3201 1190 καταϐολῆς
3247 1123 3480 1192 κόσμου
3499 1140 3513 1153 ·
3563 1127 3676 1187 τοῖς
3707 1124 3770 1177 δὲ

2171 1208 2553 1279 κολαζομένοις
2579 1208 2679 1261 οὐκ
2705 1204 2824 1259 εἷπε
2845 1223 2858 1236 ·
2889 1205 3192 1278 Πορεύεσθε
3222 1207 3314 1259 ἀπ’
3347 1206 3503 1277 ἐμοῦ,
3545 1210 3593 1260 οἱ
3631 1226 3771 1261 κατ-

2171 1293 2457 1364 ηραμένοι,
2488 1293 2566 1353 εἰς
2593 1291 2655 1343 τὸ
2690 1289 2802 1359 πῦρ
2825 1289 2886 1341 τὸ
2914 1288 3315 1360 ἡτοιμασμένον
3338 1290 3485 1359 ὑμῖν,
3521 1290 3657 1344 ἀλλά
3695 1292 3774 1345 Τὸ

2171 1375 2617 1445 ἡτοιμασμένον
2657 1372 2739 1438 τῷ
2783 1372 3060 1439 διαϐόλῳ.
3108 1372 3221 1442 Τὴν
3287 1374 3384 1442 μὲν
3442 1374 3551 1445 γάρ
3611 1374 3774 1445 βασι-

2169 1460 2318 1512 λείαν
2371 1456 2680 1530 ἀνθρώποις
2735 1456 3011 1526 ἡτοίμασα
3062 1452 3105 1518 ί,
3143 1456 3244 1526 τὴν
3294 1455 3349 1509 δὲ
3392 1458 3617 1524 γέενναν
3667 1458 3775 1510 οὐκ

2171 1543 2499 1615 ἀνθρώποις,
2529 1542 2713 1611 φησὶν,
2742 1539 2879 1593 ἀλλὰ
2907 1539 2984 1610 τῷ
3004 1538 3234 1608 διαϐόλῳ
3260 1540 3355 1592 καὶ
3379 1543 3491 1603 τοῖς
3517 1540 3775 1610 ἀγγέλοις

2170 1630 2285 1690 τοῖς
2316 1628 2523 1679 ἐκείνου
2573 1624 2983 1695 παρεσκεύασα.
3020 1625 3082 1676 Et
3122 1623 3178 1675 δὲ
3209 1623 3367 1693 ὑμεῖς
3397 1624 3639 1677 τοιοῦτον
3674 1627 3774 1678 ἐπ-

2174 1708 2447 1773 εδείξασθε
2480 1708 2614 1779 βίον,
2652 1707 2728 1770 ὡς
2757 1705 2898 1770 ἄξιοι
2935 1705 3190 1773 γενέσθαι
3230 1709 3330 1776 τῆς
3370 1706 3644 1772 κολάσεως
3677 1708 3775 1760 καὶ

2172 1792 2273 1863 τῆς
2297 1792 2588 1863 τιμωρίας,
2623 1792 2834 1853 ἐαυτοῖς
2879 1789 2944 1843 ἂν
2978 1791 3123 1859 εἴητε
3150 1790 3308 1843 τοῦτο
3353 1790 3661 1859 λογίζεσθαι
3685 1793 3773 1844 δίκ

2172 1892 2338 1929 καιοι.
2370 1876 2480 1928 Καὶ
2514 1874 2704 1927 σκόπει
2733 1873 2797 1926 τὸ
2826 1873 2966 1943 πρὸς
2996 1873 3405 1944 φιλανθρωπίαν
3438 1875 3737 1946 ἐπιῤῥεπές
3756 1893 3770 1905 ·

2170 1958 2323 2012 οὔπω
2367 1959 2478 2027 γὰρ
2520 1958 2628 2011 τῶν
2672 1955 2992 2025 ἀγωνιστῶν
3035 1957 3366 2027 γενομένων,
3409 1959 3459 2011 οἱ
3510 1960 3773 2028 στέφανοι

2172 2041 2725 2114 προητοιμάσθησαν,
2772 2041 2866 2092 καὶ
2918 2040 2985 2093 τὰ
3035 2039 3264 2110 βραδεῖα
3314 2042 3774 2113 προπαρεσκευά-

2172 2127 2399 2196 σθησαν.
2455 2124 2968 2191 κληρονομήσατε
3025 2123 3155 2194 γὰρ,
3211 2124 3366 2193 φησὶ,
3435 2123 3550 2191 τὴν
3587 2124 3776 2189 ,ϐασιο

2170 2212 2346 2263 λείαν
2399 2206 2513 2274 τὴν
2564 2205 3019 2275 ἡτοιμασμένην
3063 2206 3205 2272 ὑμῖν
3259 2206 3373 2274 πρὸ
3427 2207 3775 2275 καταϐολῆς

2172 2294 2425 2360 κόσμου.
2456 2290 2565 2344 Καὶ
2593 2290 2684 2341 ἐπὶ
2726 2289 2824 2358 τῆς
2857 2289 3171 2359 παραϐολῆς
3220 2290 3277 2342 δὲ
3325 2289 3432 2343 τῶν
3470 2290 3599 2343 δέκα
3632 2307 3776 2360 παρ-

2172 2381 2339 2433 θένων
2380 2379 2440 2432 τὸ
2486 2378 2726 2431 τοιοῦτον
2778 2378 2873 2430 ίδοι
2928 2396 3015 2441 τις
3056 2380 3155 2432 ἄν·
3204 2378 3390 2451 ἐπειδὴ
3429 2381 3537 2450 γὰρ
3579 2379 3773 2449 ἔμελλε

2173 2464 2567 2535 παραγίνεσθαι
2616 2465 2644 2515 ό
2701 2463 2952 2532 νυμφίος,
2997 2462 3247 2531 λέγουσιν
3297 2463 3353 2515 αί
3420 2464 3600 2533 μωραὶ
3647 2465 3775 2525 ταῖς

2173 2550 2491 2621 φρονίμοις·
2538 2548 2681 2601 Δότε
2727 2546 2873 2615 ἡμῖν
2908 2545 3026 2600 ἀπὸ
3076 2547 3184 2600 τοῦ
3229 2547 3439 2600 ἐλαίου
3484 2545 3673 2615 ὑμῶν.
3703 2548 3773 2599 Αι

2171 2633 2239 2686 δὲ
2291 2632 2441 2700 πρὸς
2475 2633 2691 2696 αὐτάς·
2734 2630 2983 2696 Μήποτε
3041 2633 3151 2685 οὐκ
3201 2631 3431 2698 ἀρκέσῃ
3468 2630 3616 2699 ἡμῖν
3669 2630 3773 2684 καί

2171 2716 2340 2785 ὑμῖν·
2371 2717 2431 2768 οὐ
2457 2716 2587 2787 περὶ
2617 2715 2797 2769 ἐλαίου
2824 2716 3059 2769 ἐνταῦθα
3088 2717 3182 2769 καὶ
3210 2716 3379 2786 πυρὸς
3406 2713 3770 2785 διαλεγομένη

2172 2803 2203 2870 ἡ
2242 2801 2463 2870 Γραφὴ,
2518 2799 2653 2852 ἀλλὰ
2686 2801 2813 2871 περὶ
2860 2799 3163 2870 παρθενίας
3204 2801 3299 2852 καὶ
3332 2797 3770 2868 φιλανθρωπίας,

2174 2883 2268 2936 καὶ
2297 2882 2393 2952 τὴν
2420 2884 2515 2952 μὲν
2541 2883 2838 2953 παρθενίαν
2869 2886 2926 2936 ἐν
2948 2883 3097 2949 τάξει
3120 2884 3313 2954 πυρὸς,
3333 2883 3432 2953 τὴν
3459 2881 3515 2933 δέ
3538 2881 3772 2950 ἐλεημο-

2176 2964 2341 3036 σύνην
2381 2968 2437 3019 ἐν
2471 2964 2620 3029 τάξει
2652 2965 2834 3019 ἐλαίου
2869 2966 3087 3036 τίθησι,
3134 2963 3392 3019 δεικνῦσα
3443 2962 3524 3019 δτι
3560 2963 3773 3033 σφόδρα

2173 3048 2345 3101 δεῖται
2378 3047 2853 3120 φιλανθρωπίαςή
2901 3050 3205 3119 παρθενία,
3252 3048 3348 3101 καὶ
3396 3049 3522 3102 ἄνευ
3562 3045 3768 3117 ταύτης

2179 3131 2419 3201 σωθῆναι
2453 3134 2554 3185 οὐκ
2599 3131 2698 3185 ἔνι.
2737 3131 2892 3194 Τίνες
2938 3134 2993 3185 δέ
3041 3135 3089 3185 οἱ
3141 3132 3202 3185 τὸ
3236 3132 3412 3184 ἔλαιον
3459 3129 3615 3183 τοῦτο
3653 3145 3775 3182 πω..

2175 3212 2427 3279 λοῦντες;
2471 3214 2628 3278 Τίνες
2684 3214 2834 3268 ἄλλοι
2886 3214 3001 3269 ἀλλ’
3049 3215 3082 3285 ἢ
3133 3217 3183 3267 οἱ
3236 3214 3504 3285 πένητεςς
3547 3213 3609 3265 οὐ
3657 3212 3770 3279 γάρ

2175 3295 2513 3368 λαμϐάνουσι
2567 3298 2769 3369 μᾶλλον
2822 3298 2854 3369 ἢ
2906 3298 3132 3351 διδόασι.
3183 3298 3274 3368 Μὴ
3322 3297 3386 3367 δὴ
3442 3295 3632 3367 νόμιζε
3670 3314 3770 3364 την

2176 3379 2545 3450 ἐλεημοσύνην
2591 3382 2854 3450 ἀνάλωμα
2899 3377 3072 3444 εἷναι,
3115 3379 3252 3434 ἀλλὰ
3299 3380 3577 3452 πρόσοδον,
3632 3377 3769 3448 μηδὲ

2177 3462 2330 3535 [516]
2376 3461 2653 3563 δαπάνηκςι,
2694 3464 2859 3563 ἀλλά,
2878 3465 3261 3535 πραγματείαν
3282 3480 3313 3563 ’ς
3335 3481 3399 3534 με
3410 3462 3560 3563 (fove:
3601 3462 3720 3563 γνάρ.
3743 3466 3769 3502 ε

2176 3547 2473 3618 λαμϐάνεις
2501 3548 2533 3619 ἢ
2563 3545 2739 3612 δίδως.
2768 3547 2937 3610 Δίδως
2967 3548 3150 3615 ἄρτον,
3175 3548 3269 3600 καλ⁵
3295 3546 3592 3618 λαμϐάνεις
3619 3545 3770 3615 ζωὴν

2176 3631 2420 3684 αἰώνιον·
2468 3631 2624 3696 δίδως
2676 3632 2924 3701 ἱμάτιον,
2967 3631 3062 3685 καὶ
3111 3630 3409 3700 λαμϐάνεις
3456 3628 3767 3699 ἀφθαρσίας

2179 3713 2551 3785 περιϐόλαιον·
2593 3715 2753 3778 δίδως
2781 3714 3065 3768 κοινωνίαν
3101 3714 3319 3783 στέγης,
3345 3715 3439 3767 καὶ
3467 3712 3768 3783 λαμϐάνεις

2178 3796 2459 3867 βασιλείαν
2507 3798 2784 3869 οὐρανῶν·
2821 3798 3082 3869 παρέχεις
3132 3797 3201 3850 τὰ
3249 3797 3635 3865 ἀπολλύμενα,
3671 3797 3769 3851 καὶ

2175 3881 2303 3952 δέχῃ
2356 3880 2427 3934 τά
2469 3881 2734 3952 διηνεκῶς
2792 3883 3041 3951 μένοντα.
3098 3881 3208 3934 Καὶ
3264 3881 3380 3946 πῶς
3418 3881 3484 3934 ἂν
3529 3880 3768 3951 δύναμαι

2176 3964 2345 4016 ἐλεεῖν
2366 4003 2380 4025 ,
2414 3963 2605 4033 πένης,
2642 3964 2828 4035 φησὶν,
2873 3963 2980 4029 ῶνς

2247 4046 2499 4100 Μάλιστα
2562 4047 2688 4100 ὅταν
2749 4048 2919 4118 πένης
2973 4043 3071 4119 ᾗς,
3122 4048 3246 4101 τότε
3300 4046 3527 4101 δύνασαι
3571 4047 3763 4100 ἐλεεῖν.

2188 4130 2246 4183 '0
2295 4129 2393 4199 μὲν
2447 4130 2555 4200 γάρ
2612 4130 2855 4183 πλουτῶν
2917 4130 3131 4201 μεθύων
3186 4135 3253 4201 τῇ
3314 4130 3602 4201 περιουσία
3654 4130 3767 4183 τῶν

2176 4214 2475 4285 χρημάτων
2499 4253 2513 4275 ,
2568 4215 2661 4267 καὶ⁵
2715 4214 2949 4285 πυρετὸν
3003 4214 3385 4285 χαλεπώτατον
3441 4213 3763 4285 πυρέττων,

2178 4297 2274 4351 καὶ
2322 4296 2617 4367 ἀκόρεστον
2679 4295 2819 4366 ἔχων
2883 4296 3098 4367 ἔρωτα,
3168 4297 3391 4351 πλείονα
3449 4300 3625 4350 ποιεῖν
3694 4296 3769 4349 τά

2177 4380 2311 4434 ὄντα
2376 4379 2663 4447 βούλεται·
2725 4382 2753 4433 ὸ
2800 4380 2856 4433 δὲ
2909 4380 3078 4450 πένης
3105 4380 3310 4450 ταύτης
3350 4379 3766 4449 ἀπηλλαγμένος

2179 4465 2275 4533 τῆς
2300 4462 2480 4525 νόσου,
2512 4463 2604 4516 καὶ
2627 4462 2726 4533 τῆς
2757 4464 3069 4536 ἀρρωστίας
3103 4464 3445 4534 καθαρεύων,
3470 4462 3768 4516 εὐκολώτε-

2185 4563 2274 4617 ρον
2308 4546 2372 4598 ἐκ
2404 4545 2512 4598 τῶν
2547 4545 2714 4599 ὄντων
2750 4548 3069 4618 προήσεται.
3116 4548 3190 4600 Οὐ
3231 4548 3341 4616 γάρ
3369 4547 3437 4599 τὰ
3470 4547 3645 4618 μέτρα
3667 4546 3768 4609 τῖιέ

2180 4627 2388 4691 οὐσίας,
2419 4628 2554 4682 ἀλλὰ
2583 4629 2651 4682 τὰ
2682 4629 2857 4701 μέτρα
2891 4632 2991 4702 τῆς
3018 4630 3244 4701 γνώμης
3270 4630 3368 4701 τὴν
3395 4628 3768 4700 ἐλεημοσύνην

2184 4710 2512 4784 ἐργάζεσθαι
2550 4713 2825 4782 πέφυκεν·
2870 4715 2992 4767 ἐπεὶ
3035 4714 3131 4767 καὶ
3176 4716 3209 4785 ἡ
3247 4715 3392 4785 χήρα
3430 4715 3615 4784 ἐκείνη
3644 4713 3771 4766 τότε

2182 4794 2275 4848 δύο
2307 4795 2606 4849 κατέϐαλεν
2638 4796 2878 4862 ὀϐολοὺς.
2912 4797 3005 4851 καὶ
3038 4798 3163 4861 τοὺς
3194 4798 3272 4868 τῷ
3309 4797 3524 4865 πλούτῳ
3554 4796 3771 4866 κομῶν-

2181 4895 2278 4944 τας
2300 4878 2720 4951 ὑπερηκόντισε,
2746 4882 2841 4934 καὶ
2864 4883 2897 4952 ἡ
2920 4881 3086 4952 ἑτέρα
3109 4882 3253 4951 χήρα
3274 4882 3330 4934 ἐν
3354 4879 3512 4952 δρακὶ
3535 4879 3771 4951 ἀλεύρου

2184 4962 2279 5015 καὶ
2299 4961 2465 5034 ὀλίγῳ
2483 4962 2649 5034 ἐλαίῳ
2665 4963 2765 5035 τὴν
2784 4965 3139 5036 οὐρανομήκη
3162 4964 3337 5035 ψυχὴν
3358 4962 3574 5033 ἐκείνην
3593 4962 3772 5030 ἐξενο-

2184 5044 2379 5116 δόχησε
2400 5087 2414 5107 ,
2469 5047 2564 5100 καὶ
2602 5047 2831 5119 οὐδεμιᾷ
2875 5047 3085 5102 τούτων
3120 5049 3344 5117 γέγονεν
3378 5050 3411 5119 ἠ
3458 5048 3619 5101 πενία
3653 5045 3770 5101 κώ-

2184 5128 2351 5200 λυμα.
2380 5129 2471 5200 Μὴ
2498 5128 2561 5201 δὴ
2605 5130 2943 5202 προφασίζου
2985 5133 3213 5203 περιττά
3259 5133 3354 5185 καὶ
3394 5131 3659 5203 ἀνόνητα·
3706 5133 3772 5185 οὐ

2186 5213 2294 5284 γάρ
2347 5214 2667 5286 περιουσίαν
2723 5216 2984 5286 εἰσφορᾶς
3043 5217 3299 5279 ἀπαιτεῖ,
3346 5214 3483 5269 ἀλλὰ
3540 5213 3781 5269 πλοῦτον

2186 5298 2560 5369 προαιρέσεως
2579 5317 2592 5329 ·
2619 5298 2679 5361 ὃς
2704 5301 2806 5352 οὐκ
2833 5299 2943 5352 ἀπὸ
2969 5298 3062 5352 τοῦ
3090 5301 3289 5369 μέτρου
3310 5298 3419 5353 τῶν
3445 5298 3769 5369 δεδομένων,

2185 5379 2301 5434 ἀλλ’
2325 5380 2433 5435 ἀπὸ
2458 5381 2559 5451 τῆς
2579 5381 2890 5454 προθυμίας
2916 5384 3025 5437 τῶν
3051 5383 3398 5454 παρεχόντων
3418 5382 3696 5436 δείκνυται
3718 5380 3772 5434 δ.

2245 5523 2386 5591 ξᾼίιὶἱ
2408 5525 2495 5583 τὴν
2514 5526 2695 5584 πολλὴν
2710 5526 2819 5591 περὶ
2840 5526 2896 5575 τὸ
2913 5528 3046 5588 γένος
3065 5530 3203 5591 ἡμῶν
3234 5526 3538 5591 κηδεμονίαν.

2251 5583 2276 5652 ξ
2300 5585 2428 5652 ’[τεε
2468 5601 2581 5635 mss.
2610 5583 2888 5652 ἡτοίμασεν,
2918 5583 2970 5638 ἐι
3000 5583 3112 5640 ιιιοὶ
3136 5592 3244 5652 ἀγγ.
3280 5583 3446 5639 αὐτοῦ.
3470 5591 3527 5639 ιιι
3550 5590 3772 5650 δὲὺμεῖς.

2250 5648 2276 5714 ξ
2302 5648 2518 5714 Quatuor
2541 5664 2653 5699 num.
2679 5648 2950 5714 μείζωίγάρ.

2252 5707 2420 5775 yqu
2441 5716 2520 5756 est
2542 5707 2783 5775 scripiura
2806 5707 2989 5773 aliqiuol
3025 5727 3140 5762 mss.
3173 5719 3225 5761 et
3248 5711 3437 5763 Savilii.
3458 5726 3605 5775 quam
3635 5713 3778 5763 Mon-

2192 5771 2532 5838 [efylconiange
2555 5771 2860 5838 pfafluljmus
2882 5771 2951 5838 Sic
2976 5775 3175 5824 habmm
3318 5771 3656 5838 προαιρέσεως·
3686 5778 3778 5825 οὐκ

2191 5832 2286 5881 ἀπὸ
2317 5847 2440 5903 τημ,
2465 5832 2565 5878 τῶν
2584 5836 2858 5896 διδομένων,
2887 5837 2934 5884 ά.
2960 5838 3006 5885 ἀ.
3036 5843 3118 5895 τῆς
3154 5832 3418 5900 προθέσεως
3442 5832 3486 5884 τ’.
3510 5853 3561 5885 π.
3591 5838 3779 5889 δείκνυ-

2198 5905 2306 5941 σθαι
2326 5909 2553 5954 πεφυκεν.
