4062 6166
241 264 354 322 769

249 398 368 454 qua:
393 395 527 437 vero
556 389 685 436 sum
704 379 869 435 hodie
902 377 1151 444 dicenda,
1182 389 1282 431 nos
1308 375 1462 431 vobis
1489 372 1750 435 dicemus,
1779 374 1837 423 et

250 472 632 542 objectionem,
658 485 822 542 quam
854 468 1088 523 haeretici
1118 467 1271 523 nobis
1296 469 1589 534 opponunt,
1635 460 1689 514 in
1721 473 1833 513 me-

248 564 396 618 dium
424 560 782 632 proferemus.
807 560 1064 629 Quaenam
1086 557 1245 628 igitur
1267 556 1351 609 illa
1378 552 1497 610 est?
1517 546 1648 620 Quia
1671 563 1840 618 nuper

247 653 320 707 de
348 652 608 722 unigeniti
653 660 918 720 potestate
960 646 1332 711 disseruimus,
1376 657 1601 713 eamque
1642 640 1834 705 Patris,

244 762 283 799 θ
307 761 420 816 quo
438 745 651 815 genitus
681 753 786 808 est,
817 741 1066 814 potestati
1094 754 1274 810 parem
1307 752 1428 793 esse
1449 731 1837 791 demonstravi-

244 854 392 902 mus,
414 845 470 891 et
496 836 550 891 in
591 851 711 892 eam
740 851 853 890 rem
897 846 1174 888 sermones
1206 830 1403 885 multos
1441 826 1834 895 impendimus:

243 928 337 983 itis
364 928 440 983 illi
482 927 712 998 perculsi
753 926 908 980 dictis
948 922 1307 993 evangelicam
1335 934 1516 974 vocem
1553 916 1835 988 quamdam

249 1016 377 1087 alio,
399 1034 559 1089 quam
587 1016 663 1072 illi
683 1017 1041 1083 suspicantur,
1066 1013 1226 1067 modo
1249 1012 1443 1067 dictum
1471 1007 1705 1063 vicissim
1742 1021 1839 1060 no-

246 1111 335 1165 bis
362 1110 698 1180 obiecerunt.
726 1108 902 1177 Atque
930 1107 1187 1174 scriptum
1215 1113 1318 1169 est,
1351 1101 1614 1171 inquiunt,
1649 1097 1838 1154 Sedere

246 1213 417 1257 autem
444 1200 514 1253 ad
532 1200 792 1254 dexteram
820 1214 981 1252 meant
1006 1206 1052 1250 ct
1077 1197 1144 1249 ad
1173 1195 1429 1249 sinistram
1456 1208 1556 1245 non
1576 1199 1649 1245 est
1673 1204 1838 1242 meum

248 1293 391 1352 dare,
407 1290 497 1349 sed
515 1288 695 1359 quibus
712 1298 945 1358 paratum
961 1297 1032 1342 est
1051 1304 1083 1340 a
1105 1286 1258 1339 Patre
1276 1301 1384 1338 meo
1401 1283 1590 1355 (Matth
1598 1281 1705 1336 .20.
1719 1279 1832 1347 25).

321 1381 405 1437 Ad
424 1380 750 1449 objectionem
775 1377 1141 1435 Baeticarum
1171 1376 1449 1446 responsio.
1474 1402 1545 1414 —-
1571 1374 1683 1442 Ego
1708 1386 1837 1426 vero

251 1472 395 1543 quod
416 1487 634 1543 semper
661 1471 934 1526 caritatem
965 1482 1194 1525 vestram
1227 1469 1430 1533 hortor,
1461 1466 1512 1521 id
1551 1466 1711 1520 etiam
1740 1463 1838 1517 ho-

248 1564 337 1620 die
365 1579 561 1618 moneo
586 1562 931 1632 consuloque,
962 1577 1030 1617 ne
1060 1560 1372 1631 simpliciter
1405 1559 1591 1612 literas
1618 1571 1837 1626 percur-

248 1656 404 1717 ratis.
426 1656 521 1710 sed
542 1669 734 1713 sensus
756 1654 1118 1724 investigetis:
1151 1653 1193 1706 si
1216 1652 1334 1722 quis
1355 1651 1496 1706 enim
1526 1647 1838 1717 simpliciter

249 1747 431 1804 verbis
474 1747 751 1811 inhaereat,
780 1763 950 1817 neque
977 1754 1171 1816 praeter
1195 1760 1281 1811 ea,
1308 1759 1426 1814 quae
1455 1743 1650 1811 scripta
1690 1750 1835 1807 sunt,

248 1838 541 1909 quidquam
580 1838 846 1908 exquirat,
890 1839 942 1892 in
990 1836 1172 1891 multis
1200 1837 1418 1890 errabit.
1451 1834 1584 1888 Nam
1628 1842 1682 1888 et
1727 1833 1838 1887 alas

249 1930 452 1985 habere
473 1931 636 1985 Deum
660 1930 947 2000 Scriptura:
965 1930 1168 1994 dicunt,
1191 1929 1269 1983 sic
1289 1929 1536 1998 loquente
1560 1924 1835 1995 prOpheta,

250 2022 319 2076 In
349 2023 565 2094 tegmine
587 2022 788 2076 alarum
826 2034 1028 2075 tuarum
1056 2029 1272 2093 Vprotege
1317 2036 1395 2072 me
1419 2018 1585 2089 (Psal
1623 2016 1709 2071 16.
1738 2018 1794 2084 8)
1820 2033 1834 2069 :

248 2128 352 2170 nec
396 2123 572 2168 tamen
614 2113 809 2169 idcirco
855 2112 1094 2167 dicemus
1135 2112 1328 2164 alatam
1376 2123 1495 2164 esse
1542 2108 1836 2178 spiritalem

249 2204 396 2258 illam
424 2213 480 2262 et
508 2204 866 2261 immortalem
893 2203 1202 2258 essentiam.
1233 2202 1287 2256 Si
1327 2202 1471 2256 enim
1500 2199 1568 2254 de
1599 2199 1835 2254 homini-

249 2295 351 2349 bus
378 2296 482 2347 hoc
516 2293 620 2348 dici
650 2294 854 2361 nequit,
897 2293 1067 2347 multo
1090 2292 1265 2346 minus
1293 2291 1362 2346 de
1390 2291 1694 2358 incorrupta
1726 2290 1835 2354 illa,

250 2385 525 2449 invisibili,
556 2396 610 2440 et
637 2382 1165 2452 incomprehensibili
1192 2392 1401 2438 natura.
1424 2381 1559 2448 Quid
1585 2396 1714 2450 ergo
1745 2395 1839 2449 per

248 2476 365 2530 alas
392 2476 616 2546 intelligi
643 2492 673 2529 a
700 2476 854 2529 nobis
885 2490 981 2545 par
1009 2475 1134 2529 est?
1163 2473 1542 2537 Securitatem,
1574 2482 1833 2535 tutamen,

247 2570 531 2636 auxilium,
564 2568 787 2625 subsidii
818 2568 982 2622 robur
1011 2568 1288 2622 invictum.
1317 2566 1519 2620 Rursus
1555 2582 1674 2619 cum
1714 2564 1837 2618 dor-

249 2661 388 2716 mire
433 2669 697 2715 testantur
724 2658 1037 2728 Scripturae,
1069 2658 1194 2712 dum
1225 2658 1293 2711 ita
1333 2657 1553 2711 dicunt:
1583 2654 1832 2725 Exsurge,

247 2767 408 2822 quare
449 2751 726 2813 obdormis,
750 2749 964 2807 Domine
995 2749 1166 2821 (Psal.
1194 2750 1283 2804 45.
1311 2747 1444 2817 23)?
1486 2764 1590 2800 non
1629 2758 1685 2800 ut
1714 2748 1840 2800 dor-

247 2841 387 2896 mire
430 2840 597 2899 Deum
627 2840 959 2908 suspicemur
986 2857 999 2892 :
1033 2839 1083 2895 id
1114 2839 1256 2894 enim
1285 2846 1431 2895 esset
1466 2845 1720 2893 extremae
1745 2836 1841 2890 de-

247 2929 499 2987 mentiar:
518 2931 613 2986 sed
632 2931 807 2985 somni
835 2928 1051 2985 nomine
1079 2928 1527 2999 Ionganimitatem
1550 2939 1602 2983 et
1635 2927 1840 2996 patien-

251 3024 378 3078 tiam
407 3023 563 3083 nobis
590 3024 896 3091 exprimunt
933 3039 947 3077 :
981 3023 1116 3076 alius
1140 3030 1318 3079 autem
1353 3021 1631 3090 propheta,
1667 3021 1836 3073 Num-

247 3115 375 3185 quid
404 3120 523 3181 eris,
554 3115 743 3184 inquit,
771 3115 915 3183 quasi
946 3114 1094 3169 homo
1113 3114 1366 3169 dormiens
1398 3111 1608 3184 (Jerem.
1640 3110 1837 3183 14.9)?

251 3207 419 3262 Vides
482 3208 649 3262 multa
716 3207 871 3267 nobis
939 3222 1074 3276 Opus
1130 3221 1253 3262 esse
1324 3204 1643 3274 prudentia,
1711 3205 1836 3257 dum

248 3298 544 3368 Scriptum
612 3299 888 3357 thesauros
957 3298 1391 3368 perscrutamur?
1442 3296 1497 3350 Si
1553 3297 1693 3350 enim
1757 3296 1838 3348 le-

254 3392 395 3445 viter
447 3405 511 3444 ac
568 3402 770 3449 temere
823 3401 878 3449 et
912 3405 1127 3460 quoquo
1183 3390 1380 3454 modo,
1437 3404 1556 3459 quae
1594 3389 1840 3443 dicuntur

246 3480 570 3545 audiamus,
629 3497 736 3536 non
791 3483 880 3539 illa
934 3490 1138 3538 tantum
1205 3491 1494 3549 sequentur
1565 3481 1836 3545 absurda,

246 3574 348 3629 sed
394 3584 449 3627 et
476 3589 650 3643 pugna
695 3590 799 3629 non
829 3574 1115 3631 mediocris
1153 3574 1207 3630 in
1246 3574 1332 3639 iis,
1361 3589 1482 3643 quae
1510 3572 1650 3629 dicta
1690 3584 1835 3637 sunt,

254 3667 563 3737 apparebit.
594 3664 727 3720 Nam
756 3666 846 3721 ille
874 3665 1086 3736 quidem
1117 3666 1289 3735 ipsum
1316 3665 1548 3720 dormire
1570 3666 1721 3730 dicit,
1751 3664 1840 3720 hic

242 3772 380 3813 vero
406 3773 514 3813 non
542 3756 798 3822 dormire,
828 3758 921 3810 sed
944 3765 1225 3826 utrumque
1243 3772 1427 3811 verum
1452 3766 1550 3822 est,
1581 3756 1625 3809 si
1647 3771 1842 3810 convc-

245 3849 420 3911 nienti
461 3862 622 3903 sensu
650 3848 900 3917 accipias.
929 3849 1030 3915 Qui
1058 3848 1200 3903 enim
1228 3848 1398 3917 ipsum
1429 3848 1661 3903 dormire
1684 3848 1836 3912 dicit,

245 3954 521 3995 summam
533 3938 648 4007 ejus
663 3937 1371 4008 longanimitatemdesignat
1393 3953 1407 3990 :
1429 3938 1516 4006 qui
1538 3952 1666 3992 vero
1684 3946 1842 4007 negat

244 4030 515 4096 dormire,
548 4039 752 4087 natura
778 4029 930 4087 nobis
950 4028 1405 4085 immortalitatem
1425 4028 1677 4084 declarat.
1707 4026 1840 4082 Cum

248 4122 416 4192 igitur
444 4121 608 4180 multa
637 4120 791 4181 nobis
820 4119 1098 4189 prudentia
1127 4120 1197 4176 sit
1220 4134 1373 4189 opus,
1404 4136 1472 4174 ne
1523 4132 1724 4175 temere
1762 4120 1843 4175 di-

245 4223 401 4268 ctum
425 4212 566 4266 istud
592 4214 935 4281 accipiamus,
957 4210 1079 4265 Non
1107 4221 1180 4266 est
1210 4229 1375 4267 meum
1395 4214 1538 4279 dare,
1560 4214 1648 4267 sed
1666 4215 1843 4285 quibus

248 4312 494 4373 paratum
517 4312 590 4357 est
607 4320 639 4356 a
658 4302 815 4357 Patre
830 4320 940 4357 meo
955 4302 1268 4376 (Matt/1.20.
1291 4304 1385 4376 23)
1409 4321 1423 4360 :
1448 4320 1550 4360 ltOtt
1576 4306 1717 4363 enim
1740 4306 1843 4361 hoc

250 4400 577 4463 potestatem
605 4392 720 4462 ejus
753 4393 908 4457 tollit,
946 4408 1117 4464 neque
1153 4396 1524 4450 auctoritatem
1556 4396 1840 4463 imminuit,

249 4485 347 4541 sed
394 4485 615 4539 multam
641 4485 1074 4551 sollicitudinem,
1103 4486 1442 4556 sapientiam,
1475 4497 1530 4542 et
1557 4503 1697 4554 eam,
1738 4505 1841 4559 qua

249 4576 441 4646 generi
490 4587 677 4631 nostro
720 4575 980 4644 consulit,
1034 4577 1422 4647 providentiam
1466 4580 1723 4634 ostendit.
1778 4581 1845 4636 Ut

251 4669 400 4722 enim
447 4668 586 4722 scias
616 4669 667 4723 in
694 4669 811 4738 ejus
853 4678 1119 4739 potestate
1158 4671 1316 4725 situm
1348 4685 1489 4735 esse,
1532 4680 1589 4725 ut
1629 4687 1840 4742 poenam

253 4763 477 4831 inferat,
503 4765 587 4818 vel
615 4764 872 4818 honorem
900 4764 1189 4833 impertiat,
1213 4765 1334 4819 audi
1356 4765 1480 4837 quid
1514 4766 1600 4821 ille
1624 4768 1740 4835 ipse
1765 4768 1846 4821 di-

254 4865 362 4920 cat,
400 4856 555 4925 cujus
582 4856 741 4909 verba
770 4866 1081 4923 tremamus,
1111 4854 1238 4912 Cum
1265 4858 1448 4910 verterit
1480 4856 1647 4912 Filius
1676 4858 1843 4912 hauri-

252 4949 335 5001 nis
360 4948 416 5000 in
441 4946 606 5016 gloria
628 4947 787 5016 patris
818 4948 916 5011 sui,
939 4956 1119 5000 statuet
1139 4962 1251 5002 oves
1274 4965 1307 5001 a
1332 4947 1524 5003 dextris
1543 4957 1590 5002 et
1613 4949 1785 5004 haedos
1812 4967 1845 5004 a

254 5041 497 5105 sinistris,
539 5049 588 5095 et
622 5040 751 5095 dicet
781 5041 865 5107 iis,
887 5040 972 5111 qui
995 5058 1026 5092 a
1050 5039 1242 5096 dextris
1270 5050 1436 5107 erunt,
1468 5040 1670 5102 Venite,
1693 5041 1843 5097 bene-

254 5132 381 5184 dicti
410 5132 572 5202 patris
595 5131 710 5197 tnei,
735 5131 984 5201 possidete
1006 5140 1241 5201 paratum
1264 5130 1401 5186 vobis
1425 5148 1637 5202 regnum
1661 5150 1693 5186 a
1718 5150 1843 5187 con-

255 5223 521 5276 stitutione
546 5222 741 5274 mundi.
770 5220 970 5275 Esurivi
1001 5223 1132 5274 enim
1159 5230 1205 5275 et
1234 5222 1442 5276 dedistis
1470 5222 1594 5276 mihi
1626 5226 1845 5278 mandu-

252 5330 375 5369 care
402 5330 424 5370 :
451 5314 583 5369 sitivi
612 5323 659 5368 et
699 5314 907 5368 dedistis
933 5313 1055 5365 mihi
1086 5312 1267 5366 bibere.
1300 5311 1377 5367 Iis
1406 5323 1573 5369 autem
1598 5316 1685 5386 qui
1710 5332 1741 5368 α
1769 5317 1844 5371 si-

253 5408 432 5465 nistris
461 5416 627 5474 erunt,
658 5406 806 5470 dicet,
826 5392 1087 5460 Discedite
1110 5422 1141 5458 a
1167 5421 1245 5459 me
1270 5405 1525 5461 maledicti
1562 5406 1615 5460 in
1654 5408 1838 5478 ignem,

253 5501 341 5565 qui
362 5512 577 5571 paratus
603 5507 676 5551 est
703 5494 905 5551 diabolo
935 5506 983 5551 et
1004 5496 1195 5567 angelis
1218 5495 1346 5565 ejus.
1388 5496 1591 5554 Esurivi
1616 5499 1772 5567 enim,
1795 5509 1843 5554 et

256 5608 356 5643 non
372 5589 589 5643 dedistis
610 5590 731 5642 mihi
754 5590 1061 5643 manducare
1082 5604 1100 5643 :
1122 5590 1274 5655 sitioi,
1301 5598 1468 5644 etnon
1489 5591 1697 5647 dedistis
1719 5591 1842 5647 mihi

259 5696 439 5756 petum
462 5701 480 5737 :
502 5685 685 5752 hospes
709 5699 868 5747 eram,
901 5694 946 5736 et
978 5700 1077 5736 non
1107 5683 1376 5755 collegistis
1404 5700 1479 5739 me
1502 5683 1714 5755 (Matth.
1746 5685 1835 5742 95.

934 265 1019 321 DE
1061 262 1282 320 PETIT.
1318 258 1568 319 FllJOR.
1611 252 1954 323 ZEBEDEi,
1992 252 2264 311 CONTRA
2307 254 2677 313 ANOMCEOS.
2720 257 2855 312 Vill.

3420 236 3553 318 ποί

1947 369 2008 422 51
2023 407 2036 421 .
2057 370 2215 440 sqq.).
2242 369 2402 425 Vides
2421 369 2717 425 absolutum
2731 371 3002 440 judicium,
3028 382 3081 426 et
3104 389 3209 443 quo
3231 386 3382 443 pacto
3400 393 3520 433 cum

1947 458 2149 514 honore
2191 459 2407 525 alliciat,
2455 471 2565 515 tum
2608 475 2818 531 poenam
2861 461 3053 517 inferat
3088 482 3102 517 :
3134 480 3256 519 cum
3297 481 3523 520 coronas

1944 551 2162 617 tribuat,
2204 562 2313 607 tum
2345 553 2603 623 supplicio
2630 555 2860 623 plectat;
2899 563 2954 609 et
2982 554 3080 610 hos
3103 557 3316 626 quidem
3346 558 3396 611 in
3434 573 3518 611 re—

1942 655 2105 710 gnum
2137 643 2455 710 introducat,
2501 645 2619 699 illos
2656 654 2833 699 autem
2869 646 2920 699 in
2949 648 3244 717 gehennam
3271 649 3522 719 ableget?

2011 732 2066 786 2.
2106 735 2483 790 Animadverte
2526 747 2703 790 autem
2752 736 2854 791 hoc
2894 739 3053 792 etiam
3096 740 3235 805 loco,
3267 751 3517 810 quantum

1944 826 2030 880 ille
2075 829 2241 881 nostri
2271 829 2289 860 ι
2317 843 2498 883 curam
2531 840 2680 898 gerat
2710 847 2724 884 :
2757 830 2881 885 dum
2913 833 3054 886 enim
3082 848 3175 888 eos
3223 834 3517 904 alloqnere-

1943 932 2049 981 tur.
2079 926 2167 992 qui
2189 940 2416 978 coronas
2444 925 2795 994 accipiebant,
2838 925 3030 991 Venite,
3059 929 3248 1000 inquit,
3280 931 3522 985 benedicti

1941 1011 2119 1067 Putris
2143 1014 2257 1067 mei.
2298 1013 2564 1070 Possidete
2591 1026 2823 1085 paratum
2850 1019 2986 1073 vobis
3011 1037 3218 1091 regnum
3246 1033 3364 1077 ante
3398 1039 3521 1076 can-

1940 1106 2248 1159 stitutionem
2278 1107 2452 1161 mundi
2485 1122 2505 1162 :
2531 1108 2636 1162 illis
2662 1123 2791 1164 vero
2816 1112 2903 1180 qui
2934 1113 3193 1180 supplicio
3218 1113 3522 1167 afﬁcieban~

1942 1203 2026 1250 tur
2045 1212 2148 1250 non
2177 1196 2328 1259 dixit,
2359 1197 2615 1253 discedite
2638 1216 2669 1254 ει
2694 1215 2778 1253 me
2801 1199 2853 1254 in
2887 1202 3056 1270 ignem
3088 1203 3174 1273 qui
3206 1213 3417 1271 paratus
3440 1214 3521 1258 est

1939 1288 2111 1352 vobis,
2147 1288 2261 1355 sed,
2297 1289 2395 1355 Qui
2424 1301 2634 1359 paratus
2658 1303 2728 1344 est
2758 1292 2980 1345 diabolo.
3007 1292 3138 1347 Nam
3169 1310 3385 1364 regnum
3407 1296 3525 1365 qui-

1941 1379 2062 1435 dem
2096 1381 2401 1435 hominihus
2427 1384 2603 1451 paravi
2630 1385 2675 1451 ⁸,
2718 1384 3013 1454 gehennam
3064 1398 3240 1440 autem
3271 1404 3375 1441 non
3427 1388 3525 1442 ho-

1940 1472 2192 1538 minibus,
2218 1473 2409 1543 inquit,
2440 1475 2533 1528 sed
2576 1475 2789 1530 diabolo
2820 1486 2871 1529 et
2901 1478 3103 1548 angelis
3133 1478 3271 1532 illius
3298 1481 3479 1550 paravi
3506 1498 3518 1534 :

1939 1565 2080 1635 quod
2108 1566 2151 1619 si
2182 1581 2277 1620 vos
2301 1567 2458 1620 talem
2491 1569 2645 1620 vitam
2679 1569 3012 1635 cxhihuistis,
3040 1580 3092 1623 ut
3123 1586 3276 1640 parua
3305 1571 3449 1643 digni
3470 1580 3524 1628 et

1939 1655 2202 1724 supplicio
2231 1654 2456 1723 fieretis,
2504 1657 2555 1710 id
2586 1658 2979 1728 Vobismetipsis
3026 1660 3286 1728 imputare
3331 1665 3523 1718 merito

1942 1749 2181 1818 potestis.
2229 1749 2307 1802 Ac
2348 1749 2489 1811 vide,
2533 1757 2724 1817 quanta
2770 1750 2838 1804 sit
2867 1751 2984 1819 ejus
3034 1751 3100 1805 ad
3146 1753 3520 1823 benignitatem

1941 1841 2261 1910 propensio;
2291 1857 2411 1894 cum
2460 1842 2601 1895 enim
2635 1842 2869 1896 nondum
2901 1853 3081 1897 essent
3107 1843 3339 1910 alhlctm,
3387 1861 3526 1914 pra:-

1943 1939 2141 1999 parata:
2169 1940 2292 1984 sunt
2318 1945 2552 1992 cornum,
2577 1946 2639 1983 ac
2669 1932 2882 2000 prmmia
2913 1932 3199 1987 destinata.
3234 1932 3374 1987 Nam
3404 1952 3524 2005 pos-

1940 2019 2116 2085 sidete,
2161 2018 2350 2089 inquit,
2380 2028 2614 2089 paratum
2638 2021 2776 2073 vobis
2804 2036 3012 2090 regnum
3058 2032 3175 2075 ante
3211 2024 3526 2077 constitutio—

1940 2128 2055 2165 nem
2079 2113 2253 2165 mundi
2294 2112 2508 2183 (Matth.
2537 2113 2629 2169 25.
2661 2114 2770 2183 54).
2799 2114 2865 2167 Ει
2896 2130 3026 2169 vero
3057 2115 3108 2169 in
3151 2117 3402 2185 parabola
3433 2117 3520 2171 dc-

1940 2216 2057 2256 cem
2086 2201 2346 2272 virginum
2386 2203 2524 2257 idem
2556 2219 2777 2259 cernere
2805 2204 2964 2257 licet:
3005 2220 3125 2259 cum
3154 2208 3298 2260 enim
3328 2206 3519 2262 adven-

1941 2300 2092 2345 turus
2112 2304 2253 2347 esset
2300 2308 2549 2363 spOnstis,
2584 2294 2764 2347 dicunt
2796 2295 3143 2363 prudentibus
3169 2297 3323 2351 fatuae
3350 2314 3361 2348 :
3394 2296 3528 2350 Date

1941 2383 2080 2438 nobis
2109 2383 2171 2436 de
2219 2385 2328 2438 oleo
2369 2396 2531 2439 vestro
2577 2384 2752 2456 (Ibid.
2808 2388 2861 2441 8.
2913 2386 3029 2456 9):
3073 2387 3138 2441 ad
3186 2403 3316 2458 quas
3372 2388 3521 2443 illae:

1942 2473 2027 2529 Ne
2061 2475 2192 2544 forte
2219 2493 2320 2529 non
2362 2477 2575 2548 sufficiat
2621 2477 2762 2531 nobis
2791 2487 2836 2530 et
2863 2476 3000 2531 vobis
3034 2493 3053 2532 :
3097 2492 3202 2531 nou
3230 2478 3297 2532 de
3323 2479 3443 2533 oleo
3471 2490 3526 2534 et

1941 2567 2062 2637 igne
2084 2569 2300 2623 disserit
2348 2569 2448 2623 hoc
2489 2570 2607 2623 loco
2646 2569 2941 2638 Scriptura,
2981 2570 3074 2625 sed
3110 2570 3178 2625 de
3221 2569 3524 2641 virginitate

1939 2669 2099 2728 atque
2126 2660 2494 2716 humanitate:
2527 2676 2589 2715 ac
2616 2652 2968 2731 virginitatem
2998 2661 3209 2731 quidem
3243 2662 3378 2732 ignis
3407 2663 3525 2719 loco

1940 2748 2122 2817 habet,
2169 2752 2566 2823 eleemosynam
2612 2764 2789 2807 autem
2820 2753 2924 2808 olei
2967 2753 3107 2816 loco,
3151 2754 3519 2825 signiﬁcatque

1939 2842 2293 2910 virginitatem
2327 2842 2654 2897 humanitate
2693 2845 2915 2897 multum
2950 2844 3208 2914 indigere,
3242 2861 3415 2916 neque
3457 2846 3524 2899 li-

1940 2947 2065 2989 cere
2088 2935 2290 3004 absque
2329 2935 2414 2989 illa
2442 2936 2652 2990 salvari.
2682 2937 2906 3003 Quinam
2950 2948 3126 2993 autem
3160 2939 3231 2992 illi
3259 2949 3400 3005 Sunt,
3435 2941 3522 3009 qni

1941 3024 2116 3079 oleum
2149 3024 2286 3078 istud
2330 3026 2605 3080 vendunt?
2632 3027 2860 3092 Quinam
2906 3029 3018 3094 alii,
3066 3028 3167 3083 nisi
3225 3031 3528 3098 pauperes?

1941 3112 2054 3167 Non
2103 3114 2245 3168 enim
2288 3116 2557 3185 accipiunt
2597 3118 2788 3185 potius,
2835 3132 2993 3186 quam
3034 3117 3182 3171 dant.
3228 3118 3306 3173 Ne
3346 3121 3527 3188 utique

1941 3217 2162 3257 censeas
2188 3205 2580 3276 eleemosynam
2608 3208 2904 3275 impensam
2955 3221 3095 3273 esse,
3151 3207 3245 3261 sed
3292 3223 3523 3278 proven-

1943 3305 2092 3362 tum;
2146 3312 2320 3365 neque
2365 3310 2660 3365 sumptum,
2690 3298 2783 3352 sed
2839 3299 3290 3370 negotiationem:
3322 3302 3523 3370 majora

1942 3387 2138 3456 quippe
2162 3388 2376 3456 recipis,
2423 3404 2579 3458 quam
2611 3388 2706 3442 des
2732 3407 2745 3443 :
2772 3389 2869 3443 das
2895 3404 3106 3459 panem,
3136 3398 3193 3445 et
3238 3392 3527 3460 recipisvi-

1944 3489 2050 3531 tam
2077 3488 2370 3545 aeternam;
2402 3478 2499 3533 das
2529 3488 2754 3544 vestem,
2799 3488 2853 3535 et
2886 3480 3297 3535 immortalitatis
3331 3482 3527 3552 recipis

1945 3572 2347 3638 indumentum;
2381 3572 2475 3627 das
2504 3574 2624 3628 tecti
2655 3574 3112 3639 communionem,
3141 3583 3195 3628 et
3225 3575 3418 3644 recipis
3449 3591 3528 3630 re-

1944 3680 2103 3736 gnum
2132 3666 2420 3729 cmlorum;
2456 3666 2662 3734 praebes
2713 3681 2833 3735 qua:
2871 3677 3116 3736 pereunt,
3149 3680 3201 3721 et
3241 3684 3360 3737 qua:
3400 3684 3527 3737 per-

1944 3767 2105 3827 petuo
2136 3766 2447 3825 permanent
2472 3757 2689 3825 accipis.
2729 3758 2798 3811 At
2822 3758 2963 3811 enim
2991 3774 3097 3827 quo
3131 3768 3283 3827 pacto
3312 3774 3527 3828 possum

1943 3849 2335 3919 eleemosynam
2359 3848 2763 3916 impertiri,cum
2785 3863 2982 3917 pauper
3002 3850 3138 3902 sim?
3157 3851 3293 3905 dicet
3317 3853 3527 3921 aliquis.

2015 3939 2081 3994 In
2102 3940 2417 4010 eleemosyna
2433 3956 2531 3993 non
2551 3940 2672 3992 doni
2686 3941 3001 4010 magnitudo,
3025 3942 3113 3994 sed
3133 3942 3300 3996 dantis
3326 3945 3527 3998 animus

1945 4042 2220 4101 spectatur.
2238 4062 2310 4074 --
2331 4031 2556 4086 Maxime
2582 4046 2731 4097 vero,
2761 4047 2880 4087 cum
2908 4046 3106 4100 pauper
3127 4047 3206 4096 es,
3233 4045 3342 4087 tum
3377 4045 3529 4103 potes

1947 4125 2342 4196 eleemosynam
2383 4123 2640 4191 impertiri
2672 4142 2684 4175 :
2718 4139 2839 4176 nam
2867 4124 2953 4176 ille
2982 4124 3217 4193 quidem,
3251 4125 3339 4195 qui
3379 4126 3530 4181 dives

1947 4224 2047 4278 est,
2091 4216 2433 4284 pecuniarum
2475 4216 2625 4283 copia
2659 4215 3000 4280 temulentus,
3045 4217 3354 4285 gravissima
3388 4217 3522 4271 febri

1947 4317 2244 4377 correptus,
2276 4306 2602 4361 insaturabili
2628 4321 2812 4360 amore
2838 4306 3047 4370 ductus,
3072 4307 3308 4363 fortunas
3334 4324 3530 4378 augere

1947 4399 2091 4452 vult:
2121 4412 2321 4467 pauper
2344 4406 2520 4451 autem
2548 4396 2617 4451 ab
2647 4396 2747 4451 hoc
2777 4398 2964 4452 morbo
2999 4398 3153 4462 liber,
3180 4409 3234 4454 et
3261 4401 3531 4470 :egritndi-

1951 4490 2032 4542 nis
2055 4503 2246 4558 expers
2276 4486 2478 4543 facilius
2502 4503 2567 4541 ex
2595 4487 2749 4542 bonis
2786 4488 2897 4542 suis
2934 4488 3222 4559 largietur:
3253 4506 3358 4545 non
3386 4495 3528 4547 enim

1950 4598 2046 4652 pro
2074 4582 2381 4637 substantia:
2433 4594 2702 4645 mensura,
2736 4579 2829 4635 sed
2872 4595 2971 4649 pro
3014 4581 3175 4636 animi
3218 4585 3531 4653 consiliique

1950 4688 2221 4737 mensura,
2252 4671 2389 4725 solet
2416 4673 2771 4741 eleemosyute
2817 4672 3006 4725 modus
3034 4674 3305 4742 prmscribi
3327 4692 3339 4727 :
3365 4689 3531 4745 quan-

1948 4764 2233 4834 doquidem
2261 4771 2315 4818 et
2341 4762 2426 4816 illa
2446 4763 2599 4816 vidua
2633 4773 2743 4817 tum
2772 4763 2905 4817 duos
2930 4764 3119 4818 obolos
3148 4765 3308 4827 misit,
3332 4775 3387 4819 et
3414 4768 3531 4821 illos

1950 4859 2037 4928 qui
2076 4858 2266 4926 opibus
2290 4857 2729 4911 circumﬂuehant
2757 4857 3046 4926 superavit.
3087 4866 3144 4912 et
3179 4857 3343 4911 altera
3374 4860 3527 4912 vidua

1948 4967 2069 5004 cum
2095 4950 2279 5003 farina:
2309 4950 2581 5019 pugillum,
2621 4957 2675 5004 et
2716 4948 2820 5003 olei
2854 4948 3118 5018 paululum
3154 4948 3385 5013 habrrct,
3416 4952 3529 5019 auio

1953 5058 2092 5097 mam
2124 5043 2265 5097 illam
2306 5043 2372 5095 ad
2397 5043 2583 5095 cadum
2617 5042 3000 5111 pertingentcm
3029 5039 3261 5110 hospitio
3298 5042 3529 5111 excepit,

1951 5144 2006 5188 et
2027 5134 2197 5189 uentri
2220 5136 2437 5187 istarum
2464 5143 2672 5203 egestas
2690 5131 3068 5201 impedimento
3095 5130 3192 5185 fuit
3221 5128 3409 5200 (Marc.
3440 5130 3528 5185 £2.

1950 5228 2065 5296 42).
2097 5225 2216 5281 Noli
2243 5224 2423 5294 utique
2441 5224 2735 5294 superﬂuas
2753 5232 2807 5278 et
2833 5224 3044 5278 inutiles
3068 5225 3437 5279 excusationes
3454 5228 3531 5279 at-

1950 5316 2123 5372 ferre:
2149 5333 2255 5370 non
2285 5317 2425 5371 enim
2451 5314 2747 5370 collationis
2774 5314 3171 5381 abundantiam,
3202 5316 3295 5369 sed
3323 5314 3532 5370 divitias

1951 5407 2237 5463 voluntatis
2267 5405 2523 5476 requirit;
2548 5420 2652 5459 non
2679 5420 2740 5459 ex
2769 5419 2952 5458 eorum
2975 5418 3221 5458 mensura
3248 5420 3366 5475 quae
3394 5407 3530 5462 dan-

1951 5510 2054 5565 tur,
2098 5497 2193 5553 sed
2226 5513 2293 5552 ex
2320 5511 2504 5551 eorum
2533 5495 2807 5566 proposito
2835 5494 2926 5563 qui
2958 5495 3268 5564 largiuntur,
3295 5496 3531 5553 elcemoc

2015 5636 2031 5666 ί
2068 5632 2172 5690 Alii,
2196 5627 2384 5693 generis
2400 5626 2569 5696 nostri.
2707 5686 2717 5696 _

2012 5698 2033 5728 ¹
2066 5703 2184 5744 'l‘res
2198 5691 2529 5756 manuscripti,
2552 5691 2756 5754 pararit.
