  <div class='ocr_page' id='page_1' title='image "/cluster/home/n/w/nwhite01/storage/ocr_20150623/48/mdp.39015032114640/251.png"; bbox 0 0 4062 6166; ppageno 0'>
   <div class='ocr_carea' id='block_1_1' title="bbox 468 249 3000 315">
    <p class='ocr_par' dir='ltr' id='par_1_1' title="bbox 468 249 3000 315">
     <span class='ocr_line' id='line_1_1' title="bbox 468 249 3000 315; baseline -0.002 0"><span class='ocrx_word' id='word_1_1' title='bbox 468 258 562 315; x_wconf 76' lang='grc' dir='ltr'><strong>ΤΗ</strong></span> <span class='ocrx_word' id='word_1_2' title='bbox 1179 253 1235 310; x_wconf 88' lang='lat' dir='ltr'><strong>S.</strong></span> <span class='ocrx_word' id='word_1_3' title='bbox 1275 251 1554 310; x_wconf 82' lang='lat' dir='ltr'><strong>JOANNIS</strong></span> <span class='ocrx_word' id='word_1_4' title='bbox 1592 249 2061 309; x_wconf 78' lang='lat' dir='ltr'><strong>CIIRYSOSTOMI</strong></span> <span class='ocrx_word' id='word_1_5' title='bbox 2102 252 2425 310; x_wconf 79' lang='lat' dir='ltr'><strong>ARCHIEP.</strong></span> <span class='ocrx_word' id='word_1_6' title='bbox 2463 253 3000 313; x_wconf 76' lang='lat' dir='ltr'><strong>CONSTANTINOP.</strong></span> 
     </span>
    </p>
   </div>
   <div class='ocr_carea' id='block_1_2' title="bbox 469 364 2052 438">
    <p class='ocr_par' dir='ltr' id='par_1_2' title="bbox 469 364 2052 438">
     <span class='ocr_line' id='line_1_2' title="bbox 469 364 2052 438; baseline -0.004 -14"><span class='ocrx_word' id='word_1_7' title='bbox 469 384 601 438; x_wconf 77' lang='lat' dir='ltr'><strong>syna</strong></span> <span class='ocrx_word' id='word_1_8' title='bbox 626 367 760 424; x_wconf 87' lang='lat' dir='ltr'><strong>solet</strong></span> <span class='ocrx_word' id='word_1_9' title='bbox 786 365 1046 422; x_wconf 83' lang='lat' dir='ltr'><strong>exhiberi.</strong></span> <span class='ocrx_word' id='word_1_10' title='bbox 1079 365 1281 436; x_wconf 81' lang='lat' dir='ltr'><strong>Pauper</strong></span> <span class='ocrx_word' id='word_1_11' title='bbox 1301 381 1380 432; x_wconf 92' lang='lat' dir='ltr'><strong>es,</strong></span> <span class='ocrx_word' id='word_1_12' title='bbox 1410 373 1461 421; x_wconf 92' lang='lat' dir='ltr'><strong>et</strong></span> <span class='ocrx_word' id='word_1_13' title='bbox 1486 366 1724 420; x_wconf 90' lang='lat' dir='ltr'><strong>omnium</strong></span> <span class='ocrx_word' id='word_1_14' title='bbox 1750 364 2052 420; x_wconf 91' lang='lat' dir='ltr'><strong>mortallum</strong></span> 
     </span>
    </p>
   </div>
   <div class='ocr_carea' id='block_1_3' title="bbox 473 456 2056 532">
    <p class='ocr_par' dir='ltr' id='par_1_3' title="bbox 473 456 2056 532">
     <span class='ocr_line' id='line_1_3' title="bbox 473 456 2056 532; baseline -0.004 -15"><span class='ocrx_word' id='word_1_15' title='bbox 473 461 860 532; x_wconf 84' lang='lat' dir='ltr'><strong>pauperrimus,</strong></span> <span class='ocrx_word' id='word_1_16' title='bbox 893 467 949 513; x_wconf 91' lang='lat' dir='ltr'><strong>at</strong></span> <span class='ocrx_word' id='word_1_17' title='bbox 973 458 1057 512; x_wconf 90' lang='lat' dir='ltr'><strong>illa</strong></span> <span class='ocrx_word' id='word_1_18' title='bbox 1088 457 1244 512; x_wconf 88' lang='lat' dir='ltr'><strong>vidua</strong></span> <span class='ocrx_word' id='word_1_19' title='bbox 1275 472 1380 510; x_wconf 91' lang='lat' dir='ltr'><strong>non</strong></span> <span class='ocrx_word' id='word_1_20' title='bbox 1415 458 1687 525; x_wconf 78' lang='lat' dir='ltr'><strong>egentior:</strong></span> <span class='ocrx_word' id='word_1_21' title='bbox 1717 471 1836 526; x_wconf 78' lang='lat' dir='ltr'><strong>qua:</strong></span> <span class='ocrx_word' id='word_1_22' title='bbox 1865 456 2056 510; x_wconf 77' lang='lat' dir='ltr'><strong>divites</strong></span> 
     </span>
    </p>
   </div>
   <div class='ocr_carea' id='block_1_4' title="bbox 467 547 2056 623">
    <p class='ocr_par' dir='ltr' id='par_1_4' title="bbox 467 547 2056 623">
     <span class='ocr_line' id='line_1_4' title="bbox 467 547 2056 623; baseline -0.004 -16"><span class='ocrx_word' id='word_1_23' title='bbox 467 555 628 623; x_wconf 90' lang='lat' dir='ltr'><strong>longo</strong></span> <span class='ocrx_word' id='word_1_24' title='bbox 651 551 934 606; x_wconf 87' lang='lat' dir='ltr'><strong>intervallo</strong></span> <span class='ocrx_word' id='word_1_25' title='bbox 959 550 1257 618; x_wconf 86' lang='lat' dir='ltr'><strong>superavit;</strong></span> <span class='ocrx_word' id='word_1_26' title='bbox 1277 549 1370 603; x_wconf 89' lang='lat' dir='ltr'><strong>sed</strong></span> <span class='ocrx_word' id='word_1_27' title='bbox 1389 549 1499 618; x_wconf 91' lang='lat' dir='ltr'><strong>ipsa</strong></span> <span class='ocrx_word' id='word_1_28' title='bbox 1529 549 1618 602; x_wconf 92' lang='lat' dir='ltr'><strong>tibi</strong></span> <span class='ocrx_word' id='word_1_29' title='bbox 1641 547 1938 604; x_wconf 88' lang='lat' dir='ltr'><strong>necessaria</strong></span> <span class='ocrx_word' id='word_1_30' title='bbox 1958 547 2056 602; x_wconf 91' lang='lat' dir='ltr'><strong>dc-</strong></span> 
     </span>
    </p>
   </div>
   <div class='ocr_carea' id='block_1_5' title="bbox 469 640 2051 712">
    <p class='ocr_par' dir='ltr' id='par_1_5' title="bbox 469 640 2051 712">
     <span class='ocr_line' id='line_1_5' title="bbox 469 640 2051 712; baseline -0.003 -14"><span class='ocrx_word' id='word_1_31' title='bbox 469 655 594 699; x_wconf 91' lang='lat' dir='ltr'><strong>sunt</strong></span> <span class='ocrx_word' id='word_1_32' title='bbox 618 645 904 698; x_wconf 83' lang='lat' dir='ltr'><strong>alimenta?</strong></span> <span class='ocrx_word' id='word_1_33' title='bbox 934 643 1001 695; x_wconf 83' lang='lat' dir='ltr'><strong>At</strong></span> <span class='ocrx_word' id='word_1_34' title='bbox 1025 641 1256 712; x_wconf 82' lang='lat' dir='ltr'><strong>Sydonia</strong></span> <span class='ocrx_word' id='word_1_35' title='bbox 1280 640 1504 695; x_wconf 86' lang='lat' dir='ltr'><strong>muliere</strong></span> <span class='ocrx_word' id='word_1_36' title='bbox 1529 641 1812 709; x_wconf 84' lang='lat' dir='ltr'><strong>pauperior</strong></span> <span class='ocrx_word' id='word_1_37' title='bbox 1833 655 1938 694; x_wconf 91' lang='lat' dir='ltr'><strong>non</strong></span> <span class='ocrx_word' id='word_1_38' title='bbox 1970 654 2051 705; x_wconf 91' lang='lat' dir='ltr'><strong>es,</strong></span> 
     </span>
    </p>
   </div>
   <div class='ocr_carea' id='block_1_6' title="bbox 471 734 2056 806">
    <p class='ocr_par' dir='ltr' id='par_1_6' title="bbox 471 734 2056 806">
     <span class='ocr_line' id='line_1_6' title="bbox 471 734 2056 806; baseline 0 -18"><span class='ocrx_word' id='word_1_39' title='bbox 471 753 590 805; x_wconf 77' lang='lat' dir='ltr'><strong>qua:</strong></span> <span class='ocrx_word' id='word_1_40' title='bbox 632 752 752 792; x_wconf 90' lang='lat' dir='ltr'><strong>cum</strong></span> <span class='ocrx_word' id='word_1_41' title='bbox 801 737 865 790; x_wconf 89' lang='lat' dir='ltr'><strong>ad</strong></span> <span class='ocrx_word' id='word_1_42' title='bbox 911 735 1080 806; x_wconf 90' lang='lat' dir='ltr'><strong>ipsum</strong></span> <span class='ocrx_word' id='word_1_43' title='bbox 1126 735 1285 790; x_wconf 74' lang='lat' dir='ltr'><strong>lamis</strong></span> <span class='ocrx_word' id='word_1_44' title='bbox 1329 735 1546 789; x_wconf 84' lang='lat' dir='ltr'><strong>fundum</strong></span> <span class='ocrx_word' id='word_1_45' title='bbox 1577 734 1900 798; x_wconf 88' lang='lat' dir='ltr'><strong>devenisset,</strong></span> <span class='ocrx_word' id='word_1_46' title='bbox 1933 749 2056 790; x_wconf 91' lang='lat' dir='ltr'><strong>cum</strong></span> 
     </span>
    </p>
   </div>
   <div class='ocr_carea' id='block_1_7' title="bbox 470 827 2054 898">
    <p class='ocr_par' dir='ltr' id='par_1_7' title="bbox 470 827 2054 898">
     <span class='ocr_line' id='line_1_7' title="bbox 470 827 2054 898; baseline -0.001 -16"><span class='ocrx_word' id='word_1_47' title='bbox 470 827 722 896; x_wconf 89' lang='lat' dir='ltr'><strong>deinceps</strong></span> <span class='ocrx_word' id='word_1_48' title='bbox 753 838 977 882; x_wconf 87' lang='lat' dir='ltr'><strong>mortem</strong></span> <span class='ocrx_word' id='word_1_49' title='bbox 1001 835 1356 896; x_wconf 73' lang='lat' dir='ltr'><strong>exspectaret,</strong></span> <span class='ocrx_word' id='word_1_50' title='bbox 1385 843 1610 898; x_wconf 82' lang='lat' dir='ltr'><strong>eamque</strong></span> <span class='ocrx_word' id='word_1_51' title='bbox 1641 827 1790 882; x_wconf 90' lang='lat' dir='ltr'><strong>turba</strong></span> <span class='ocrx_word' id='word_1_52' title='bbox 1827 827 2054 882; x_wconf 85' lang='lat' dir='ltr'><strong>circum-</strong></span> 
     </span>
    </p>
   </div>
   <div class='ocr_carea' id='block_1_8' title="bbox 469 919 2056 989">
    <p class='ocr_par' dir='ltr' id='par_1_8' title="bbox 469 919 2056 989">
     <span class='ocr_line' id='line_1_8' title="bbox 469 919 2056 989; baseline -0.001 -15"><span class='ocrx_word' id='word_1_53' title='bbox 469 920 682 974; x_wconf 71' lang='lat' dir='ltr'><strong>sisneret</strong></span> <span class='ocrx_word' id='word_1_54' title='bbox 712 920 960 984; x_wconf 83' lang='lat' dir='ltr'><strong>ﬁliorum,</strong></span> <span class='ocrx_word' id='word_1_55' title='bbox 991 935 1058 973; x_wconf 92' lang='lat' dir='ltr'><strong>ne</strong></span> <span class='ocrx_word' id='word_1_56' title='bbox 1097 921 1173 973; x_wconf 89' lang='lat' dir='ltr'><strong>sic</strong></span> <span class='ocrx_word' id='word_1_57' title='bbox 1209 919 1422 988; x_wconf 86' lang='lat' dir='ltr'><strong>quidem</strong></span> <span class='ocrx_word' id='word_1_58' title='bbox 1454 919 1790 974; x_wconf 81' lang='lat' dir='ltr'><strong>facultatibus</strong></span> <span class='ocrx_word' id='word_1_59' title='bbox 1817 919 1929 974; x_wconf 90' lang='lat' dir='ltr'><strong>suis</strong></span> <span class='ocrx_word' id='word_1_60' title='bbox 1959 934 2056 989; x_wconf 89' lang='lat' dir='ltr'><strong>pe-</strong></span> 
     </span>
    </p>
   </div>
   <div class='ocr_carea' id='block_1_9' title="bbox 471 1011 2058 1082">
    <p class='ocr_par' dir='ltr' id='par_1_9' title="bbox 471 1011 2058 1082">
     <span class='ocr_line' id='line_1_9' title="bbox 471 1011 2058 1082; baseline 0.001 -16"><span class='ocrx_word' id='word_1_61' title='bbox 471 1013 658 1081; x_wconf 90' lang='lat' dir='ltr'><strong>percit,</strong></span> <span class='ocrx_word' id='word_1_62' title='bbox 690 1011 781 1066; x_wconf 92' lang='lat' dir='ltr'><strong>sed</strong></span> <span class='ocrx_word' id='word_1_63' title='bbox 814 1027 905 1080; x_wconf 90' lang='lat' dir='ltr'><strong>per</strong></span> <span class='ocrx_word' id='word_1_64' title='bbox 939 1026 1201 1065; x_wconf 86' lang='lat' dir='ltr'><strong>summam</strong></span> <span class='ocrx_word' id='word_1_65' title='bbox 1249 1012 1390 1066; x_wconf 86' lang='lat' dir='ltr'><strong>illam</strong></span> <span class='ocrx_word' id='word_1_66' title='bbox 1435 1021 1725 1082; x_wconf 82' lang='lat' dir='ltr'><strong>egestatem</strong></span> <span class='ocrx_word' id='word_1_67' title='bbox 1770 1014 2058 1067; x_wconf 89' lang='lat' dir='ltr'><strong>immensas</strong></span> 
     </span>
    </p>
   </div>
   <div class='ocr_carea' id='block_1_10' title="bbox 468 1103 2056 1174">
    <p class='ocr_par' dir='ltr' id='par_1_10' title="bbox 468 1103 2056 1174">
     <span class='ocr_line' id='line_1_10' title="bbox 468 1103 2056 1174; baseline 0 -17"><span class='ocrx_word' id='word_1_68' title='bbox 468 1103 678 1157; x_wconf 87' lang='lat' dir='ltr'><strong>divitias</strong></span> <span class='ocrx_word' id='word_1_69' title='bbox 706 1103 1053 1172; x_wconf 88' lang='lat' dir='ltr'><strong>comparavit,</strong></span> <span class='ocrx_word' id='word_1_70' title='bbox 1085 1113 1136 1157; x_wconf 90' lang='lat' dir='ltr'><strong>et</strong></span> <span class='ocrx_word' id='word_1_71' title='bbox 1163 1119 1377 1157; x_wconf 90' lang='lat' dir='ltr'><strong>manum</strong></span> <span class='ocrx_word' id='word_1_72' title='bbox 1406 1119 1558 1158; x_wconf 89' lang='lat' dir='ltr'><strong>suam</strong></span> <span class='ocrx_word' id='word_1_73' title='bbox 1579 1119 1778 1168; x_wconf 89' lang='lat' dir='ltr'><strong>aream,</strong></span> <span class='ocrx_word' id='word_1_74' title='bbox 1815 1103 2056 1174; x_wconf 80' lang='lat' dir='ltr'><strong>hydriam</strong></span> 
     </span>
    </p>
   </div>
   <div class='ocr_carea' id='block_1_11' title="bbox 468 1193 2058 1266">
    <p class='ocr_par' dir='ltr' id='par_1_11' title="bbox 468 1193 2058 1266">
     <span class='ocr_line' id='line_1_11' title="bbox 468 1193 2058 1266; baseline 0.001 -20"><span class='ocrx_word' id='word_1_75' title='bbox 468 1208 597 1248; x_wconf 87' lang='lat' dir='ltr'><strong>vero</strong></span> <span class='ocrx_word' id='word_1_76' title='bbox 619 1194 851 1248; x_wconf 88' lang='lat' dir='ltr'><strong>torcular</strong></span> <span class='ocrx_word' id='word_1_77' title='bbox 876 1193 1124 1260; x_wconf 88' lang='lat' dir='ltr'><strong>reddidit,</strong></span> <span class='ocrx_word' id='word_1_78' title='bbox 1149 1205 1306 1263; x_wconf 90' lang='lat' dir='ltr'><strong>atque</strong></span> <span class='ocrx_word' id='word_1_79' title='bbox 1338 1204 1394 1249; x_wconf 89' lang='lat' dir='ltr'><strong>ut</strong></span> <span class='ocrx_word' id='word_1_80' title='bbox 1421 1212 1486 1250; x_wconf 87' lang='lat' dir='ltr'><strong>ex</strong></span> <span class='ocrx_word' id='word_1_81' title='bbox 1516 1197 1698 1266; x_wconf 89' lang='lat' dir='ltr'><strong>paucis</strong></span> <span class='ocrx_word' id='word_1_82' title='bbox 1740 1197 1904 1250; x_wconf 91' lang='lat' dir='ltr'><strong>multa</strong></span> <span class='ocrx_word' id='word_1_83' title='bbox 1938 1212 2058 1250; x_wconf 83' lang='lat' dir='ltr'><strong>sea-</strong></span> 
     </span>
    </p>
   </div>
   <div class='ocr_carea' id='block_1_12' title="bbox 469 1283 2060 1354">
    <p class='ocr_par' dir='ltr' id='par_1_12' title="bbox 469 1283 2060 1354">
     <span class='ocr_line' id='line_1_12' title="bbox 469 1283 2060 1354; baseline 0.002 -16"><span class='ocrx_word' id='word_1_84' title='bbox 469 1283 903 1338; x_wconf 78' lang='lat' dir='ltr'><strong>tnrirenteﬂ&#39;eeit.</strong></span> <span class='ocrx_word' id='word_1_85' title='bbox 933 1284 1038 1338; x_wconf 91' lang='lat' dir='ltr'><strong>Sed</strong></span> <span class='ocrx_word' id='word_1_86' title='bbox 1068 1285 1132 1338; x_wconf 89' lang='lat' dir='ltr'><strong>ad</strong></span> <span class='ocrx_word' id='word_1_87' title='bbox 1164 1286 1493 1354; x_wconf 90' lang='lat' dir='ltr'><strong>propositum</strong></span> <span class='ocrx_word' id='word_1_88' title='bbox 1523 1286 1824 1354; x_wconf 90' lang='lat' dir='ltr'><strong>redeamus,</strong></span> <span class='ocrx_word' id='word_1_89' title='bbox 1850 1303 1914 1341; x_wconf 91' lang='lat' dir='ltr'><strong>ne</strong></span> <span class='ocrx_word' id='word_1_90' title='bbox 1931 1302 2060 1341; x_wconf 86' lang='lat' dir='ltr'><strong>cou-</strong></span> 
     </span>
    </p>
   </div>
   <div class='ocr_carea' id='block_1_13' title="bbox 470 1370 2057 1447">
    <p class='ocr_par' dir='ltr' id='par_1_13' title="bbox 470 1370 2057 1447">
     <span class='ocr_line' id='line_1_13' title="bbox 470 1370 2057 1447; baseline 0.002 -19"><span class='ocrx_word' id='word_1_91' title='bbox 470 1375 646 1430; x_wconf 90' lang='lat' dir='ltr'><strong>tinuas</strong></span> <span class='ocrx_word' id='word_1_92' title='bbox 677 1370 1034 1444; x_wconf 84' lang='lat' dir='ltr'><strong>digressiones</strong></span> <span class='ocrx_word' id='word_1_93' title='bbox 1068 1372 1467 1430; x_wconf 89' lang='lat' dir='ltr'><strong>interseramus.</strong></span> <span class='ocrx_word' id='word_1_94' title='bbox 1495 1376 1624 1430; x_wconf 89' lang='lat' dir='ltr'><strong>Cum</strong></span> <span class='ocrx_word' id='word_1_95' title='bbox 1649 1373 1827 1447; x_wconf 87' lang='lat' dir='ltr'><strong>itaque</strong></span> <span class='ocrx_word' id='word_1_96' title='bbox 1864 1389 2057 1432; x_wconf 84' lang='lat' dir='ltr'><strong>ventu-</strong></span> 
     </span>
    </p>
   </div>
   <div class='ocr_carea' id='block_1_14' title="bbox 468 1467 2060 1539">
    <p class='ocr_par' dir='ltr' id='par_1_14' title="bbox 468 1467 2060 1539">
     <span class='ocr_line' id='line_1_14' title="bbox 468 1467 2060 1539; baseline 0.003 -19"><span class='ocrx_word' id='word_1_97' title='bbox 468 1479 561 1520; x_wconf 90' lang='lat' dir='ltr'><strong>rus</strong></span> <span class='ocrx_word' id='word_1_98' title='bbox 599 1481 825 1535; x_wconf 89' lang='lat' dir='ltr'><strong>sponsus</strong></span> <span class='ocrx_word' id='word_1_99' title='bbox 852 1476 1014 1532; x_wconf 88' lang='lat' dir='ltr'><strong>esset,</strong></span> <span class='ocrx_word' id='word_1_100' title='bbox 1044 1468 1119 1521; x_wconf 90' lang='lat' dir='ltr'><strong>sic</strong></span> <span class='ocrx_word' id='word_1_101' title='bbox 1149 1467 1286 1521; x_wconf 90' lang='lat' dir='ltr'><strong>inter</strong></span> <span class='ocrx_word' id='word_1_102' title='bbox 1315 1482 1373 1522; x_wconf 92' lang='lat' dir='ltr'><strong>se</strong></span> <span class='ocrx_word' id='word_1_103' title='bbox 1417 1469 1648 1538; x_wconf 77' lang='lat' dir='ltr'><strong>virgines</strong></span> <span class='ocrx_word' id='word_1_104' title='bbox 1677 1470 2060 1539; x_wconf 88' lang='lat' dir='ltr'><strong>colloqueban-</strong></span> 
     </span>
    </p>
   </div>
   <div class='ocr_carea' id='block_1_15' title="bbox 472 1557 2062 1630">
    <p class='ocr_par' dir='ltr' id='par_1_15' title="bbox 472 1557 2062 1630">
     <span class='ocr_line' id='line_1_15' title="bbox 472 1557 2062 1630; baseline 0.003 -20"><span class='ocrx_word' id='word_1_105' title='bbox 472 1565 591 1610; x_wconf 90' lang='lat' dir='ltr'><strong>tur:</strong></span> <span class='ocrx_word' id='word_1_106' title='bbox 621 1566 674 1611; x_wconf 91' lang='lat' dir='ltr'><strong>at</strong></span> <span class='ocrx_word' id='word_1_107' title='bbox 701 1557 803 1610; x_wconf 74' lang='lat' dir='ltr'><strong>illa:</strong></span> <span class='ocrx_word' id='word_1_108' title='bbox 825 1557 892 1611; x_wconf 89' lang='lat' dir='ltr'><strong>ad</strong></span> <span class='ocrx_word' id='word_1_109' title='bbox 923 1557 1216 1612; x_wconf 84' lang='lat' dir='ltr'><strong>vendentes</strong></span> <span class='ocrx_word' id='word_1_110' title='bbox 1245 1573 1335 1612; x_wconf 91' lang='lat' dir='ltr'><strong>eas</strong></span> <span class='ocrx_word' id='word_1_111' title='bbox 1358 1559 1657 1624; x_wconf 82' lang='lat' dir='ltr'><strong>mittebant,</strong></span> <span class='ocrx_word' id='word_1_112' title='bbox 1686 1561 1778 1614; x_wconf 90' lang='lat' dir='ltr'><strong>sed</strong></span> <span class='ocrx_word' id='word_1_113' title='bbox 1793 1576 1902 1630; x_wconf 81' lang='lat' dir='ltr'><strong>jam</strong></span> <span class='ocrx_word' id='word_1_114' title='bbox 1923 1569 2062 1615; x_wconf 92' lang='lat' dir='ltr'><strong>tem-</strong></span> 
     </span>
    </p>
   </div>
   <div class='ocr_carea' id='block_1_16' title="bbox 470 1650 2060 1722">
    <p class='ocr_par' dir='ltr' id='par_1_16' title="bbox 470 1650 2060 1722">
     <span class='ocr_line' id='line_1_16' title="bbox 470 1650 2060 1722; baseline 0.003 -20"><span class='ocrx_word' id='word_1_115' title='bbox 470 1663 571 1718; x_wconf 91' lang='lat' dir='ltr'><strong>pus</strong></span> <span class='ocrx_word' id='word_1_116' title='bbox 615 1665 720 1703; x_wconf 93' lang='lat' dir='ltr'><strong>non</strong></span> <span class='ocrx_word' id='word_1_117' title='bbox 754 1659 868 1704; x_wconf 90' lang='lat' dir='ltr'><strong>erat</strong></span> <span class='ocrx_word' id='word_1_118' title='bbox 895 1650 1123 1716; x_wconf 88' lang='lat' dir='ltr'><strong>amplius</strong></span> <span class='ocrx_word' id='word_1_119' title='bbox 1151 1650 1328 1704; x_wconf 89' lang='lat' dir='ltr'><strong>oleum</strong></span> <span class='ocrx_word' id='word_1_120' title='bbox 1363 1651 1606 1706; x_wconf 90' lang='lat' dir='ltr'><strong>emendi:</strong></span> <span class='ocrx_word' id='word_1_121' title='bbox 1633 1661 1778 1706; x_wconf 89' lang='lat' dir='ltr'><strong>recte</strong></span> <span class='ocrx_word' id='word_1_122' title='bbox 1807 1653 2018 1722; x_wconf 92' lang='lat' dir='ltr'><strong>quidem</strong></span> <span class='ocrx_word' id='word_1_123' title='bbox 2044 1671 2060 1720; x_wconf 90' lang='lat'><strong>;</strong></span> 
     </span>
    </p>
   </div>
   <div class='ocr_carea' id='block_1_17' title="bbox 473 1745 2065 1818">
    <p class='ocr_par' dir='ltr' id='par_1_17' title="bbox 473 1745 2065 1818">
     <span class='ocr_line' id='line_1_17' title="bbox 473 1745 2065 1818; baseline 0.003 -19"><span class='ocrx_word' id='word_1_124' title='bbox 473 1761 596 1799; x_wconf 90' lang='lat' dir='ltr'><strong>nam</strong></span> <span class='ocrx_word' id='word_1_125' title='bbox 624 1746 713 1816; x_wconf 89' lang='lat' dir='ltr'><strong>qui</strong></span> <span class='ocrx_word' id='word_1_126' title='bbox 742 1745 976 1800; x_wconf 88' lang='lat' dir='ltr'><strong>vendunt</strong></span> <span class='ocrx_word' id='word_1_127' title='bbox 1002 1747 1054 1799; x_wconf 90' lang='lat' dir='ltr'><strong>in</strong></span> <span class='ocrx_word' id='word_1_128' title='bbox 1086 1748 1336 1816; x_wconf 65' lang='lat' dir='ltr'><strong>praesenti</strong></span> <span class='ocrx_word' id='word_1_129' title='bbox 1375 1747 1481 1802; x_wconf 88' lang='lat' dir='ltr'><strong>vita</strong></span> <span class='ocrx_word' id='word_1_130' title='bbox 1521 1755 1646 1802; x_wconf 90' lang='lat' dir='ltr'><strong>sunt</strong></span> <span class='ocrx_word' id='word_1_131' title='bbox 1674 1756 1911 1812; x_wconf 91' lang='lat' dir='ltr'><strong>tantum;</strong></span> <span class='ocrx_word' id='word_1_132' title='bbox 1944 1758 2065 1818; x_wconf 87' lang='lat' dir='ltr'><strong>post</strong></span> 
     </span>
    </p>
   </div>
   <div class='ocr_carea' id='block_1_18' title="bbox 470 1835 2062 1904">
    <p class='ocr_par' dir='ltr' id='par_1_18' title="bbox 470 1835 2062 1904">
     <span class='ocr_line' id='line_1_18' title="bbox 470 1835 2062 1904; baseline 0.003 -14"><span class='ocrx_word' id='word_1_133' title='bbox 470 1835 765 1891; x_wconf 90' lang='lat' dir='ltr'><strong>discessum</strong></span> <span class='ocrx_word' id='word_1_134' title='bbox 805 1846 981 1892; x_wconf 93' lang='lat' dir='ltr'><strong>autem</strong></span> <span class='ocrx_word' id='word_1_135' title='bbox 1030 1853 1096 1892; x_wconf 86' lang='lat' dir='ltr'><strong>ex</strong></span> <span class='ocrx_word' id='word_1_136' title='bbox 1145 1838 1254 1904; x_wconf 90' lang='lat' dir='ltr'><strong>illa,</strong></span> <span class='ocrx_word' id='word_1_137' title='bbox 1305 1853 1430 1893; x_wconf 91' lang='lat' dir='ltr'><strong>cum</strong></span> <span class='ocrx_word' id='word_1_138' title='bbox 1489 1840 1764 1894; x_wconf 91' lang='lat' dir='ltr'><strong>dimissum</strong></span> <span class='ocrx_word' id='word_1_139' title='bbox 1798 1839 2062 1895; x_wconf 85' lang='lat' dir='ltr'><strong>theatrum</strong></span> 
     </span>
    </p>
   </div>
   <div class='ocr_carea' id='block_1_19' title="bbox 472 1925 2064 1997">
    <p class='ocr_par' dir='ltr' id='par_1_19' title="bbox 472 1925 2064 1997">
     <span class='ocr_line' id='line_1_19' title="bbox 472 1925 2064 1997; baseline 0.004 -18"><span class='ocrx_word' id='word_1_140' title='bbox 472 1925 649 1991; x_wconf 91' lang='lat' dir='ltr'><strong>fuerit,</strong></span> <span class='ocrx_word' id='word_1_141' title='bbox 680 1942 785 1982; x_wconf 92' lang='lat' dir='ltr'><strong>non</strong></span> <span class='ocrx_word' id='word_1_142' title='bbox 813 1928 936 1982; x_wconf 90' lang='lat' dir='ltr'><strong>licet</strong></span> <span class='ocrx_word' id='word_1_143' title='bbox 963 1928 1191 1997; x_wconf 90' lang='lat' dir='ltr'><strong>amplius</strong></span> <span class='ocrx_word' id='word_1_144' title='bbox 1239 1929 1684 1984; x_wconf 89' lang='lat' dir='ltr'><strong>medicamentum</strong></span> <span class='ocrx_word' id='word_1_145' title='bbox 1733 1931 1866 1986; x_wconf 91' lang='lat' dir='ltr'><strong>actis</strong></span> <span class='ocrx_word' id='word_1_146' title='bbox 1903 1932 2064 1986; x_wconf 89' lang='lat' dir='ltr'><strong>rebus</strong></span> 
     </span>
    </p>
   </div>
   <div class='ocr_carea' id='block_1_20' title="bbox 473 2018 2067 2091">
    <p class='ocr_par' dir='ltr' id='par_1_20' title="bbox 473 2018 2067 2091">
     <span class='ocr_line' id='line_1_20' title="bbox 473 2018 2067 2091; baseline 0.004 -21"><span class='ocrx_word' id='word_1_147' title='bbox 473 2018 729 2087; x_wconf 88' lang='lat' dir='ltr'><strong>reperire,</strong></span> <span class='ocrx_word' id='word_1_148' title='bbox 753 2034 927 2089; x_wconf 91' lang='lat' dir='ltr'><strong>neque</strong></span> <span class='ocrx_word' id='word_1_149' title='bbox 954 2020 1161 2074; x_wconf 86' lang='lat' dir='ltr'><strong>veniam</strong></span> <span class='ocrx_word' id='word_1_150' title='bbox 1188 2029 1346 2089; x_wconf 91' lang='lat' dir='ltr'><strong>atque</strong></span> <span class='ocrx_word' id='word_1_151' title='bbox 1372 2023 1795 2087; x_wconf 77' lang='lat' dir='ltr'><strong>excusationem,</strong></span> <span class='ocrx_word' id='word_1_152' title='bbox 1819 2021 1914 2077; x_wconf 93' lang='lat' dir='ltr'><strong>sed</strong></span> <span class='ocrx_word' id='word_1_153' title='bbox 1940 2038 2067 2091; x_wconf 90' lang='lat' dir='ltr'><strong>sup-</strong></span> 
     </span>
    </p>
   </div>
   <div class='ocr_carea' id='block_1_21' title="bbox 476 2107 2066 2180">
    <p class='ocr_par' dir='ltr' id='par_1_21' title="bbox 476 2107 2066 2180">
     <span class='ocr_line' id='line_1_21' title="bbox 476 2107 2066 2180; baseline 0.004 -22"><span class='ocrx_word' id='word_1_154' title='bbox 476 2107 634 2175; x_wconf 91' lang='lat' dir='ltr'><strong>plicio</strong></span> <span class='ocrx_word' id='word_1_155' title='bbox 655 2107 793 2162; x_wconf 83' lang='lat' dir='ltr'><strong>affici</strong></span> <span class='ocrx_word' id='word_1_156' title='bbox 820 2107 1071 2178; x_wconf 87' lang='lat' dir='ltr'><strong>deinceps</strong></span> <span class='ocrx_word' id='word_1_157' title='bbox 1092 2124 1313 2164; x_wconf 89' lang='lat' dir='ltr'><strong>necesse</strong></span> <span class='ocrx_word' id='word_1_158' title='bbox 1340 2119 1442 2176; x_wconf 90' lang='lat' dir='ltr'><strong>est,</strong></span> <span class='ocrx_word' id='word_1_159' title='bbox 1466 2110 1604 2179; x_wconf 91' lang='lat' dir='ltr'><strong>quod</strong></span> <span class='ocrx_word' id='word_1_160' title='bbox 1633 2119 1688 2164; x_wconf 92' lang='lat' dir='ltr'><strong>et</strong></span> <span class='ocrx_word' id='word_1_161' title='bbox 1709 2119 1833 2164; x_wconf 92' lang='lat' dir='ltr'><strong>tunc</strong></span> <span class='ocrx_word' id='word_1_162' title='bbox 1865 2120 2066 2180; x_wconf 91' lang='lat' dir='ltr'><strong>tempo-</strong></span> 
     </span>
    </p>
   </div>
   <div class='ocr_carea' id='block_1_22' title="bbox 475 2199 2065 2272">
    <p class='ocr_par' dir='ltr' id='par_1_22' title="bbox 475 2199 2065 2272">
     <span class='ocr_line' id='line_1_22' title="bbox 475 2199 2065 2272; baseline 0.003 -20"><span class='ocrx_word' id='word_1_163' title='bbox 475 2199 549 2252; x_wconf 89' lang='lat' dir='ltr'><strong>ris</strong></span> <span class='ocrx_word' id='word_1_164' title='bbox 577 2199 786 2253; x_wconf 91' lang='lat' dir='ltr'><strong>accidit.</strong></span> <span class='ocrx_word' id='word_1_165' title='bbox 821 2199 1105 2268; x_wconf 86' lang='lat' dir='ltr'><strong>Postquam</strong></span> <span class='ocrx_word' id='word_1_166' title='bbox 1155 2201 1297 2255; x_wconf 91' lang='lat' dir='ltr'><strong>enim</strong></span> <span class='ocrx_word' id='word_1_167' title='bbox 1329 2215 1557 2270; x_wconf 88' lang='lat' dir='ltr'><strong>sponsus</strong></span> <span class='ocrx_word' id='word_1_168' title='bbox 1579 2201 1816 2266; x_wconf 87' lang='lat' dir='ltr'><strong>advenit,</strong></span> <span class='ocrx_word' id='word_1_169' title='bbox 1854 2203 1937 2255; x_wconf 76' lang='lat' dir='ltr'><strong>ha:</strong></span> <span class='ocrx_word' id='word_1_170' title='bbox 1955 2203 2065 2272; x_wconf 87' lang='lat' dir='ltr'><strong>qni-</strong></span> 
     </span>
    </p>
   </div>
   <div class='ocr_carea' id='block_1_23' title="bbox 476 2287 2066 2363">
    <p class='ocr_par' dir='ltr' id='par_1_23' title="bbox 476 2287 2066 2363">
     <span class='ocr_line' id='line_1_23' title="bbox 476 2287 2066 2363; baseline 0.004 -22"><span class='ocrx_word' id='word_1_171' title='bbox 476 2287 597 2342; x_wconf 90' lang='lat' dir='ltr'><strong>dem</strong></span> <span class='ocrx_word' id='word_1_172' title='bbox 626 2287 878 2358; x_wconf 62' lang='lat' dir='ltr'><strong>ingressa:</strong></span> <span class='ocrx_word' id='word_1_173' title='bbox 902 2297 1044 2352; x_wconf 93' lang='lat' dir='ltr'><strong>sunt,</strong></span> <span class='ocrx_word' id='word_1_174' title='bbox 1065 2305 1183 2358; x_wconf 86' lang='lat' dir='ltr'><strong>quae</strong></span> <span class='ocrx_word' id='word_1_175' title='bbox 1200 2290 1471 2359; x_wconf 85' lang='lat' dir='ltr'><strong>lampades</strong></span> <span class='ocrx_word' id='word_1_176' title='bbox 1495 2305 1747 2345; x_wconf 89' lang='lat' dir='ltr'><strong>accensas</strong></span> <span class='ocrx_word' id='word_1_177' title='bbox 1765 2291 2066 2363; x_wconf 79' lang='lat' dir='ltr'><strong>habebant;</strong></span> 
     </span>
    </p>
   </div>
   <div class='ocr_carea' id='block_1_24' title="bbox 475 2377 2064 2451">
    <p class='ocr_par' dir='ltr' id='par_1_24' title="bbox 475 2377 2064 2451">
     <span class='ocr_line' id='line_1_24' title="bbox 475 2377 2064 2451; baseline 0.005 -21"><span class='ocrx_word' id='word_1_178' title='bbox 475 2386 530 2431; x_wconf 90' lang='lat' dir='ltr'><strong>at</strong></span> <span class='ocrx_word' id='word_1_179' title='bbox 557 2377 659 2431; x_wconf 66' lang='lat' dir='ltr'><strong>illae</strong></span> <span class='ocrx_word' id='word_1_180' title='bbox 684 2393 805 2432; x_wconf 93' lang='lat' dir='ltr'><strong>cum</strong></span> <span class='ocrx_word' id='word_1_181' title='bbox 856 2379 1078 2444; x_wconf 87' lang='lat' dir='ltr'><strong>tardius,</strong></span> <span class='ocrx_word' id='word_1_182' title='bbox 1109 2397 1267 2450; x_wconf 90' lang='lat' dir='ltr'><strong>quam</strong></span> <span class='ocrx_word' id='word_1_183' title='bbox 1299 2389 1357 2434; x_wconf 90' lang='lat' dir='ltr'><strong>ut</strong></span> <span class='ocrx_word' id='word_1_184' title='bbox 1383 2381 1588 2451; x_wconf 87' lang='lat' dir='ltr'><strong>ingredi</strong></span> <span class='ocrx_word' id='word_1_185' title='bbox 1618 2391 1850 2451; x_wconf 88' lang='lat' dir='ltr'><strong>possent,</strong></span> <span class='ocrx_word' id='word_1_186' title='bbox 1899 2383 2064 2439; x_wconf 85' lang='lat' dir='ltr'><strong>adve-</strong></span> 
     </span>
    </p>
   </div>
   <div class='ocr_carea' id='block_1_25' title="bbox 478 2469 2064 2543">
    <p class='ocr_par' dir='ltr' id='par_1_25' title="bbox 478 2469 2064 2543">
     <span class='ocr_line' id='line_1_25' title="bbox 478 2469 2064 2543; baseline 0.006 -21"><span class='ocrx_word' id='word_1_187' title='bbox 478 2469 700 2535; x_wconf 90' lang='lat' dir='ltr'><strong>nissent,</strong></span> <span class='ocrx_word' id='word_1_188' title='bbox 731 2471 948 2526; x_wconf 87' lang='lat' dir='ltr'><strong>thalami</strong></span> <span class='ocrx_word' id='word_1_189' title='bbox 977 2471 1119 2527; x_wconf 91' lang='lat' dir='ltr'><strong>fores</strong></span> <span class='ocrx_word' id='word_1_190' title='bbox 1161 2474 1456 2543; x_wconf 90' lang='lat' dir='ltr'><strong>pulsarunt,</strong></span> <span class='ocrx_word' id='word_1_191' title='bbox 1503 2483 1558 2530; x_wconf 88' lang='lat' dir='ltr'><strong>et</strong></span> <span class='ocrx_word' id='word_1_192' title='bbox 1603 2477 1893 2530; x_wconf 86' lang='lat' dir='ltr'><strong>terribilem</strong></span> <span class='ocrx_word' id='word_1_193' title='bbox 1919 2477 2064 2531; x_wconf 90' lang='lat' dir='ltr'><strong>illam</strong></span> 
     </span>
    </p>
   </div>
   <div class='ocr_carea' id='block_1_26' title="bbox 478 2563 2062 2641">
    <p class='ocr_par' dir='ltr' id='par_1_26' title="bbox 478 2563 2062 2641">
     <span class='ocr_line' id='line_1_26' title="bbox 478 2563 2062 2641; baseline 0.004 -26"><span class='ocrx_word' id='word_1_194' title='bbox 478 2577 661 2616; x_wconf 82' lang='lat' dir='ltr'><strong>vocem</strong></span> <span class='ocrx_word' id='word_1_195' title='bbox 680 2563 978 2627; x_wconf 85' lang='lat' dir='ltr'><strong>audierunt,</strong></span> <span class='ocrx_word' id='word_1_196' title='bbox 1001 2564 1274 2631; x_wconf 79' lang='lat' dir='ltr'><strong>Discedite,</strong></span> <span class='ocrx_word' id='word_1_197' title='bbox 1305 2567 1471 2619; x_wconf 87' lang='lat' dir='ltr'><strong>nescio</strong></span> <span class='ocrx_word' id='word_1_198' title='bbox 1497 2583 1583 2620; x_wconf 84' lang='lat' dir='ltr'><strong>vos</strong></span> <span class='ocrx_word' id='word_1_199' title='bbox 1603 2566 1814 2638; x_wconf 83' lang='lat' dir='ltr'><strong>(Matth.</strong></span> <span class='ocrx_word' id='word_1_200' title='bbox 1836 2568 1928 2623; x_wconf 79' lang='lat'><strong>25.</strong></span> <span class='ocrx_word' id='word_1_201' title='bbox 1950 2568 2062 2641; x_wconf 75' lang='lat' dir='ltr'><strong>i2).</strong></span> 
     </span>
    </p>
   </div>
   <div class='ocr_carea' id='block_1_27' title="bbox 480 2654 2065 2730">
    <p class='ocr_par' dir='ltr' id='par_1_27' title="bbox 480 2654 2065 2730">
     <span class='ocr_line' id='line_1_27' title="bbox 480 2654 2065 2730; baseline 0.004 -21"><span class='ocrx_word' id='word_1_202' title='bbox 480 2654 641 2710; x_wconf 83' lang='lat' dir='ltr'><strong>Vides</strong></span> <span class='ocrx_word' id='word_1_203' title='bbox 664 2656 809 2710; x_wconf 92' lang='lat' dir='ltr'><strong>illum</strong></span> <span class='ocrx_word' id='word_1_204' title='bbox 837 2672 1020 2711; x_wconf 86' lang='lat' dir='ltr'><strong>rursus</strong></span> <span class='ocrx_word' id='word_1_205' title='bbox 1049 2673 1168 2712; x_wconf 92' lang='lat' dir='ltr'><strong>cum</strong></span> <span class='ocrx_word' id='word_1_206' title='bbox 1197 2657 1400 2713; x_wconf 90' lang='lat' dir='ltr'><strong>honore</strong></span> <span class='ocrx_word' id='word_1_207' title='bbox 1441 2657 1678 2724; x_wconf 84' lang='lat' dir='ltr'><strong>afﬁcere,</strong></span> <span class='ocrx_word' id='word_1_208' title='bbox 1710 2669 1820 2714; x_wconf 90' lang='lat' dir='ltr'><strong>tum</strong></span> <span class='ocrx_word' id='word_1_209' title='bbox 1852 2676 2065 2730; x_wconf 65' lang='lat' dir='ltr'><strong>poenam</strong></span> 
     </span>
    </p>
   </div>
   <div class='ocr_carea' id='block_1_28' title="bbox 481 2749 2064 2821">
    <p class='ocr_par' dir='ltr' id='par_1_28' title="bbox 481 2749 2064 2821">
     <span class='ocr_line' id='line_1_28' title="bbox 481 2749 2064 2821; baseline 0.006 -21"><span class='ocrx_word' id='word_1_210' title='bbox 481 2749 707 2814; x_wconf 83' lang='lat' dir='ltr'><strong>inferre;</strong></span> <span class='ocrx_word' id='word_1_211' title='bbox 739 2764 860 2802; x_wconf 92' lang='lat' dir='ltr'><strong>cum</strong></span> <span class='ocrx_word' id='word_1_212' title='bbox 887 2765 1166 2814; x_wconf 90' lang='lat' dir='ltr'><strong>coronare,</strong></span> <span class='ocrx_word' id='word_1_213' title='bbox 1211 2760 1317 2805; x_wconf 92' lang='lat' dir='ltr'><strong>tum</strong></span> <span class='ocrx_word' id='word_1_214' title='bbox 1345 2753 1564 2821; x_wconf 90' lang='lat' dir='ltr'><strong>punire;</strong></span> <span class='ocrx_word' id='word_1_215' title='bbox 1613 2768 1732 2808; x_wconf 92' lang='lat' dir='ltr'><strong>cum</strong></span> <span class='ocrx_word' id='word_1_216' title='bbox 1763 2754 2064 2820; x_wconf 84' lang='lat' dir='ltr'><strong>admittere,</strong></span> 
     </span>
    </p>
   </div>
   <div class='ocr_carea' id='block_1_29' title="bbox 481 2838 2065 2916">
    <p class='ocr_par' dir='ltr' id='par_1_29' title="bbox 481 2838 2065 2916">
     <span class='ocr_line' id='line_1_29' title="bbox 481 2838 2065 2916; baseline 0.006 -26"><span class='ocrx_word' id='word_1_217' title='bbox 481 2845 593 2891; x_wconf 90' lang='lat' dir='ltr'><strong>tum</strong></span> <span class='ocrx_word' id='word_1_218' title='bbox 620 2838 886 2908; x_wconf 80' lang='lat' dir='ltr'><strong>ablegare,</strong></span> <span class='ocrx_word' id='word_1_219' title='bbox 912 2849 1073 2910; x_wconf 88' lang='lat' dir='ltr'><strong>atque</strong></span> <span class='ocrx_word' id='word_1_220' title='bbox 1097 2843 1372 2912; x_wconf 90' lang='lat' dir='ltr'><strong>utriusque</strong></span> <span class='ocrx_word' id='word_1_221' title='bbox 1388 2845 1552 2912; x_wconf 88' lang='lat' dir='ltr'><strong>partis</strong></span> <span class='ocrx_word' id='word_1_222' title='bbox 1563 2842 1746 2912; x_wconf 90' lang='lat' dir='ltr'><strong>judicii</strong></span> <span class='ocrx_word' id='word_1_223' title='bbox 1765 2857 2065 2916; x_wconf 90' lang='lat' dir='ltr'><strong>compotem</strong></span> 
     </span>
    </p>
   </div>
   <div class='ocr_carea' id='block_1_30' title="bbox 481 2930 2070 3006">
    <p class='ocr_par' dir='ltr' id='par_1_30' title="bbox 481 2930 2070 3006">
     <span class='ocr_line' id='line_1_30' title="bbox 481 2930 2070 3006; baseline 0.008 -24"><span class='ocrx_word' id='word_1_224' title='bbox 481 2930 637 2983; x_wconf 85' lang='lat' dir='ltr'><strong>esse?</strong></span> <span class='ocrx_word' id='word_1_225' title='bbox 668 2930 779 2985; x_wconf 93' lang='lat' dir='ltr'><strong>lloe</strong></span> <span class='ocrx_word' id='word_1_226' title='bbox 806 2941 861 2985; x_wconf 89' lang='lat' dir='ltr'><strong>et</strong></span> <span class='ocrx_word' id='word_1_227' title='bbox 889 2931 942 2985; x_wconf 93' lang='lat' dir='ltr'><strong>in</strong></span> <span class='ocrx_word' id='word_1_228' title='bbox 973 2933 1148 2998; x_wconf 84' lang='lat' dir='ltr'><strong>vinea,</strong></span> <span class='ocrx_word' id='word_1_229' title='bbox 1181 2933 1283 2989; x_wconf 92' lang='lat' dir='ltr'><strong>hoc</strong></span> <span class='ocrx_word' id='word_1_230' title='bbox 1314 2943 1368 2988; x_wconf 91' lang='lat' dir='ltr'><strong>et</strong></span> <span class='ocrx_word' id='word_1_231' title='bbox 1404 2935 1456 2988; x_wconf 95' lang='lat' dir='ltr'><strong>in</strong></span> <span class='ocrx_word' id='word_1_232' title='bbox 1493 2935 1726 3006; x_wconf 90' lang='lat' dir='ltr'><strong>quinque</strong></span> <span class='ocrx_word' id='word_1_233' title='bbox 1757 2953 1822 2992; x_wconf 92' lang='lat' dir='ltr'><strong>ac</strong></span> <span class='ocrx_word' id='word_1_234' title='bbox 1863 2938 2070 2994; x_wconf 91' lang='lat' dir='ltr'><strong>duobus</strong></span> 
     </span>
    </p>
   </div>
   <div class='ocr_carea' id='block_1_31' title="bbox 483 3021 2068 3098">
    <p class='ocr_par' dir='ltr' id='par_1_31' title="bbox 483 3021 2068 3098">
     <span class='ocr_line' id='line_1_31' title="bbox 483 3021 2068 3098; baseline 0.008 -26"><span class='ocrx_word' id='word_1_235' title='bbox 483 3021 713 3086; x_wconf 88' lang='lat' dir='ltr'><strong>talentis,</strong></span> <span class='ocrx_word' id='word_1_236' title='bbox 739 3031 792 3076; x_wconf 93' lang='lat' dir='ltr'><strong>et</strong></span> <span class='ocrx_word' id='word_1_237' title='bbox 824 3038 932 3077; x_wconf 91' lang='lat' dir='ltr'><strong>uno</strong></span> <span class='ocrx_word' id='word_1_238' title='bbox 957 3025 1101 3078; x_wconf 88' lang='lat' dir='ltr'><strong>cerni</strong></span> <span class='ocrx_word' id='word_1_239' title='bbox 1132 3033 1340 3094; x_wconf 89' lang='lat' dir='ltr'><strong>potest:</strong></span> <span class='ocrx_word' id='word_1_240' title='bbox 1364 3041 1487 3080; x_wconf 89' lang='lat' dir='ltr'><strong>nam</strong></span> <span class='ocrx_word' id='word_1_241' title='bbox 1516 3027 1635 3082; x_wconf 90' lang='lat' dir='ltr'><strong>illos</strong></span> <span class='ocrx_word' id='word_1_242' title='bbox 1665 3029 1877 3098; x_wconf 88' lang='lat' dir='ltr'><strong>quidem</strong></span> <span class='ocrx_word' id='word_1_243' title='bbox 1907 3043 2068 3085; x_wconf 88' lang='lat' dir='ltr'><strong>exce-</strong></span> 
     </span>
    </p>
   </div>
   <div class='ocr_carea' id='block_1_32' title="bbox 487 3111 2069 3190">
    <p class='ocr_par' dir='ltr' id='par_1_32' title="bbox 487 3111 2069 3190">
     <span class='ocr_line' id='line_1_32' title="bbox 487 3111 2069 3190; baseline 0.008 -27"><span class='ocrx_word' id='word_1_244' title='bbox 487 3111 580 3179; x_wconf 86' lang='lat' dir='ltr'><strong>pit,</strong></span> <span class='ocrx_word' id='word_1_245' title='bbox 604 3121 655 3166; x_wconf 91' lang='lat' dir='ltr'><strong>et</strong></span> <span class='ocrx_word' id='word_1_246' title='bbox 677 3113 742 3167; x_wconf 90' lang='lat' dir='ltr'><strong>ad</strong></span> <span class='ocrx_word' id='word_1_247' title='bbox 772 3114 972 3184; x_wconf 89' lang='lat' dir='ltr'><strong>majora</strong></span> <span class='ocrx_word' id='word_1_248' title='bbox 1000 3115 1311 3182; x_wconf 77' lang='lat' dir='ltr'><strong>introduxit,</strong></span> <span class='ocrx_word' id='word_1_249' title='bbox 1335 3116 1475 3173; x_wconf 91' lang='lat' dir='ltr'><strong>hunc</strong></span> <span class='ocrx_word' id='word_1_250' title='bbox 1495 3128 1672 3174; x_wconf 86' lang='lat' dir='ltr'><strong>autem</strong></span> <span class='ocrx_word' id='word_1_251' title='bbox 1698 3120 1931 3175; x_wconf 90' lang='lat' dir='ltr'><strong>vinctum</strong></span> <span class='ocrx_word' id='word_1_252' title='bbox 1954 3136 2069 3190; x_wconf 86' lang='lat' dir='ltr'><strong>pro-</strong></span> 
     </span>
    </p>
   </div>
   <div class='ocr_carea' id='block_1_33' title="bbox 479 3203 1569 3278">
    <p class='ocr_par' dir='ltr' id='par_1_33' title="bbox 479 3203 1569 3278">
     <span class='ocr_line' id='line_1_33' title="bbox 479 3203 1569 3278; baseline 0.005 -20"><span class='ocrx_word' id='word_1_253' title='bbox 479 3203 569 3274; x_wconf 90' lang='lat' dir='ltr'><strong>jici</strong></span> <span class='ocrx_word' id='word_1_254' title='bbox 600 3206 650 3259; x_wconf 92' lang='lat' dir='ltr'><strong>in</strong></span> <span class='ocrx_word' id='word_1_255' title='bbox 682 3207 973 3262; x_wconf 77' lang='lat' dir='ltr'><strong>exteriores</strong></span> <span class='ocrx_word' id='word_1_256' title='bbox 999 3208 1245 3263; x_wconf 91' lang='lat' dir='ltr'><strong>tenebras</strong></span> <span class='ocrx_word' id='word_1_257' title='bbox 1270 3209 1569 3278; x_wconf 88' lang='lat' dir='ltr'><strong>imperavit.</strong></span> 
     </span>
    </p>
   </div>
   <div class='ocr_carea' id='block_1_34' title="bbox 553 3296 2070 3374">
    <p class='ocr_par' dir='ltr' id='par_1_34' title="bbox 553 3296 2070 3374">
     <span class='ocr_line' id='line_1_34' title="bbox 553 3296 2070 3374; baseline 0.005 -23"><span class='ocrx_word' id='word_1_258' title='bbox 553 3297 604 3351; x_wconf 76' lang='grc'><strong>5.</strong></span> <span class='ocrx_word' id='word_1_259' title='bbox 625 3296 730 3352; x_wconf 90' lang='lat' dir='ltr'><strong>Sed</strong></span> <span class='ocrx_word' id='word_1_260' title='bbox 757 3299 876 3368; x_wconf 89' lang='lat' dir='ltr'><strong>quis</strong></span> <span class='ocrx_word' id='word_1_261' title='bbox 904 3315 1089 3354; x_wconf 91' lang='lat' dir='ltr'><strong>eorum</strong></span> <span class='ocrx_word' id='word_1_262' title='bbox 1114 3301 1344 3354; x_wconf 72' lang='lat' dir='ltr'><strong>multus‘</strong></span> <span class='ocrx_word' id='word_1_263' title='bbox 1363 3309 1445 3355; x_wconf 88' lang='lat' dir='ltr'><strong>est</strong></span> <span class='ocrx_word' id='word_1_264' title='bbox 1469 3317 1666 3365; x_wconf 91' lang='lat' dir='ltr'><strong>sermo,</strong></span> <span class='ocrx_word' id='word_1_265' title='bbox 1692 3303 1772 3358; x_wconf 91' lang='lat' dir='ltr'><strong>vel</strong></span> <span class='ocrx_word' id='word_1_266' title='bbox 1792 3305 1967 3374; x_wconf 87' lang='lat' dir='ltr'><strong>potius</strong></span> <span class='ocrx_word' id='word_1_267' title='bbox 1981 3305 2070 3374; x_wconf 91' lang='lat' dir='ltr'><strong>qui</strong></span> 
     </span>
    </p>
   </div>
   <div class='ocr_carea' id='block_1_35' title="bbox 483 3388 2069 3466">
    <p class='ocr_par' dir='ltr' id='par_1_35' title="bbox 483 3388 2069 3466">
     <span class='ocr_line' id='line_1_35' title="bbox 483 3388 2069 3466; baseline 0.005 -25"><span class='ocrx_word' id='word_1_268' title='bbox 483 3388 701 3442; x_wconf 89' lang='lat' dir='ltr'><strong>multam</strong></span> <span class='ocrx_word' id='word_1_269' title='bbox 730 3389 1052 3444; x_wconf 88' lang='lat' dir='ltr'><strong>dementiam</strong></span> <span class='ocrx_word' id='word_1_270' title='bbox 1100 3391 1336 3446; x_wconf 82' lang='lat' dir='ltr'><strong>redolet?</strong></span> <span class='ocrx_word' id='word_1_271' title='bbox 1363 3391 1536 3448; x_wconf 83' lang='lat' dir='ltr'><strong>Habet</strong></span> <span class='ocrx_word' id='word_1_272' title='bbox 1564 3393 1650 3448; x_wconf 91' lang='lat' dir='ltr'><strong>ille</strong></span> <span class='ocrx_word' id='word_1_273' title='bbox 1695 3395 1906 3466; x_wconf 89' lang='lat' dir='ltr'><strong>quidem</strong></span> <span class='ocrx_word' id='word_1_274' title='bbox 1949 3411 2069 3451; x_wconf 91' lang='lat' dir='ltr'><strong>cum</strong></span> 
     </span>
    </p>
   </div>
   <div class='ocr_carea' id='block_1_36' title="bbox 487 3481 2068 3554">
    <p class='ocr_par' dir='ltr' id='par_1_36' title="bbox 487 3481 2068 3554">
     <span class='ocr_line' id='line_1_36' title="bbox 487 3481 2068 3554; baseline 0.004 -18"><span class='ocrx_word' id='word_1_275' title='bbox 487 3481 762 3551; x_wconf 89' lang='lat' dir='ltr'><strong>puniendi,</strong></span> <span class='ocrx_word' id='word_1_276' title='bbox 795 3492 904 3536; x_wconf 94' lang='lat' dir='ltr'><strong>tum</strong></span> <span class='ocrx_word' id='word_1_277' title='bbox 935 3484 1224 3539; x_wconf 91' lang='lat' dir='ltr'><strong>coronandi</strong></span> <span class='ocrx_word' id='word_1_278' title='bbox 1263 3493 1603 3554; x_wconf 89' lang='lat' dir='ltr'><strong>potestatem,</strong></span> <span class='ocrx_word' id='word_1_279' title='bbox 1649 3501 1769 3541; x_wconf 91' lang='lat' dir='ltr'><strong>eum</strong></span> <span class='ocrx_word' id='word_1_280' title='bbox 1807 3487 2068 3543; x_wconf 87' lang='lat' dir='ltr'><strong>afficiendi</strong></span> 
     </span>
    </p>
   </div>
   <div class='ocr_carea' id='block_1_37' title="bbox 485 3573 2071 3646">
    <p class='ocr_par' dir='ltr' id='par_1_37' title="bbox 485 3573 2071 3646">
     <span class='ocr_line' id='line_1_37' title="bbox 485 3573 2071 3646; baseline 0.004 -20"><span class='ocrx_word' id='word_1_281' title='bbox 485 3573 767 3643; x_wconf 91' lang='lat' dir='ltr'><strong>supplicio,</strong></span> <span class='ocrx_word' id='word_1_282' title='bbox 794 3581 902 3627; x_wconf 92' lang='lat' dir='ltr'><strong>tum</strong></span> <span class='ocrx_word' id='word_1_283' title='bbox 933 3575 1148 3644; x_wconf 85' lang='lat' dir='ltr'><strong>praemia</strong></span> <span class='ocrx_word' id='word_1_284' title='bbox 1176 3575 1506 3638; x_wconf 88' lang='lat' dir='ltr'><strong>conferendi,</strong></span> <span class='ocrx_word' id='word_1_285' title='bbox 1537 3577 1628 3631; x_wconf 91' lang='lat' dir='ltr'><strong>sed</strong></span> <span class='ocrx_word' id='word_1_286' title='bbox 1657 3592 1960 3646; x_wconf 88' lang='lat' dir='ltr'><strong>supremam</strong></span> <span class='ocrx_word' id='word_1_287' title='bbox 1981 3593 2071 3633; x_wconf 86' lang='lat' dir='ltr'><strong>se-</strong></span> 
     </span>
    </p>
   </div>
   <div class='ocr_carea' id='block_1_38' title="bbox 486 3665 2074 3736">
    <p class='ocr_par' dir='ltr' id='par_1_38' title="bbox 486 3665 2074 3736">
     <span class='ocr_line' id='line_1_38' title="bbox 486 3665 2074 3736; baseline 0.004 -17"><span class='ocrx_word' id='word_1_288' title='bbox 486 3665 568 3719; x_wconf 92' lang='lat' dir='ltr'><strong>dis</strong></span> <span class='ocrx_word' id='word_1_289' title='bbox 587 3665 1013 3734; x_wconf 74' lang='lat' dir='ltr'><strong>przerogativam,</strong></span> <span class='ocrx_word' id='word_1_290' title='bbox 1036 3667 1224 3736; x_wconf 90' lang='lat' dir='ltr'><strong>inquit,</strong></span> <span class='ocrx_word' id='word_1_291' title='bbox 1248 3675 1302 3723; x_wconf 89' lang='lat' dir='ltr'><strong>et</strong></span> <span class='ocrx_word' id='word_1_292' title='bbox 1319 3668 1634 3723; x_wconf 89' lang='lat' dir='ltr'><strong>altissimum</strong></span> <span class='ocrx_word' id='word_1_293' title='bbox 1659 3669 1912 3725; x_wconf 83' lang='lat' dir='ltr'><strong>honorem</strong></span> <span class='ocrx_word' id='word_1_294' title='bbox 1933 3670 2074 3727; x_wconf 91' lang='lat' dir='ltr'><strong>hunc</strong></span> 
     </span>
    </p>
   </div>
   <div class='ocr_carea' id='block_1_39' title="bbox 486 3755 2072 3831">
    <p class='ocr_par' dir='ltr' id='par_1_39' title="bbox 486 3755 2072 3831">
     <span class='ocr_line' id='line_1_39' title="bbox 486 3755 2072 3831; baseline 0.006 -23"><span class='ocrx_word' id='word_1_295' title='bbox 486 3755 616 3808; x_wconf 89' lang='lat' dir='ltr'><strong>dare</strong></span> <span class='ocrx_word' id='word_1_296' title='bbox 639 3771 795 3809; x_wconf 89' lang='lat' dir='ltr'><strong>suum</strong></span> <span class='ocrx_word' id='word_1_297' title='bbox 824 3773 928 3810; x_wconf 88' lang='lat' dir='ltr'><strong>non</strong></span> <span class='ocrx_word' id='word_1_298' title='bbox 955 3771 1074 3811; x_wconf 88' lang='lat' dir='ltr'><strong>esse</strong></span> <span class='ocrx_word' id='word_1_299' title='bbox 1097 3757 1250 3810; x_wconf 88' lang='lat' dir='ltr'><strong>dixit.</strong></span> <span class='ocrx_word' id='word_1_300' title='bbox 1275 3757 1455 3827; x_wconf 89' lang='lat' dir='ltr'><strong>Itaque</strong></span> <span class='ocrx_word' id='word_1_301' title='bbox 1483 3761 1527 3813; x_wconf 89' lang='lat' dir='ltr'><strong>si</strong></span> <span class='ocrx_word' id='word_1_302' title='bbox 1559 3759 1690 3814; x_wconf 88' lang='lat' dir='ltr'><strong>nihil</strong></span> <span class='ocrx_word' id='word_1_303' title='bbox 1722 3761 1838 3831; x_wconf 85' lang='lat' dir='ltr'><strong>ejus</strong></span> <span class='ocrx_word' id='word_1_304' title='bbox 1867 3763 2072 3817; x_wconf 88' lang='lat' dir='ltr'><strong>calculo</strong></span> 
     </span>
    </p>
   </div>
   <div class='ocr_carea' id='block_1_40' title="bbox 486 3847 2072 3923">
    <p class='ocr_par' dir='ltr' id='par_1_40' title="bbox 486 3847 2072 3923">
     <span class='ocr_line' id='line_1_40' title="bbox 486 3847 2072 3923; baseline 0.004 -22"><span class='ocrx_word' id='word_1_305' title='bbox 486 3847 816 3902; x_wconf 86' lang='lat' dir='ltr'><strong>subtractum</strong></span> <span class='ocrx_word' id='word_1_306' title='bbox 859 3863 977 3903; x_wconf 89' lang='lat' dir='ltr'><strong>esse</strong></span> <span class='ocrx_word' id='word_1_307' title='bbox 1017 3850 1350 3918; x_wconf 77' lang='lat' dir='ltr'><strong>cognoveris,</strong></span> <span class='ocrx_word' id='word_1_308' title='bbox 1380 3866 1504 3904; x_wconf 89' lang='lat' dir='ltr'><strong>num</strong></span> <span class='ocrx_word' id='word_1_309' title='bbox 1547 3851 1615 3905; x_wconf 93' lang='lat' dir='ltr'><strong>ab</strong></span> <span class='ocrx_word' id='word_1_310' title='bbox 1647 3851 1743 3907; x_wconf 88' lang='lat' dir='ltr'><strong>hac</strong></span> <span class='ocrx_word' id='word_1_311' title='bbox 1773 3854 2072 3923; x_wconf 88' lang='lat' dir='ltr'><strong>importuna</strong></span> 
     </span>
    </p>
   </div>
   <div class='ocr_carea' id='block_1_41' title="bbox 487 3938 2069 4012">
    <p class='ocr_par' dir='ltr' id='par_1_41' title="bbox 487 3938 2069 4012">
     <span class='ocr_line' id='line_1_41' title="bbox 487 3938 2069 4012; baseline 0.004 -20"><span class='ocrx_word' id='word_1_312' title='bbox 487 3939 825 3994; x_wconf 90' lang='lat' dir='ltr'><strong>contentione</strong></span> <span class='ocrx_word' id='word_1_313' title='bbox 841 3938 1103 3994; x_wconf 79' lang='lat' dir='ltr'><strong>desistes?</strong></span> <span class='ocrx_word' id='word_1_314' title='bbox 1119 3939 1255 3994; x_wconf 89' lang='lat' dir='ltr'><strong>Audi</strong></span> <span class='ocrx_word' id='word_1_315' title='bbox 1272 3956 1399 4012; x_wconf 91' lang='lat' dir='ltr'><strong>ergo</strong></span> <span class='ocrx_word' id='word_1_316' title='bbox 1419 3958 1604 3997; x_wconf 88' lang='lat' dir='ltr'><strong>rursus</strong></span> <span class='ocrx_word' id='word_1_317' title='bbox 1622 3958 1744 3998; x_wconf 89' lang='lat' dir='ltr'><strong>eum</strong></span> <span class='ocrx_word' id='word_1_318' title='bbox 1769 3944 2034 4000; x_wconf 84' lang='lat' dir='ltr'><strong>dicentem</strong></span> <span class='ocrx_word' id='word_1_319' title='bbox 2055 3963 2069 3998; x_wconf 91' lang='lat'><strong>:</strong></span> 
     </span>
    </p>
   </div>
   <div class='ocr_carea' id='block_1_42' title="bbox 488 4030 2073 4105">
    <p class='ocr_par' dir='ltr' id='par_1_42' title="bbox 488 4030 2073 4105">
     <span class='ocr_line' id='line_1_42' title="bbox 488 4030 2073 4105; baseline 0.004 -21"><span class='ocrx_word' id='word_1_320' title='bbox 488 4030 645 4086; x_wconf 88' lang='lat' dir='ltr'><strong>Pater</strong></span> <span class='ocrx_word' id='word_1_321' title='bbox 671 4047 769 4085; x_wconf 88' lang='lat' dir='ltr'><strong>non</strong></span> <span class='ocrx_word' id='word_1_322' title='bbox 789 4031 990 4100; x_wconf 83' lang='lat' dir='ltr'><strong>judicat</strong></span> <span class='ocrx_word' id='word_1_323' title='bbox 1017 4047 1335 4102; x_wconf 86' lang='lat' dir='ltr'><strong>quemquam,</strong></span> <span class='ocrx_word' id='word_1_324' title='bbox 1386 4034 1474 4088; x_wconf 89' lang='lat' dir='ltr'><strong>sed</strong></span> <span class='ocrx_word' id='word_1_325' title='bbox 1521 4051 1667 4089; x_wconf 87' lang='lat' dir='ltr'><strong>omne</strong></span> <span class='ocrx_word' id='word_1_326' title='bbox 1684 4035 1938 4105; x_wconf 80' lang='lat' dir='ltr'><strong>judicium</strong></span> <span class='ocrx_word' id='word_1_327' title='bbox 1979 4037 2073 4092; x_wconf 88' lang='lat' dir='ltr'><strong>de-</strong></span> 
     </span>
    </p>
   </div>
   <div class='ocr_carea' id='block_1_43' title="bbox 487 4125 2066 4198">
    <p class='ocr_par' dir='ltr' id='par_1_43' title="bbox 487 4125 2066 4198">
     <span class='ocr_line' id='line_1_43' title="bbox 487 4125 2066 4198; baseline 0.003 -20"><span class='ocrx_word' id='word_1_328' title='bbox 487 4127 562 4180; x_wconf 89' lang='lat' dir='ltr'><strong>dit</strong></span> <span class='ocrx_word' id='word_1_329' title='bbox 587 4125 726 4180; x_wconf 77' lang='lat' dir='ltr'><strong>Filio</strong></span> <span class='ocrx_word' id='word_1_330' title='bbox 749 4125 924 4195; x_wconf 81' lang='lat' dir='ltr'><strong>(Joan.</strong></span> <span class='ocrx_word' id='word_1_331' title='bbox 956 4126 1010 4181; x_wconf 82' lang='lat'><strong>5.</strong></span> <span class='ocrx_word' id='word_1_332' title='bbox 1041 4125 1154 4198; x_wconf 87' lang='lat'><strong>22).</strong></span> <span class='ocrx_word' id='word_1_333' title='bbox 1185 4126 1242 4182; x_wconf 87' lang='lat' dir='ltr'><strong>Si</strong></span> <span class='ocrx_word' id='word_1_334' title='bbox 1267 4142 1393 4198; x_wconf 86' lang='lat' dir='ltr'><strong>ergo</strong></span> <span class='ocrx_word' id='word_1_335' title='bbox 1413 4127 1669 4197; x_wconf 90' lang='lat' dir='ltr'><strong>judicium</strong></span> <span class='ocrx_word' id='word_1_336' title='bbox 1701 4129 1862 4184; x_wconf 82' lang='lat' dir='ltr'><strong>habet</strong></span> <span class='ocrx_word' id='word_1_337' title='bbox 1884 4144 2066 4197; x_wconf 91' lang='lat' dir='ltr'><strong>omne,</strong></span> 
     </span>
    </p>
   </div>
   <div class='ocr_carea' id='block_1_44' title="bbox 489 4216 2071 4288">
    <p class='ocr_par' dir='ltr' id='par_1_44' title="bbox 489 4216 2071 4288">
     <span class='ocr_line' id='line_1_44' title="bbox 489 4216 2071 4288; baseline 0.003 -17"><span class='ocrx_word' id='word_1_338' title='bbox 489 4217 622 4272; x_wconf 91' lang='lat' dir='ltr'><strong>nihil</strong></span> <span class='ocrx_word' id='word_1_339' title='bbox 651 4216 766 4287; x_wconf 89' lang='lat' dir='ltr'><strong>ejus</strong></span> <span class='ocrx_word' id='word_1_340' title='bbox 791 4217 995 4273; x_wconf 91' lang='lat' dir='ltr'><strong>calculo</strong></span> <span class='ocrx_word' id='word_1_341' title='bbox 1022 4218 1404 4288; x_wconf 68' lang='lat' dir='ltr'><strong>sententiaeque</strong></span> <span class='ocrx_word' id='word_1_342' title='bbox 1433 4219 1759 4275; x_wconf 89' lang='lat' dir='ltr'><strong>subtractum</strong></span> <span class='ocrx_word' id='word_1_343' title='bbox 1798 4231 1915 4276; x_wconf 88' lang='lat' dir='ltr'><strong>est:</strong></span> <span class='ocrx_word' id='word_1_344' title='bbox 1946 4237 2071 4276; x_wconf 88' lang='lat' dir='ltr'><strong>nam</strong></span> 
     </span>
    </p>
   </div>
   <div class='ocr_carea' id='block_1_45' title="bbox 489 4309 2071 4381">
    <p class='ocr_par' dir='ltr' id='par_1_45' title="bbox 489 4309 2071 4381">
     <span class='ocr_line' id='line_1_45' title="bbox 489 4309 2071 4381; baseline 0.004 -17"><span class='ocrx_word' id='word_1_345' title='bbox 489 4309 578 4379; x_wconf 91' lang='lat' dir='ltr'><strong>qui</strong></span> <span class='ocrx_word' id='word_1_346' title='bbox 605 4309 860 4379; x_wconf 91' lang='lat' dir='ltr'><strong>judicium</strong></span> <span class='ocrx_word' id='word_1_347' title='bbox 902 4310 1063 4366; x_wconf 89' lang='lat' dir='ltr'><strong>habet</strong></span> <span class='ocrx_word' id='word_1_348' title='bbox 1091 4326 1281 4376; x_wconf 88' lang='lat' dir='ltr'><strong>omne,</strong></span> <span class='ocrx_word' id='word_1_349' title='bbox 1330 4321 1646 4381; x_wconf 88' lang='lat' dir='ltr'><strong>potestatem</strong></span> <span class='ocrx_word' id='word_1_350' title='bbox 1687 4313 1843 4370; x_wconf 89' lang='lat' dir='ltr'><strong>habet</strong></span> <span class='ocrx_word' id='word_1_351' title='bbox 1883 4329 2071 4370; x_wconf 89' lang='lat' dir='ltr'><strong>omnes</strong></span> 
     </span>
    </p>
   </div>
   <div class='ocr_carea' id='block_1_46' title="bbox 487 4403 2068 4476">
    <p class='ocr_par' dir='ltr' id='par_1_46' title="bbox 487 4403 2068 4476">
     <span class='ocr_line' id='line_1_46' title="bbox 487 4403 2068 4476; baseline 0.006 -21"><span class='ocrx_word' id='word_1_352' title='bbox 487 4415 610 4456; x_wconf 92' lang='lat' dir='ltr'><strong>cum</strong></span> <span class='ocrx_word' id='word_1_353' title='bbox 641 4403 915 4471; x_wconf 89' lang='lat' dir='ltr'><strong>puniendi,</strong></span> <span class='ocrx_word' id='word_1_354' title='bbox 939 4411 1048 4458; x_wconf 93' lang='lat' dir='ltr'><strong>tum</strong></span> <span class='ocrx_word' id='word_1_355' title='bbox 1065 4404 1377 4460; x_wconf 87' lang='lat' dir='ltr'><strong>coronandi.</strong></span> <span class='ocrx_word' id='word_1_356' title='bbox 1412 4405 1542 4459; x_wconf 90' lang='lat' dir='ltr'><strong>Illud</strong></span> <span class='ocrx_word' id='word_1_357' title='bbox 1563 4415 1760 4472; x_wconf 79' lang='lat' dir='ltr'><strong>autent,</strong></span> <span class='ocrx_word' id='word_1_358' title='bbox 1784 4409 1940 4476; x_wconf 84' lang='lat' dir='ltr'><strong>dedit,</strong></span> <span class='ocrx_word' id='word_1_359' title='bbox 1967 4409 2068 4464; x_wconf 93' lang='lat' dir='ltr'><strong>hoc</strong></span> 
     </span>
    </p>
   </div>
   <div class='ocr_carea' id='block_1_47' title="bbox 488 4492 2068 4568">
    <p class='ocr_par' dir='ltr' id='par_1_47' title="bbox 488 4492 2068 4568">
     <span class='ocr_line' id='line_1_47' title="bbox 488 4492 2068 4568; baseline 0.004 -22"><span class='ocrx_word' id='word_1_360' title='bbox 488 4492 607 4548; x_wconf 92' lang='lat' dir='ltr'><strong>loco</strong></span> <span class='ocrx_word' id='word_1_361' title='bbox 628 4508 695 4547; x_wconf 91' lang='lat' dir='ltr'><strong>ne</strong></span> <span class='ocrx_word' id='word_1_362' title='bbox 711 4492 983 4548; x_wconf 91' lang='lat' dir='ltr'><strong>hominum</strong></span> <span class='ocrx_word' id='word_1_363' title='bbox 1003 4510 1150 4550; x_wconf 91' lang='lat' dir='ltr'><strong>more</strong></span> <span class='ocrx_word' id='word_1_364' title='bbox 1171 4495 1690 4565; x_wconf 82' lang='lat' dir='ltr'><strong>accipias,carissime</strong></span> <span class='ocrx_word' id='word_1_365' title='bbox 1711 4516 1722 4550; x_wconf 92' lang='lat'><strong>:</strong></span> <span class='ocrx_word' id='word_1_366' title='bbox 1742 4513 1913 4568; x_wconf 93' lang='lat' dir='ltr'><strong>neque</strong></span> <span class='ocrx_word' id='word_1_367' title='bbox 1927 4501 2068 4554; x_wconf 90' lang='lat' dir='ltr'><strong>enim</strong></span> 
     </span>
    </p>
   </div>
   <div class='ocr_carea' id='block_1_48' title="bbox 494 4581 2075 4660">
    <p class='ocr_par' dir='ltr' id='par_1_48' title="bbox 494 4581 2075 4660">
     <span class='ocr_line' id='line_1_48' title="bbox 494 4581 2075 4660; baseline 0.006 -24"><span class='ocrx_word' id='word_1_368' title='bbox 494 4596 598 4637; x_wconf 93' lang='lat' dir='ltr'><strong>non</strong></span> <span class='ocrx_word' id='word_1_369' title='bbox 618 4581 829 4638; x_wconf 85' lang='lat' dir='ltr'><strong>habenti</strong></span> <span class='ocrx_word' id='word_1_370' title='bbox 852 4583 1016 4647; x_wconf 91' lang='lat' dir='ltr'><strong>dedit,</strong></span> <span class='ocrx_word' id='word_1_371' title='bbox 1047 4600 1144 4639; x_wconf 90' lang='lat' dir='ltr'><strong>nec</strong></span> <span class='ocrx_word' id='word_1_372' title='bbox 1169 4586 1534 4656; x_wconf 87' lang='lat' dir='ltr'><strong>imperfectum</strong></span> <span class='ocrx_word' id='word_1_373' title='bbox 1560 4589 1764 4656; x_wconf 84' lang='lat' dir='ltr'><strong>genuit,</strong></span> <span class='ocrx_word' id='word_1_374' title='bbox 1791 4606 1963 4659; x_wconf 89' lang='lat' dir='ltr'><strong>neque</strong></span> <span class='ocrx_word' id='word_1_375' title='bbox 1981 4607 2075 4660; x_wconf 82' lang='lat' dir='ltr'><strong>po-</strong></span> 
     </span>
    </p>
   </div>
   <div class='ocr_carea' id='block_1_49' title="bbox 491 4673 2069 4750">
    <p class='ocr_par' dir='ltr' id='par_1_49' title="bbox 491 4673 2069 4750">
     <span class='ocr_line' id='line_1_49' title="bbox 491 4673 2069 4750; baseline 0.004 -22"><span class='ocrx_word' id='word_1_376' title='bbox 491 4673 684 4728; x_wconf 88' lang='lat' dir='ltr'><strong>sterius</strong></span> <span class='ocrx_word' id='word_1_377' title='bbox 705 4673 778 4727; x_wconf 91' lang='lat' dir='ltr'><strong>illi</strong></span> <span class='ocrx_word' id='word_1_378' title='bbox 809 4674 1058 4729; x_wconf 91' lang='lat' dir='ltr'><strong>adnatum</strong></span> <span class='ocrx_word' id='word_1_379' title='bbox 1081 4684 1196 4730; x_wconf 90' lang='lat' dir='ltr'><strong>est:</strong></span> <span class='ocrx_word' id='word_1_380' title='bbox 1229 4678 1322 4732; x_wconf 88' lang='lat' dir='ltr'><strong>sed</strong></span> <span class='ocrx_word' id='word_1_381' title='bbox 1345 4679 1490 4744; x_wconf 91' lang='lat' dir='ltr'><strong>illud,</strong></span> <span class='ocrx_word' id='word_1_382' title='bbox 1515 4679 1671 4743; x_wconf 89' lang='lat' dir='ltr'><strong>dedit,</strong></span> <span class='ocrx_word' id='word_1_383' title='bbox 1696 4679 1797 4734; x_wconf 92' lang='lat' dir='ltr'><strong>hoc</strong></span> <span class='ocrx_word' id='word_1_384' title='bbox 1814 4681 1910 4734; x_wconf 93' lang='lat' dir='ltr'><strong>sibi</strong></span> <span class='ocrx_word' id='word_1_385' title='bbox 1938 4684 2069 4750; x_wconf 88' lang='lat' dir='ltr'><strong>vult,</strong></span> 
     </span>
    </p>
   </div>
   <div class='ocr_carea' id='block_1_50' title="bbox 489 4765 2068 4837">
    <p class='ocr_par' dir='ltr' id='par_1_50' title="bbox 489 4765 2068 4837">
     <span class='ocr_line' id='line_1_50' title="bbox 489 4765 2068 4837; baseline 0.004 -17"><span class='ocrx_word' id='word_1_386' title='bbox 489 4765 648 4820; x_wconf 80' lang='lat' dir='ltr'><strong>talem</strong></span> <span class='ocrx_word' id='word_1_387' title='bbox 679 4765 826 4820; x_wconf 91' lang='lat' dir='ltr'><strong>illum</strong></span> <span class='ocrx_word' id='word_1_388' title='bbox 857 4767 1070 4836; x_wconf 81' lang='lat' dir='ltr'><strong>getmit,</strong></span> <span class='ocrx_word' id='word_1_389' title='bbox 1121 4767 1444 4837; x_wconf 76' lang='lat' dir='ltr'><strong>perfectura,</strong></span> <span class='ocrx_word' id='word_1_390' title='bbox 1491 4768 1792 4823; x_wconf 87' lang='lat' dir='ltr'><strong>absolutum</strong></span> <span class='ocrx_word' id='word_1_391' title='bbox 1826 4788 1840 4822; x_wconf 89' lang='lat'><strong>:</strong></span> <span class='ocrx_word' id='word_1_392' title='bbox 1884 4787 2068 4826; x_wconf 90' lang='lat' dir='ltr'><strong>verum</strong></span> 
     </span>
    </p>
   </div>
   <div class='ocr_carea' id='block_1_51' title="bbox 489 4858 2066 4930">
    <p class='ocr_par' dir='ltr' id='par_1_51' title="bbox 489 4858 2066 4930">
     <span class='ocr_line' id='line_1_51' title="bbox 489 4858 2066 4930; baseline 0.004 -18"><span class='ocrx_word' id='word_1_393' title='bbox 489 4858 591 4912; x_wconf 88' lang='lat' dir='ltr'><strong>hac</strong></span> <span class='ocrx_word' id='word_1_394' title='bbox 613 4873 739 4912; x_wconf 90' lang='lat' dir='ltr'><strong>usus</strong></span> <span class='ocrx_word' id='word_1_395' title='bbox 760 4867 843 4913; x_wconf 90' lang='lat' dir='ltr'><strong>est</strong></span> <span class='ocrx_word' id='word_1_396' title='bbox 868 4858 1120 4922; x_wconf 90' lang='lat' dir='ltr'><strong>dictione,</strong></span> <span class='ocrx_word' id='word_1_397' title='bbox 1153 4874 1219 4912; x_wconf 90' lang='lat' dir='ltr'><strong>ne</strong></span> <span class='ocrx_word' id='word_1_398' title='bbox 1239 4859 1370 4913; x_wconf 91' lang='lat' dir='ltr'><strong>duos</strong></span> <span class='ocrx_word' id='word_1_399' title='bbox 1393 4861 1603 4928; x_wconf 87' lang='lat' dir='ltr'><strong>genitos</strong></span> <span class='ocrx_word' id='word_1_400' title='bbox 1617 4859 1892 4917; x_wconf 89' lang='lat' dir='ltr'><strong>arbitreris</strong></span> <span class='ocrx_word' id='word_1_401' title='bbox 1911 4863 2066 4930; x_wconf 90' lang='lat' dir='ltr'><strong>Deos,</strong></span> 
     </span>
    </p>
   </div>
   <div class='ocr_carea' id='block_1_52' title="bbox 489 4947 2074 5023">
    <p class='ocr_par' dir='ltr' id='par_1_52' title="bbox 489 4947 2074 5023">
     <span class='ocr_line' id='line_1_52' title="bbox 489 4947 2074 5023; baseline 0.004 -22"><span class='ocrx_word' id='word_1_402' title='bbox 489 4948 581 5003; x_wconf 90' lang='lat' dir='ltr'><strong>sed</strong></span> <span class='ocrx_word' id='word_1_403' title='bbox 618 4958 675 5002; x_wconf 91' lang='lat' dir='ltr'><strong>ut</strong></span> <span class='ocrx_word' id='word_1_404' title='bbox 698 4949 930 5002; x_wconf 87' lang='lat' dir='ltr'><strong>radicem</strong></span> <span class='ocrx_word' id='word_1_405' title='bbox 954 4959 1006 5003; x_wconf 92' lang='lat' dir='ltr'><strong>et</strong></span> <span class='ocrx_word' id='word_1_406' title='bbox 1029 4947 1257 5002; x_wconf 85' lang='lat' dir='ltr'><strong>fructum</strong></span> <span class='ocrx_word' id='word_1_407' title='bbox 1285 4950 1512 5013; x_wconf 86' lang='lat' dir='ltr'><strong>noveris,</strong></span> <span class='ocrx_word' id='word_1_408' title='bbox 1548 4966 1653 5004; x_wconf 92' lang='lat' dir='ltr'><strong>non</strong></span> <span class='ocrx_word' id='word_1_409' title='bbox 1683 4959 1740 5005; x_wconf 91' lang='lat' dir='ltr'><strong>ut</strong></span> <span class='ocrx_word' id='word_1_410' title='bbox 1768 4951 1868 5007; x_wconf 91' lang='lat' dir='ltr'><strong>hoc</strong></span> <span class='ocrx_word' id='word_1_411' title='bbox 1892 4954 1968 5007; x_wconf 91' lang='lat' dir='ltr'><strong>illi</strong></span> <span class='ocrx_word' id='word_1_412' title='bbox 1987 4969 2074 5023; x_wconf 88' lang='lat' dir='ltr'><strong>po-</strong></span> 
     </span>
    </p>
   </div>
   <div class='ocr_carea' id='block_1_53' title="bbox 490 5038 2068 5114">
    <p class='ocr_par' dir='ltr' id='par_1_53' title="bbox 490 5038 2068 5114">
     <span class='ocr_line' id='line_1_53' title="bbox 490 5038 2068 5114; baseline 0.004 -22"><span class='ocrx_word' id='word_1_413' title='bbox 490 5040 685 5095; x_wconf 87' lang='lat' dir='ltr'><strong>sterius</strong></span> <span class='ocrx_word' id='word_1_414' title='bbox 712 5038 961 5093; x_wconf 87' lang='lat' dir='ltr'><strong>adnatum</strong></span> <span class='ocrx_word' id='word_1_415' title='bbox 991 5053 1112 5094; x_wconf 86' lang='lat' dir='ltr'><strong>esse</strong></span> <span class='ocrx_word' id='word_1_416' title='bbox 1137 5039 1434 5094; x_wconf 90' lang='lat' dir='ltr'><strong>arbitreris.</strong></span> <span class='ocrx_word' id='word_1_417' title='bbox 1461 5039 1592 5094; x_wconf 89' lang='lat' dir='ltr'><strong>Nam</strong></span> <span class='ocrx_word' id='word_1_418' title='bbox 1621 5051 1672 5096; x_wconf 91' lang='lat' dir='ltr'><strong>et</strong></span> <span class='ocrx_word' id='word_1_419' title='bbox 1711 5042 2068 5114; x_wconf 80' lang='lat' dir='ltr'><strong>interrogatus</strong></span> 
     </span>
    </p>
   </div>
   <div class='ocr_carea' id='block_1_54' title="bbox 487 5129 2066 5206">
    <p class='ocr_par' dir='ltr' id='par_1_54' title="bbox 487 5129 2066 5206">
     <span class='ocr_line' id='line_1_54' title="bbox 487 5129 2066 5206; baseline 0.004 -22"><span class='ocrx_word' id='word_1_420' title='bbox 487 5132 634 5197; x_wconf 88' lang='lat' dir='ltr'><strong>alibi,</strong></span> <span class='ocrx_word' id='word_1_421' title='bbox 664 5130 804 5201; x_wconf 84' lang='lat' dir='ltr'><strong>Ergo</strong></span> <span class='ocrx_word' id='word_1_422' title='bbox 831 5147 922 5185; x_wconf 73' lang='lat' dir='ltr'><strong>rex</strong></span> <span class='ocrx_word' id='word_1_423' title='bbox 946 5147 997 5184; x_wconf 87' lang='lat' dir='ltr'><strong>es</strong></span> <span class='ocrx_word' id='word_1_424' title='bbox 1028 5142 1080 5184; x_wconf 90' lang='lat' dir='ltr'><strong>tu</strong></span> <span class='ocrx_word' id='word_1_425' title='bbox 1107 5129 1283 5201; x_wconf 84' lang='lat' dir='ltr'><strong>(Joan.</strong></span> <span class='ocrx_word' id='word_1_426' title='bbox 1316 5131 1400 5186; x_wconf 89' lang='grc'><strong>18.</strong></span> <span class='ocrx_word' id='word_1_427' title='bbox 1429 5132 1559 5203; x_wconf 77' lang='lat'><strong>56)?</strong></span> <span class='ocrx_word' id='word_1_428' title='bbox 1600 5148 1703 5188; x_wconf 92' lang='lat' dir='ltr'><strong>non</strong></span> <span class='ocrx_word' id='word_1_429' title='bbox 1745 5150 1803 5189; x_wconf 91' lang='lat' dir='ltr'><strong>se</strong></span> <span class='ocrx_word' id='word_1_430' title='bbox 1847 5152 2066 5206; x_wconf 85' lang='lat' dir='ltr'><strong>regnum</strong></span> 
     </span>
    </p>
   </div>
   <div class='ocr_carea' id='block_1_55' title="bbox 490 5224 2072 5295">
    <p class='ocr_par' dir='ltr' id='par_1_55' title="bbox 490 5224 2072 5295">
     <span class='ocr_line' id='line_1_55' title="bbox 490 5224 2072 5295; baseline 0.006 -19"><span class='ocrx_word' id='word_1_431' title='bbox 490 5225 762 5293; x_wconf 87' lang='lat' dir='ltr'><strong>accepisse</strong></span> <span class='ocrx_word' id='word_1_432' title='bbox 789 5224 940 5288; x_wconf 80' lang='lat' dir='ltr'><strong>dixit,</strong></span> <span class='ocrx_word' id='word_1_433' title='bbox 971 5240 1075 5278; x_wconf 91' lang='lat' dir='ltr'><strong>non</strong></span> <span class='ocrx_word' id='word_1_434' title='bbox 1107 5224 1208 5279; x_wconf 90' lang='lat' dir='ltr'><strong>sibi</strong></span> <span class='ocrx_word' id='word_1_435' title='bbox 1238 5239 1456 5295; x_wconf 91' lang='lat' dir='ltr'><strong>regnum</strong></span> <span class='ocrx_word' id='word_1_436' title='bbox 1489 5229 1749 5294; x_wconf 89' lang='lat' dir='ltr'><strong>posterius</strong></span> <span class='ocrx_word' id='word_1_437' title='bbox 1787 5243 1906 5283; x_wconf 90' lang='lat' dir='ltr'><strong>esse</strong></span> <span class='ocrx_word' id='word_1_438' title='bbox 1939 5229 2072 5285; x_wconf 83' lang='lat' dir='ltr'><strong>dixit</strong></span> 
     </span>
    </p>
   </div>
   <div class='ocr_carea' id='block_1_56' title="bbox 489 5316 2073 5388">
    <p class='ocr_par' dir='ltr' id='par_1_56' title="bbox 489 5316 2073 5388">
     <span class='ocr_line' id='line_1_56' title="bbox 489 5316 2073 5388; baseline 0.003 -17"><span class='ocrx_word' id='word_1_439' title='bbox 489 5317 826 5383; x_wconf 87' lang='lat' dir='ltr'><strong>attributum,</strong></span> <span class='ocrx_word' id='word_1_440' title='bbox 849 5316 965 5385; x_wconf 90' lang='lat' dir='ltr'><strong>sed,</strong></span> <span class='ocrx_word' id='word_1_441' title='bbox 995 5317 1108 5388; x_wconf 83' lang='lat' dir='ltr'><strong>Ego</strong></span> <span class='ocrx_word' id='word_1_442' title='bbox 1132 5318 1186 5371; x_wconf 90' lang='lat' dir='ltr'><strong>in</strong></span> <span class='ocrx_word' id='word_1_443' title='bbox 1213 5319 1307 5371; x_wconf 85' lang='lat' dir='ltr'><strong>hoc</strong></span> <span class='ocrx_word' id='word_1_444' title='bbox 1332 5326 1477 5371; x_wconf 86' lang='lat' dir='ltr'><strong>natus</strong></span> <span class='ocrx_word' id='word_1_445' title='bbox 1505 5335 1636 5373; x_wconf 85' lang='lat' dir='ltr'><strong>sum.</strong></span> <span class='ocrx_word' id='word_1_446' title='bbox 1663 5319 1717 5374; x_wconf 91' lang='lat' dir='ltr'><strong>Si</strong></span> <span class='ocrx_word' id='word_1_447' title='bbox 1741 5335 1832 5374; x_wconf 87' lang='lat' dir='ltr'><strong>rex</strong></span> <span class='ocrx_word' id='word_1_448' title='bbox 1859 5321 2073 5377; x_wconf 81' lang='lat' dir='ltr'><strong>absolu-</strong></span> 
     </span>
    </p>
   </div>
   <div class='ocr_carea' id='block_1_57' title="bbox 489 5411 2071 5483">
    <p class='ocr_par' dir='ltr' id='par_1_57' title="bbox 489 5411 2071 5483">
     <span class='ocr_line' id='line_1_57' title="bbox 489 5411 2071 5483; baseline 0.004 -20"><span class='ocrx_word' id='word_1_449' title='bbox 489 5418 577 5466; x_wconf 85' lang='lat' dir='ltr'><strong>tus</strong></span> <span class='ocrx_word' id='word_1_450' title='bbox 603 5419 687 5466; x_wconf 88' lang='lat' dir='ltr'><strong>est</strong></span> <span class='ocrx_word' id='word_1_451' title='bbox 726 5419 904 5477; x_wconf 90' lang='lat' dir='ltr'><strong>natus,</strong></span> <span class='ocrx_word' id='word_1_452' title='bbox 950 5411 1168 5466; x_wconf 90' lang='lat' dir='ltr'><strong>omnino</strong></span> <span class='ocrx_word' id='word_1_453' title='bbox 1205 5424 1258 5466; x_wconf 92' lang='lat' dir='ltr'><strong>et</strong></span> <span class='ocrx_word' id='word_1_454' title='bbox 1292 5411 1522 5481; x_wconf 88' lang='lat' dir='ltr'><strong>judicem</strong></span> <span class='ocrx_word' id='word_1_455' title='bbox 1564 5428 1624 5466; x_wconf 90' lang='lat' dir='ltr'><strong>ac</strong></span> <span class='ocrx_word' id='word_1_456' title='bbox 1662 5414 2071 5483; x_wconf 89' lang='lat' dir='ltr'><strong>disceptatorem</strong></span> 
     </span>
    </p>
   </div>
   <div class='ocr_carea' id='block_1_58' title="bbox 490 5500 2074 5573">
    <p class='ocr_par' dir='ltr' id='par_1_58' title="bbox 490 5500 2074 5573">
     <span class='ocr_line' id='line_1_58' title="bbox 490 5500 2074 5573; baseline 0.005 -20"><span class='ocrx_word' id='word_1_457' title='bbox 490 5500 639 5555; x_wconf 92' lang='lat' dir='ltr'><strong>illum</strong></span> <span class='ocrx_word' id='word_1_458' title='bbox 667 5517 788 5557; x_wconf 87' lang='lat' dir='ltr'><strong>esse</strong></span> <span class='ocrx_word' id='word_1_459' title='bbox 816 5503 1010 5572; x_wconf 90' lang='lat' dir='ltr'><strong>liquet:</strong></span> <span class='ocrx_word' id='word_1_460' title='bbox 1041 5504 1180 5573; x_wconf 88' lang='lat' dir='ltr'><strong>regis</strong></span> <span class='ocrx_word' id='word_1_461' title='bbox 1203 5504 1347 5557; x_wconf 89' lang='lat' dir='ltr'><strong>enim</strong></span> <span class='ocrx_word' id='word_1_462' title='bbox 1377 5512 1459 5557; x_wconf 87' lang='lat' dir='ltr'><strong>est</strong></span> <span class='ocrx_word' id='word_1_463' title='bbox 1493 5505 1720 5559; x_wconf 82' lang='lat' dir='ltr'><strong>maxime</strong></span> <span class='ocrx_word' id='word_1_464' title='bbox 1743 5505 1982 5573; x_wconf 86' lang='lat' dir='ltr'><strong>judicare</strong></span> <span class='ocrx_word' id='word_1_465' title='bbox 2009 5521 2074 5562; x_wconf 86' lang='lat' dir='ltr'><strong>ac</strong></span> 
     </span>
    </p>
   </div>
   <div class='ocr_carea' id='block_1_59' title="bbox 490 5591 2068 5664">
    <p class='ocr_par' dir='ltr' id='par_1_59' title="bbox 490 5591 2068 5664">
     <span class='ocr_line' id='line_1_59' title="bbox 490 5591 2068 5664; baseline 0.009 -23"><span class='ocrx_word' id='word_1_466' title='bbox 490 5591 811 5661; x_wconf 84' lang='lat' dir='ltr'><strong>disceptare,</strong></span> <span class='ocrx_word' id='word_1_467' title='bbox 867 5595 1098 5649; x_wconf 88' lang='lat' dir='ltr'><strong>honores</strong></span> <span class='ocrx_word' id='word_1_468' title='bbox 1143 5595 1387 5660; x_wconf 88' lang='lat' dir='ltr'><strong>deferre,</strong></span> <span class='ocrx_word' id='word_1_469' title='bbox 1435 5604 1490 5650; x_wconf 91' lang='lat' dir='ltr'><strong>et</strong></span> <span class='ocrx_word' id='word_1_470' title='bbox 1528 5596 1787 5664; x_wconf 89' lang='lat' dir='ltr'><strong>supplicio</strong></span> <span class='ocrx_word' id='word_1_471' title='bbox 1833 5593 2068 5655; x_wconf 76' lang='lat' dir='ltr'><strong>aﬁicere.</strong></span> 
     </span>
    </p>
   </div>
   <div class='ocr_carea' id='block_1_60' title="bbox 555 5706 1795 5772">
    <p class='ocr_par' dir='ltr' id='par_1_60' title="bbox 555 5706 1795 5772">
     <span class='ocr_line' id='line_1_60' title="bbox 555 5706 1795 5772; baseline 0.007 -21"><span class='ocrx_word' id='word_1_472' title='bbox 555 5706 570 5736; x_wconf 78' lang='grc' dir='ltr'>ί</span> <span class='ocrx_word' id='word_1_473' title='bbox 608 5712 816 5762; x_wconf 69' lang='lat' dir='ltr'><strong>quatuor</strong></span> <span class='ocrx_word' id='word_1_474' title='bbox 838 5713 964 5768; x_wconf 73' lang='lat' dir='ltr'><strong>Mss,</strong></span> <span class='ocrx_word' id='word_1_475' title='bbox 989 5722 1147 5772; x_wconf 90' lang='lat' dir='ltr'><strong>asper,</strong></span> <span class='ocrx_word' id='word_1_476' title='bbox 1173 5722 1277 5772; x_wconf 87' lang='lat' dir='ltr'><strong>pro,</strong></span> <span class='ocrx_word' id='word_1_477' title='bbox 1301 5711 1514 5772; x_wconf 82' lang='lat' dir='ltr'><strong>multus;</strong></span> <span class='ocrx_word' id='word_1_478' title='bbox 1536 5723 1631 5761; x_wconf 88' lang='lat' dir='ltr'><strong>nec</strong></span> <span class='ocrx_word' id='word_1_479' title='bbox 1651 5712 1795 5760; x_wconf 86' lang='lat' dir='ltr'><strong>male.</strong></span> 
     </span>
    </p>
   </div>
   <div class='ocr_carea' id='block_1_61' title="bbox 3646 254 3752 309">
    <p class='ocr_par' dir='ltr' id='par_1_61' title="bbox 3646 254 3752 309">
     <span class='ocr_line' id='line_1_61' title="bbox 3646 254 3752 309; baseline -0.019 0"><span class='ocrx_word' id='word_1_480' title='bbox 3646 254 3752 309; x_wconf 62' lang='grc' dir='ltr'><strong>ι’ῗῖ</strong></span> 
     </span>
    </p>
   </div>
   <div class='ocr_carea' id='block_1_62' title="bbox 2165 365 3748 439">
    <p class='ocr_par' dir='ltr' id='par_1_62' title="bbox 2165 365 3748 439">
     <span class='ocr_line' id='line_1_62' title="bbox 2165 365 3748 439; baseline 0.001 -19"><span class='ocrx_word' id='word_1_481' title='bbox 2165 365 2396 422; x_wconf 83' lang='lat' dir='ltr'><strong>Aliunde</strong></span> <span class='ocrx_word' id='word_1_482' title='bbox 2424 381 2635 438; x_wconf 89' lang='lat' dir='ltr'><strong>quoque</strong></span> <span class='ocrx_word' id='word_1_483' title='bbox 2660 371 2856 438; x_wconf 89' lang='lat' dir='ltr'><strong>poterit</strong></span> <span class='ocrx_word' id='word_1_484' title='bbox 2882 370 3020 424; x_wconf 92' lang='lat' dir='ltr'><strong>istud</strong></span> <span class='ocrx_word' id='word_1_485' title='bbox 3044 368 3283 439; x_wconf 86' lang='lat' dir='ltr'><strong>intelligi,</strong></span> <span class='ocrx_word' id='word_1_486' title='bbox 3312 383 3570 439; x_wconf 87' lang='lat' dir='ltr'><strong>supernos</strong></span> <span class='ocrx_word' id='word_1_487' title='bbox 3587 370 3748 424; x_wconf 88' lang='lat' dir='ltr'><strong>etiam</strong></span> 
     </span>
    </p>
   </div>
   <div class='ocr_carea' id='block_1_63' title="bbox 2166 456 3751 530">
    <p class='ocr_par' dir='ltr' id='par_1_63' title="bbox 2166 456 3751 530">
     <span class='ocr_line' id='line_1_63' title="bbox 2166 456 3751 530; baseline 0.003 -21"><span class='ocrx_word' id='word_1_488' title='bbox 2166 456 2398 511; x_wconf 90' lang='lat' dir='ltr'><strong>honores</strong></span> <span class='ocrx_word' id='word_1_489' title='bbox 2424 458 2658 514; x_wconf 91' lang='lat' dir='ltr'><strong>tribuere</strong></span> <span class='ocrx_word' id='word_1_490' title='bbox 2684 461 2737 513; x_wconf 91' lang='lat' dir='ltr'><strong>in</strong></span> <span class='ocrx_word' id='word_1_491' title='bbox 2769 461 2937 529; x_wconf 91' lang='lat' dir='ltr'><strong>ipsius</strong></span> <span class='ocrx_word' id='word_1_492' title='bbox 2969 469 3230 530; x_wconf 89' lang='lat' dir='ltr'><strong>potestate</strong></span> <span class='ocrx_word' id='word_1_493' title='bbox 3259 461 3417 516; x_wconf 91' lang='lat' dir='ltr'><strong>situm</strong></span> <span class='ocrx_word' id='word_1_494' title='bbox 3445 476 3583 514; x_wconf 86' lang='lat' dir='ltr'><strong>esse.</strong></span> <span class='ocrx_word' id='word_1_495' title='bbox 3615 461 3751 514; x_wconf 87' lang='lat' dir='ltr'><strong>Cum</strong></span> 
     </span>
    </p>
   </div>
   <div class='ocr_carea' id='block_1_64' title="bbox 2164 549 3754 622">
    <p class='ocr_par' dir='ltr' id='par_1_64' title="bbox 2164 549 3754 622">
     <span class='ocr_line' id='line_1_64' title="bbox 2164 549 3754 622; baseline 0.003 -21"><span class='ocrx_word' id='word_1_496' title='bbox 2164 549 2306 602; x_wconf 91' lang='lat' dir='ltr'><strong>enim</strong></span> <span class='ocrx_word' id='word_1_497' title='bbox 2329 559 2643 605; x_wconf 90' lang='lat' dir='ltr'><strong>cunctorum</strong></span> <span class='ocrx_word' id='word_1_498' title='bbox 2685 551 2960 606; x_wconf 92' lang='lat' dir='ltr'><strong>hominum</strong></span> <span class='ocrx_word' id='word_1_499' title='bbox 2992 553 3250 622; x_wconf 91' lang='lat' dir='ltr'><strong>optimum</strong></span> <span class='ocrx_word' id='word_1_500' title='bbox 3281 553 3332 606; x_wconf 92' lang='lat' dir='ltr'><strong>in</strong></span> <span class='ocrx_word' id='word_1_501' title='bbox 3365 553 3596 607; x_wconf 90' lang='lat' dir='ltr'><strong>medium</strong></span> <span class='ocrx_word' id='word_1_502' title='bbox 3622 567 3754 622; x_wconf 89' lang='lat' dir='ltr'><strong>pro-</strong></span> 
     </span>
    </p>
   </div>
   <div class='ocr_carea' id='block_1_65' title="bbox 2163 637 3756 705">
    <p class='ocr_par' dir='ltr' id='par_1_65' title="bbox 2163 637 3756 705">
     <span class='ocr_line' id='line_1_65' title="bbox 2163 637 3756 705; baseline 0.003 -13"><span class='ocrx_word' id='word_1_503' title='bbox 2163 637 2493 705; x_wconf 86' lang='lat' dir='ltr'><strong>duxerimus,</strong></span> <span class='ocrx_word' id='word_1_504' title='bbox 2527 649 2581 695; x_wconf 90' lang='lat' dir='ltr'><strong>et</strong></span> <span class='ocrx_word' id='word_1_505' title='bbox 2611 642 2751 696; x_wconf 93' lang='lat' dir='ltr'><strong>hunc</strong></span> <span class='ocrx_word' id='word_1_506' title='bbox 2778 642 2844 695; x_wconf 89' lang='lat' dir='ltr'><strong>ab</strong></span> <span class='ocrx_word' id='word_1_507' title='bbox 2866 657 2932 697; x_wconf 94' lang='lat' dir='ltr'><strong>eo</strong></span> <span class='ocrx_word' id='word_1_508' title='bbox 2959 642 3129 698; x_wconf 86' lang='lat' dir='ltr'><strong>fuisse</strong></span> <span class='ocrx_word' id='word_1_509' title='bbox 3143 654 3458 698; x_wconf 87' lang='lat' dir='ltr'><strong>coronatum</strong></span> <span class='ocrx_word' id='word_1_510' title='bbox 3498 643 3756 698; x_wconf 49' lang='lat' dir='ltr'><strong>ostende-</strong></span> 
     </span>
    </p>
   </div>
   <div class='ocr_carea' id='block_1_66' title="bbox 2164 731 3757 803">
    <p class='ocr_par' dir='ltr' id='par_1_66' title="bbox 2164 731 3757 803">
     <span class='ocr_line' id='line_1_66' title="bbox 2164 731 3757 803; baseline 0.002 -21"><span class='ocrx_word' id='word_1_511' title='bbox 2164 731 2353 798; x_wconf 91' lang='lat' dir='ltr'><strong>rimus,</strong></span> <span class='ocrx_word' id='word_1_512' title='bbox 2379 731 2500 800; x_wconf 91' lang='lat' dir='ltr'><strong>quis</strong></span> <span class='ocrx_word' id='word_1_513' title='bbox 2525 733 2854 787; x_wconf 89' lang='lat' dir='ltr'><strong>excusationi</strong></span> <span class='ocrx_word' id='word_1_514' title='bbox 2897 744 3090 788; x_wconf 65' lang='lat' dir='ltr'><strong>vestrae</strong></span> <span class='ocrx_word' id='word_1_515' title='bbox 3136 733 3389 803; x_wconf 88' lang='lat' dir='ltr'><strong>deinceps</strong></span> <span class='ocrx_word' id='word_1_516' title='bbox 3415 733 3563 788; x_wconf 87' lang='lat' dir='ltr'><strong>locus</strong></span> <span class='ocrx_word' id='word_1_517' title='bbox 3586 733 3757 786; x_wconf 84' lang='lat' dir='ltr'><strong>relin-</strong></span> 
     </span>
    </p>
   </div>
   <div class='ocr_carea' id='block_1_67' title="bbox 2163 822 3756 894">
    <p class='ocr_par' dir='ltr' id='par_1_67' title="bbox 2163 822 3756 894">
     <span class='ocr_line' id='line_1_67' title="bbox 2163 822 3756 894; baseline 0.002 -19"><span class='ocrx_word' id='word_1_518' title='bbox 2163 822 2388 890; x_wconf 88' lang='lat' dir='ltr'><strong>quetur?</strong></span> <span class='ocrx_word' id='word_1_519' title='bbox 2417 822 2545 890; x_wconf 86' lang='lat' dir='ltr'><strong>Quis</strong></span> <span class='ocrx_word' id='word_1_520' title='bbox 2566 823 2722 894; x_wconf 83' lang='lat' dir='ltr'><strong>igitur</strong></span> <span class='ocrx_word' id='word_1_521' title='bbox 2746 833 2828 879; x_wconf 92' lang='lat' dir='ltr'><strong>est</strong></span> <span class='ocrx_word' id='word_1_522' title='bbox 2849 824 2936 880; x_wconf 90' lang='lat' dir='ltr'><strong>ille</strong></span> <span class='ocrx_word' id='word_1_523' title='bbox 2967 824 3178 880; x_wconf 90' lang='lat' dir='ltr'><strong>tandem</strong></span> <span class='ocrx_word' id='word_1_524' title='bbox 3208 825 3444 879; x_wconf 92' lang='lat' dir='ltr'><strong>omnium</strong></span> <span class='ocrx_word' id='word_1_525' title='bbox 3476 824 3756 879; x_wconf 91' lang='lat' dir='ltr'><strong>hominum</strong></span> 
     </span>
    </p>
   </div>
   <div class='ocr_carea' id='block_1_68' title="bbox 2164 913 2433 982">
    <p class='ocr_par' dir='ltr' id='par_1_68' title="bbox 2164 913 2433 982">
     <span class='ocr_line' id='line_1_68' title="bbox 2164 913 2433 982; baseline 0.004 -16"><span class='ocrx_word' id='word_1_526' title='bbox 2164 913 2433 982; x_wconf 90' lang='lat' dir='ltr'><strong>optimus?</strong></span> 
     </span>
    </p>
   </div>
   <div class='ocr_carea' id='block_1_69' title="bbox 2239 1003 3757 1078">
    <p class='ocr_par' dir='ltr' id='par_1_69' title="bbox 2239 1003 3757 1078">
     <span class='ocr_line' id='line_1_69' title="bbox 2239 1003 3757 1078; baseline 0.002 -21"><span class='ocrx_word' id='word_1_527' title='bbox 2239 1003 2396 1059; x_wconf 88' lang='lat' dir='ltr'><strong>Pauli</strong></span> <span class='ocrx_word' id='word_1_528' title='bbox 2424 1006 2655 1076; x_wconf 80' lang='lat' dir='ltr'><strong>Apostoli</strong></span> <span class='ocrx_word' id='word_1_529' title='bbox 2681 1007 3217 1074; x_wconf 87' lang='lat' dir='ltr'><strong>encomium.——Quis</strong></span> <span class='ocrx_word' id='word_1_530' title='bbox 3243 1022 3436 1078; x_wconf 89' lang='lat' dir='ltr'><strong>nempe</strong></span> <span class='ocrx_word' id='word_1_531' title='bbox 3464 1008 3622 1071; x_wconf 90' lang='lat' dir='ltr'><strong>alius,</strong></span> <span class='ocrx_word' id='word_1_532' title='bbox 3651 1008 3757 1062; x_wconf 86' lang='lat' dir='ltr'><strong>nisi</strong></span> 
     </span>
    </p>
   </div>
   <div class='ocr_carea' id='block_1_70' title="bbox 2166 1095 3757 1168">
    <p class='ocr_par' dir='ltr' id='par_1_70' title="bbox 2166 1095 3757 1168">
     <span class='ocr_line' id='line_1_70' title="bbox 2166 1095 3757 1168; baseline 0.001 -17"><span class='ocrx_word' id='word_1_533' title='bbox 2166 1095 2344 1165; x_wconf 82' lang='lat' dir='ltr'><strong>opifex</strong></span> <span class='ocrx_word' id='word_1_534' title='bbox 2365 1097 2454 1154; x_wconf 90' lang='lat' dir='ltr'><strong>ille</strong></span> <span class='ocrx_word' id='word_1_535' title='bbox 2469 1098 2954 1165; x_wconf 88' lang='lat' dir='ltr'><strong>tabernaculorum,</strong></span> <span class='ocrx_word' id='word_1_536' title='bbox 2977 1099 3166 1154; x_wconf 89' lang='lat' dir='ltr'><strong>doctor</strong></span> <span class='ocrx_word' id='word_1_537' title='bbox 3184 1099 3328 1154; x_wconf 91' lang='lat' dir='ltr'><strong>orbis</strong></span> <span class='ocrx_word' id='word_1_538' title='bbox 3358 1110 3639 1164; x_wconf 91' lang='lat' dir='ltr'><strong>terrarum,</strong></span> <span class='ocrx_word' id='word_1_539' title='bbox 3665 1103 3757 1168; x_wconf 88' lang='lat' dir='ltr'><strong>qui</strong></span> 
     </span>
    </p>
   </div>
   <div class='ocr_carea' id='block_1_71' title="bbox 2165 1189 3758 1260">
    <p class='ocr_par' dir='ltr' id='par_1_71' title="bbox 2165 1189 3758 1260">
     <span class='ocr_line' id='line_1_71' title="bbox 2165 1189 3758 1260; baseline 0.001 -17"><span class='ocrx_word' id='word_1_540' title='bbox 2165 1205 2314 1244; x_wconf 90' lang='lat' dir='ltr'><strong>mare</strong></span> <span class='ocrx_word' id='word_1_541' title='bbox 2345 1198 2613 1260; x_wconf 86' lang='lat' dir='ltr'><strong>tamquam</strong></span> <span class='ocrx_word' id='word_1_542' title='bbox 2641 1189 2811 1245; x_wconf 90' lang='lat' dir='ltr'><strong>alatus</strong></span> <span class='ocrx_word' id='word_1_543' title='bbox 2842 1191 3123 1260; x_wconf 88' lang='lat' dir='ltr'><strong>percurrit,</strong></span> <span class='ocrx_word' id='word_1_544' title='bbox 3149 1207 3243 1246; x_wconf 90' lang='lat' dir='ltr'><strong>vas</strong></span> <span class='ocrx_word' id='word_1_545' title='bbox 3271 1190 3570 1253; x_wconf 90' lang='lat' dir='ltr'><strong>electionis,</strong></span> <span class='ocrx_word' id='word_1_546' title='bbox 3595 1191 3758 1245; x_wconf 78' lang='lat' dir='ltr'><strong>Chri-</strong></span> 
     </span>
    </p>
   </div>
   <div class='ocr_carea' id='block_1_72' title="bbox 2166 1282 3756 1354">
    <p class='ocr_par' dir='ltr' id='par_1_72' title="bbox 2166 1282 3756 1354">
     <span class='ocr_line' id='line_1_72' title="bbox 2166 1282 3756 1354; baseline 0.003 -19"><span class='ocrx_word' id='word_1_547' title='bbox 2166 1282 2234 1336; x_wconf 91' lang='lat' dir='ltr'><strong>sti</strong></span> <span class='ocrx_word' id='word_1_548' title='bbox 2262 1283 2564 1351; x_wconf 90' lang='lat' dir='ltr'><strong>nuptiarum</strong></span> <span class='ocrx_word' id='word_1_549' title='bbox 2591 1297 2812 1353; x_wconf 84' lang='lat' dir='ltr'><strong>auspex,</strong></span> <span class='ocrx_word' id='word_1_550' title='bbox 2841 1284 3095 1338; x_wconf 69' lang='lat' dir='ltr'><strong>Eeclesire</strong></span> <span class='ocrx_word' id='word_1_551' title='bbox 3123 1284 3390 1350; x_wconf 84' lang='lat' dir='ltr'><strong>fundator,</strong></span> <span class='ocrx_word' id='word_1_552' title='bbox 3420 1285 3634 1354; x_wconf 87' lang='lat' dir='ltr'><strong>sapiens</strong></span> <span class='ocrx_word' id='word_1_553' title='bbox 3668 1301 3756 1339; x_wconf 89' lang='lat' dir='ltr'><strong>ar-</strong></span> 
     </span>
    </p>
   </div>
   <div class='ocr_carea' id='block_1_73' title="bbox 2165 1372 3758 1447">
    <p class='ocr_par' dir='ltr' id='par_1_73' title="bbox 2165 1372 3758 1447">
     <span class='ocr_line' id='line_1_73' title="bbox 2165 1372 3758 1447; baseline 0.004 -21"><span class='ocrx_word' id='word_1_554' title='bbox 2165 1372 2446 1437; x_wconf 89' lang='lat' dir='ltr'><strong>chitectus,</strong></span> <span class='ocrx_word' id='word_1_555' title='bbox 2499 1389 2694 1443; x_wconf 68' lang='lat' dir='ltr'><strong>prmco,</strong></span> <span class='ocrx_word' id='word_1_556' title='bbox 2746 1388 2953 1440; x_wconf 90' lang='lat' dir='ltr'><strong>cursor,</strong></span> <span class='ocrx_word' id='word_1_557' title='bbox 3003 1375 3226 1443; x_wconf 88' lang='lat' dir='ltr'><strong>athleta,</strong></span> <span class='ocrx_word' id='word_1_558' title='bbox 3283 1377 3460 1444; x_wconf 88' lang='lat' dir='ltr'><strong>miles,</strong></span> <span class='ocrx_word' id='word_1_559' title='bbox 3493 1379 3758 1447; x_wconf 67' lang='lat' dir='ltr'><strong>palzestrm</strong></span> 
     </span>
    </p>
   </div>
   <div class='ocr_carea' id='block_1_74' title="bbox 2167 1462 3756 1534">
    <p class='ocr_par' dir='ltr' id='par_1_74' title="bbox 2167 1462 3756 1534">
     <span class='ocr_line' id='line_1_74' title="bbox 2167 1462 3756 1534; baseline 0.006 -20"><span class='ocrx_word' id='word_1_560' title='bbox 2167 1462 2438 1532; x_wconf 90' lang='lat' dir='ltr'><strong>magister,</strong></span> <span class='ocrx_word' id='word_1_561' title='bbox 2479 1468 2568 1533; x_wconf 88' lang='lat' dir='ltr'><strong>qui</strong></span> <span class='ocrx_word' id='word_1_562' title='bbox 2596 1464 2792 1534; x_wconf 92' lang='lat' dir='ltr'><strong>ubique</strong></span> <span class='ocrx_word' id='word_1_563' title='bbox 2824 1475 3089 1520; x_wconf 89' lang='lat' dir='ltr'><strong>terrarum</strong></span> <span class='ocrx_word' id='word_1_564' title='bbox 3119 1477 3465 1523; x_wconf 88' lang='lat' dir='ltr'><strong>monumenta</strong></span> <span class='ocrx_word' id='word_1_565' title='bbox 3501 1485 3612 1523; x_wconf 75' lang='lat' dir='ltr'><strong>sua:</strong></span> <span class='ocrx_word' id='word_1_566' title='bbox 3643 1484 3756 1523; x_wconf 56' lang='lat' dir='ltr'><strong>viro</strong></span> 
     </span>
    </p>
   </div>
   <div class='ocr_carea' id='block_1_75' title="bbox 2168 1555 3760 1626">
    <p class='ocr_par' dir='ltr' id='par_1_75' title="bbox 2168 1555 3760 1626">
     <span class='ocr_line' id='line_1_75' title="bbox 2168 1555 3760 1626; baseline 0.003 -18"><span class='ocrx_word' id='word_1_567' title='bbox 2168 1556 2294 1608; x_wconf 90' lang='lat' dir='ltr'><strong>tutis</strong></span> <span class='ocrx_word' id='word_1_568' title='bbox 2319 1555 2553 1626; x_wconf 90' lang='lat' dir='ltr'><strong>reliquit,</strong></span> <span class='ocrx_word' id='word_1_569' title='bbox 2581 1556 2672 1626; x_wconf 90' lang='lat' dir='ltr'><strong>qui</strong></span> <span class='ocrx_word' id='word_1_570' title='bbox 2700 1558 2912 1611; x_wconf 91' lang='lat' dir='ltr'><strong>tertium</strong></span> <span class='ocrx_word' id='word_1_571' title='bbox 2942 1558 2994 1610; x_wconf 91' lang='lat' dir='ltr'><strong>in</strong></span> <span class='ocrx_word' id='word_1_572' title='bbox 3024 1559 3212 1612; x_wconf 62' lang='lat' dir='ltr'><strong>caelum</strong></span> <span class='ocrx_word' id='word_1_573' title='bbox 3249 1569 3374 1613; x_wconf 89' lang='lat' dir='ltr'><strong>ante</strong></span> <span class='ocrx_word' id='word_1_574' title='bbox 3403 1561 3760 1614; x_wconf 83' lang='lat' dir='ltr'><strong>resurrectio-</strong></span> 
     </span>
    </p>
   </div>
   <div class='ocr_carea' id='block_1_76' title="bbox 2170 1647 3758 1721">
    <p class='ocr_par' dir='ltr' id='par_1_76' title="bbox 2170 1647 3758 1721">
     <span class='ocr_line' id='line_1_76' title="bbox 2170 1647 3758 1721; baseline 0.004 -22"><span class='ocrx_word' id='word_1_575' title='bbox 2170 1661 2292 1700; x_wconf 91' lang='lat' dir='ltr'><strong>nem</strong></span> <span class='ocrx_word' id='word_1_576' title='bbox 2335 1655 2518 1715; x_wconf 88' lang='lat' dir='ltr'><strong>raptus</strong></span> <span class='ocrx_word' id='word_1_577' title='bbox 2549 1655 2651 1712; x_wconf 90' lang='lat' dir='ltr'><strong>est,</strong></span> <span class='ocrx_word' id='word_1_578' title='bbox 2681 1647 2768 1716; x_wconf 90' lang='lat' dir='ltr'><strong>qui</strong></span> <span class='ocrx_word' id='word_1_579' title='bbox 2798 1647 2851 1702; x_wconf 90' lang='lat' dir='ltr'><strong>in</strong></span> <span class='ocrx_word' id='word_1_580' title='bbox 2880 1648 3180 1718; x_wconf 90' lang='lat' dir='ltr'><strong>paradisum</strong></span> <span class='ocrx_word' id='word_1_581' title='bbox 3212 1649 3472 1716; x_wconf 90' lang='lat' dir='ltr'><strong>sublatus,</strong></span> <span class='ocrx_word' id='word_1_582' title='bbox 3514 1651 3604 1720; x_wconf 85' lang='lat' dir='ltr'><strong>qui</strong></span> <span class='ocrx_word' id='word_1_583' title='bbox 3634 1667 3758 1721; x_wconf 71' lang='lat' dir='ltr'><strong>my-</strong></span> 
     </span>
    </p>
   </div>
   <div class='ocr_carea' id='block_1_77' title="bbox 2169 1741 3761 1814">
    <p class='ocr_par' dir='ltr' id='par_1_77' title="bbox 2169 1741 3761 1814">
     <span class='ocr_line' id='line_1_77' title="bbox 2169 1741 3761 1814; baseline 0.001 -19"><span class='ocrx_word' id='word_1_584' title='bbox 2169 1741 2450 1796; x_wconf 91' lang='lat' dir='ltr'><strong>sleriorum</strong></span> <span class='ocrx_word' id='word_1_585' title='bbox 2483 1741 2828 1796; x_wconf 80' lang='lat' dir='ltr'><strong>ineil‘abilium</strong></span> <span class='ocrx_word' id='word_1_586' title='bbox 2861 1744 3125 1814; x_wconf 88' lang='lat' dir='ltr'><strong>particeps</strong></span> <span class='ocrx_word' id='word_1_587' title='bbox 3151 1758 3179 1796; x_wconf 92' lang='lat' dir='ltr'><strong>a</strong></span> <span class='ocrx_word' id='word_1_588' title='bbox 3213 1743 3324 1798; x_wconf 88' lang='lat' dir='ltr'><strong>Deo</strong></span> <span class='ocrx_word' id='word_1_589' title='bbox 3350 1743 3539 1809; x_wconf 90' lang='lat' dir='ltr'><strong>factus,</strong></span> <span class='ocrx_word' id='word_1_590' title='bbox 3569 1745 3659 1814; x_wconf 92' lang='lat' dir='ltr'><strong>qui</strong></span> <span class='ocrx_word' id='word_1_591' title='bbox 3681 1754 3761 1797; x_wconf 86' lang='lat' dir='ltr'><strong>ta-</strong></span> 
     </span>
    </p>
   </div>
   <div class='ocr_carea' id='block_1_78' title="bbox 2169 1831 3760 1906">
    <p class='ocr_par' dir='ltr' id='par_1_78' title="bbox 2169 1831 3760 1906">
     <span class='ocr_line' id='line_1_78' title="bbox 2169 1831 3760 1906; baseline 0.003 -21"><span class='ocrx_word' id='word_1_592' title='bbox 2169 1831 2237 1885; x_wconf 91' lang='lat' dir='ltr'><strong>lia</strong></span> <span class='ocrx_word' id='word_1_593' title='bbox 2260 1832 2460 1886; x_wconf 91' lang='lat' dir='ltr'><strong>audivit</strong></span> <span class='ocrx_word' id='word_1_594' title='bbox 2487 1842 2541 1887; x_wconf 90' lang='lat' dir='ltr'><strong>et</strong></span> <span class='ocrx_word' id='word_1_595' title='bbox 2570 1833 2818 1902; x_wconf 89' lang='lat' dir='ltr'><strong>loquutus</strong></span> <span class='ocrx_word' id='word_1_596' title='bbox 2838 1844 2940 1899; x_wconf 91' lang='lat' dir='ltr'><strong>est,</strong></span> <span class='ocrx_word' id='word_1_597' title='bbox 2968 1850 3089 1904; x_wconf 76' lang='lat' dir='ltr'><strong>qua:</strong></span> <span class='ocrx_word' id='word_1_598' title='bbox 3111 1843 3312 1889; x_wconf 71' lang='lat' dir='ltr'><strong>natura:</strong></span> <span class='ocrx_word' id='word_1_599' title='bbox 3334 1835 3477 1906; x_wconf 92' lang='lat' dir='ltr'><strong>loqui</strong></span> <span class='ocrx_word' id='word_1_600' title='bbox 3505 1851 3608 1890; x_wconf 90' lang='lat' dir='ltr'><strong>non</strong></span> <span class='ocrx_word' id='word_1_601' title='bbox 3633 1838 3760 1891; x_wconf 66' lang='lat' dir='ltr'><strong>licet</strong></span> 
     </span>
    </p>
   </div>
   <div class='ocr_carea' id='block_1_79' title="bbox 2169 1925 3759 1998">
    <p class='ocr_par' dir='ltr' id='par_1_79' title="bbox 2169 1925 3759 1998">
     <span class='ocr_line' id='line_1_79' title="bbox 2169 1925 3759 1998; baseline 0.002 -20"><span class='ocrx_word' id='word_1_602' title='bbox 2169 1925 2438 1990; x_wconf 71' lang='lat' dir='ltr'><strong>humanae,</strong></span> <span class='ocrx_word' id='word_1_603' title='bbox 2471 1925 2560 1995; x_wconf 92' lang='lat' dir='ltr'><strong>qui</strong></span> <span class='ocrx_word' id='word_1_604' title='bbox 2587 1926 2810 1995; x_wconf 87' lang='lat' dir='ltr'><strong>gratiam</strong></span> <span class='ocrx_word' id='word_1_605' title='bbox 2838 1927 3194 1995; x_wconf 89' lang='lat' dir='ltr'><strong>e0piosiorem</strong></span> <span class='ocrx_word' id='word_1_606' title='bbox 3225 1927 3473 1992; x_wconf 85' lang='lat' dir='ltr'><strong>obtinuit,</strong></span> <span class='ocrx_word' id='word_1_607' title='bbox 3505 1938 3559 1984; x_wconf 92' lang='lat' dir='ltr'><strong>et</strong></span> <span class='ocrx_word' id='word_1_608' title='bbox 3581 1928 3759 1998; x_wconf 84' lang='lat' dir='ltr'><strong>majo-</strong></span> 
     </span>
    </p>
   </div>
   <div class='ocr_carea' id='block_1_80' title="bbox 2169 2015 3758 2087">
    <p class='ocr_par' dir='ltr' id='par_1_80' title="bbox 2169 2015 3758 2087">
     <span class='ocr_line' id='line_1_80' title="bbox 2169 2015 3758 2087; baseline 0.001 -17"><span class='ocrx_word' id='word_1_609' title='bbox 2169 2032 2280 2071; x_wconf 91' lang='lat' dir='ltr'><strong>rem</strong></span> <span class='ocrx_word' id='word_1_610' title='bbox 2312 2015 2549 2070; x_wconf 91' lang='lat' dir='ltr'><strong>laborcm</strong></span> <span class='ocrx_word' id='word_1_611' title='bbox 2581 2016 2854 2070; x_wconf 84' lang='lat' dir='ltr'><strong>exhibuit?</strong></span> <span class='ocrx_word' id='word_1_612' title='bbox 2881 2017 3005 2072; x_wconf 90' lang='lat' dir='ltr'><strong>Plus</strong></span> <span class='ocrx_word' id='word_1_613' title='bbox 3048 2027 3224 2072; x_wconf 90' lang='lat' dir='ltr'><strong>autem</strong></span> <span class='ocrx_word' id='word_1_614' title='bbox 3269 2034 3430 2087; x_wconf 30' lang='lat' dir='ltr'><strong>quam,</strong></span> <span class='ocrx_word' id='word_1_615' title='bbox 3475 2035 3665 2074; x_wconf 89' lang='lat' dir='ltr'><strong>omnes</strong></span> <span class='ocrx_word' id='word_1_616' title='bbox 3693 2035 3719 2072; x_wconf 94' lang='lat' dir='ltr'><strong>s</strong></span> <span class='ocrx_word' id='word_1_617' title='bbox 3747 2039 3758 2052; x_wconf 83' lang='lat'><strong>-</strong></span> 
     </span>
    </p>
   </div>
   <div class='ocr_carea' id='block_1_81' title="bbox 2170 2107 3761 2177">
    <p class='ocr_par' dir='ltr' id='par_1_81' title="bbox 2170 2107 3761 2177">
     <span class='ocr_line' id='line_1_81' title="bbox 2170 2107 3761 2177; baseline 0.003 -16"><span class='ocrx_word' id='word_1_618' title='bbox 2170 2107 2461 2170; x_wconf 87' lang='lat' dir='ltr'><strong>laborasse,</strong></span> <span class='ocrx_word' id='word_1_619' title='bbox 2520 2107 2691 2177; x_wconf 88' lang='lat' dir='ltr'><strong>ipsum</strong></span> <span class='ocrx_word' id='word_1_620' title='bbox 2745 2108 3013 2163; x_wconf 89' lang='lat' dir='ltr'><strong>dicentem</strong></span> <span class='ocrx_word' id='word_1_621' title='bbox 3063 2110 3224 2164; x_wconf 89' lang='lat' dir='ltr'><strong>audi:</strong></span> <span class='ocrx_word' id='word_1_622' title='bbox 3267 2111 3617 2166; x_wconf 79' lang='lat' dir='ltr'><strong>Abundantius</strong></span> <span class='ocrx_word' id='word_1_623' title='bbox 3656 2111 3761 2166; x_wconf 82' lang='lat' dir='ltr'><strong>illis</strong></span> 
     </span>
    </p>
   </div>
   <div class='ocr_carea' id='block_1_82' title="bbox 2169 2199 3762 2272">
    <p class='ocr_par' dir='ltr' id='par_1_82' title="bbox 2169 2199 3762 2272">
     <span class='ocr_line' id='line_1_82' title="bbox 2169 2199 3762 2272; baseline 0.002 -19"><span class='ocrx_word' id='word_1_624' title='bbox 2169 2199 2398 2254; x_wconf 88' lang='lat' dir='ltr'><strong>onmibus</strong></span> <span class='ocrx_word' id='word_1_625' title='bbox 2424 2199 2646 2254; x_wconf 79' lang='lat' dir='ltr'><strong>laboravi</strong></span> <span class='ocrx_word' id='word_1_626' title='bbox 2675 2199 2750 2272; x_wconf 88' lang='grc'><strong>(1.</strong></span> <span class='ocrx_word' id='word_1_627' title='bbox 2792 2199 2910 2255; x_wconf 88' lang='lat' dir='ltr'><strong>Cor.</strong></span> <span class='ocrx_word' id='word_1_628' title='bbox 2955 2202 3042 2256; x_wconf 85' lang='lat' dir='ltr'><strong>l5.</strong></span> <span class='ocrx_word' id='word_1_629' title='bbox 3092 2200 3220 2269; x_wconf 85' lang='lat' dir='ltr'><strong>l0):</strong></span> <span class='ocrx_word' id='word_1_630' title='bbox 3244 2202 3383 2271; x_wconf 90' lang='lat' dir='ltr'><strong>quod</strong></span> <span class='ocrx_word' id='word_1_631' title='bbox 3411 2204 3456 2256; x_wconf 90' lang='lat' dir='ltr'><strong>si</strong></span> <span class='ocrx_word' id='word_1_632' title='bbox 3484 2203 3762 2258; x_wconf 89' lang='lat' dir='ltr'><strong>abundan-</strong></span> 
     </span>
    </p>
   </div>
   <div class='ocr_carea' id='block_1_83' title="bbox 2171 2291 3760 2359">
    <p class='ocr_par' dir='ltr' id='par_1_83' title="bbox 2171 2291 3760 2359">
     <span class='ocr_line' id='line_1_83' title="bbox 2171 2291 3760 2359; baseline 0.003 -15"><span class='ocrx_word' id='word_1_633' title='bbox 2171 2291 2296 2356; x_wconf 89' lang='lat' dir='ltr'><strong>tius,</strong></span> <span class='ocrx_word' id='word_1_634' title='bbox 2348 2305 2506 2359; x_wconf 89' lang='lat' dir='ltr'><strong>quam</strong></span> <span class='ocrx_word' id='word_1_635' title='bbox 2553 2307 2762 2354; x_wconf 91' lang='lat' dir='ltr'><strong>omnes,</strong></span> <span class='ocrx_word' id='word_1_636' title='bbox 2809 2291 3022 2346; x_wconf 88' lang='lat' dir='ltr'><strong>labores</strong></span> <span class='ocrx_word' id='word_1_637' title='bbox 3073 2294 3343 2356; x_wconf 87' lang='lat' dir='ltr'><strong>sustinuit,</strong></span> <span class='ocrx_word' id='word_1_638' title='bbox 3397 2293 3760 2348; x_wconf 90' lang='lat' dir='ltr'><strong>abundantius</strong></span> 
     </span>
    </p>
   </div>
   <div class='ocr_carea' id='block_1_84' title="bbox 2169 2383 3762 2457">
    <p class='ocr_par' dir='ltr' id='par_1_84' title="bbox 2169 2383 3762 2457">
     <span class='ocr_line' id='line_1_84' title="bbox 2169 2383 3762 2457; baseline 0.003 -20"><span class='ocrx_word' id='word_1_639' title='bbox 2169 2383 2330 2437; x_wconf 87' lang='lat' dir='ltr'><strong>etiam</strong></span> <span class='ocrx_word' id='word_1_640' title='bbox 2357 2384 2716 2438; x_wconf 89' lang='lat' dir='ltr'><strong>eoronabitur.</strong></span> <span class='ocrx_word' id='word_1_641' title='bbox 2750 2383 3102 2457; x_wconf 84' lang='lat' dir='ltr'><strong>Unusquisque</strong></span> <span class='ocrx_word' id='word_1_642' title='bbox 3129 2387 3259 2439; x_wconf 88' lang='lat' dir='ltr'><strong>enim</strong></span> <span class='ocrx_word' id='word_1_643' title='bbox 3288 2389 3544 2456; x_wconf 82' lang='lat' dir='ltr'><strong>praprinm</strong></span> <span class='ocrx_word' id='word_1_644' title='bbox 3569 2404 3762 2441; x_wconf 87' lang='lat' dir='ltr'><strong>merce-</strong></span> 
     </span>
    </p>
   </div>
   <div class='ocr_carea' id='block_1_85' title="bbox 2169 2473 3762 2551">
    <p class='ocr_par' dir='ltr' id='par_1_85' title="bbox 2169 2473 3762 2551">
     <span class='ocr_line' id='line_1_85' title="bbox 2169 2473 3762 2551; baseline 0.006 -23"><span class='ocrx_word' id='word_1_645' title='bbox 2169 2473 2282 2528; x_wconf 89' lang='lat' dir='ltr'><strong>dem</strong></span> <span class='ocrx_word' id='word_1_646' title='bbox 2331 2475 2541 2545; x_wconf 84' lang='lat' dir='ltr'><strong>accipiet</strong></span> <span class='ocrx_word' id='word_1_647' title='bbox 2563 2475 2838 2530; x_wconf 86' lang='lat' dir='ltr'><strong>secundum</strong></span> <span class='ocrx_word' id='word_1_648' title='bbox 2884 2479 3146 2546; x_wconf 86' lang='lat' dir='ltr'><strong>proprium</strong></span> <span class='ocrx_word' id='word_1_649' title='bbox 3184 2479 3404 2532; x_wconf 78' lang='lat' dir='ltr'><strong>laborem</strong></span> <span class='ocrx_word' id='word_1_650' title='bbox 3435 2478 3545 2551; x_wconf 90' lang='lat' dir='ltr'><strong>(Id.</strong></span> <span class='ocrx_word' id='word_1_651' title='bbox 3582 2482 3636 2536; x_wconf 76' lang='lat'><strong>5.</strong></span> <span class='ocrx_word' id='word_1_652' title='bbox 3677 2482 3762 2546; x_wconf 70' lang='lat'><strong>8}.</strong></span> 
     </span>
    </p>
   </div>
   <div class='ocr_carea' id='block_1_86' title="bbox 2171 2565 3759 2640">
    <p class='ocr_par' dir='ltr' id='par_1_86' title="bbox 2171 2565 3759 2640">
     <span class='ocr_line' id='line_1_86' title="bbox 2171 2565 3759 2640; baseline 0.003 -22"><span class='ocrx_word' id='word_1_653' title='bbox 2171 2565 2226 2619; x_wconf 89' lang='lat' dir='ltr'><strong>Si</strong></span> <span class='ocrx_word' id='word_1_654' title='bbox 2257 2580 2386 2637; x_wconf 88' lang='lat' dir='ltr'><strong>ergo</strong></span> <span class='ocrx_word' id='word_1_655' title='bbox 2414 2567 2668 2635; x_wconf 90' lang='lat' dir='ltr'><strong>majorem</strong></span> <span class='ocrx_word' id='word_1_656' title='bbox 2693 2583 2851 2636; x_wconf 90' lang='lat' dir='ltr'><strong>quam</strong></span> <span class='ocrx_word' id='word_1_657' title='bbox 2882 2569 3121 2639; x_wconf 85' lang='lat' dir='ltr'><strong>Apostoli</strong></span> <span class='ocrx_word' id='word_1_658' title='bbox 3151 2584 3402 2624; x_wconf 89' lang='lat' dir='ltr'><strong>coronam</strong></span> <span class='ocrx_word' id='word_1_659' title='bbox 3433 2571 3625 2640; x_wconf 87' lang='lat' dir='ltr'><strong>accipit</strong></span> <span class='ocrx_word' id='word_1_660' title='bbox 3643 2572 3759 2640; x_wconf 81' lang='lat' dir='ltr'><strong>(ue-</strong></span> 
     </span>
    </p>
   </div>
   <div class='ocr_carea' id='block_1_87' title="bbox 2173 2659 3761 2730">
    <p class='ocr_par' dir='ltr' id='par_1_87' title="bbox 2173 2659 3761 2730">
     <span class='ocr_line' id='line_1_87' title="bbox 2173 2659 3761 2730; baseline 0.004 -20"><span class='ocrx_word' id='word_1_661' title='bbox 2173 2673 2261 2711; x_wconf 90' lang='lat' dir='ltr'><strong>mo</strong></span> <span class='ocrx_word' id='word_1_662' title='bbox 2290 2671 2451 2727; x_wconf 90' lang='lat' dir='ltr'><strong>porro</strong></span> <span class='ocrx_word' id='word_1_663' title='bbox 2478 2659 2648 2727; x_wconf 90' lang='lat' dir='ltr'><strong>potuit</strong></span> <span class='ocrx_word' id='word_1_664' title='bbox 2671 2659 2956 2728; x_wconf 90' lang='lat' dir='ltr'><strong>Apostolos</strong></span> <span class='ocrx_word' id='word_1_665' title='bbox 2984 2675 3220 2729; x_wconf 84' lang='lat' dir='ltr'><strong>aequare,</strong></span> <span class='ocrx_word' id='word_1_666' title='bbox 3247 2661 3440 2730; x_wconf 86' lang='lat' dir='ltr'><strong>quibus</strong></span> <span class='ocrx_word' id='word_1_667' title='bbox 3469 2660 3553 2715; x_wconf 88' lang='lat' dir='ltr'><strong>hic</strong></span> <span class='ocrx_word' id='word_1_668' title='bbox 3578 2671 3761 2717; x_wconf 91' lang='lat' dir='ltr'><strong>tamen</strong></span> 
     </span>
    </p>
   </div>
   <div class='ocr_carea' id='block_1_88' title="bbox 2171 2749 3762 2823">
    <p class='ocr_par' dir='ltr' id='par_1_88' title="bbox 2171 2749 3762 2823">
     <span class='ocr_line' id='line_1_88' title="bbox 2171 2749 3762 2823; baseline 0.003 -19"><span class='ocrx_word' id='word_1_669' title='bbox 2171 2750 2344 2820; x_wconf 90' lang='lat' dir='ltr'><strong>major</strong></span> <span class='ocrx_word' id='word_1_670' title='bbox 2373 2749 2525 2821; x_wconf 90' lang='lat' dir='ltr'><strong>fuit):</strong></span> <span class='ocrx_word' id='word_1_671' title='bbox 2555 2751 2696 2806; x_wconf 90' lang='lat' dir='ltr'><strong>haud</strong></span> <span class='ocrx_word' id='word_1_672' title='bbox 2725 2751 2942 2807; x_wconf 90' lang='lat' dir='ltr'><strong>dubium</strong></span> <span class='ocrx_word' id='word_1_673' title='bbox 2981 2753 3108 2823; x_wconf 92' lang='lat' dir='ltr'><strong>quin</strong></span> <span class='ocrx_word' id='word_1_674' title='bbox 3135 2769 3442 2823; x_wconf 91' lang='lat' dir='ltr'><strong>supremum</strong></span> <span class='ocrx_word' id='word_1_675' title='bbox 3474 2753 3622 2808; x_wconf 91' lang='lat' dir='ltr'><strong>illum</strong></span> <span class='ocrx_word' id='word_1_676' title='bbox 3655 2754 3762 2808; x_wconf 88' lang='lat' dir='ltr'><strong>ho-</strong></span> 
     </span>
    </p>
   </div>
   <div class='ocr_carea' id='block_1_89' title="bbox 2173 2843 3763 2915">
    <p class='ocr_par' dir='ltr' id='par_1_89' title="bbox 2173 2843 3763 2915">
     <span class='ocr_line' id='line_1_89' title="bbox 2173 2843 3763 2915; baseline 0 -20"><span class='ocrx_word' id='word_1_677' title='bbox 2173 2857 2359 2896; x_wconf 90' lang='lat' dir='ltr'><strong>norem</strong></span> <span class='ocrx_word' id='word_1_678' title='bbox 2385 2851 2440 2897; x_wconf 93' lang='lat' dir='ltr'><strong>et</strong></span> <span class='ocrx_word' id='word_1_679' title='bbox 2464 2843 2608 2898; x_wconf 90' lang='lat' dir='ltr'><strong>sedis</strong></span> <span class='ocrx_word' id='word_1_680' title='bbox 2629 2845 3028 2914; x_wconf 71' lang='lat' dir='ltr'><strong>prterogativam</strong></span> <span class='ocrx_word' id='word_1_681' title='bbox 3053 2845 3124 2898; x_wconf 89' lang='lat' dir='ltr'><strong>sit</strong></span> <span class='ocrx_word' id='word_1_682' title='bbox 3151 2853 3612 2914; x_wconf 90' lang='lat' dir='ltr'><strong>consequuturus:</strong></span> <span class='ocrx_word' id='word_1_683' title='bbox 3639 2845 3763 2915; x_wconf 74' lang='lat' dir='ltr'><strong>quis</strong></span> 
     </span>
    </p>
   </div>
   <div class='ocr_carea' id='block_1_90' title="bbox 2174 2935 3765 3008">
    <p class='ocr_par' dir='ltr' id='par_1_90' title="bbox 2174 2935 3765 3008">
     <span class='ocr_line' id='line_1_90' title="bbox 2174 2935 3765 3008; baseline 0.003 -20"><span class='ocrx_word' id='word_1_684' title='bbox 2174 2935 2323 2989; x_wconf 93' lang='lat' dir='ltr'><strong>illum</strong></span> <span class='ocrx_word' id='word_1_685' title='bbox 2350 2937 2508 3006; x_wconf 87' lang='lat' dir='ltr'><strong>igitur</strong></span> <span class='ocrx_word' id='word_1_686' title='bbox 2533 2937 2845 2991; x_wconf 89' lang='lat' dir='ltr'><strong>coronabit?</strong></span> <span class='ocrx_word' id='word_1_687' title='bbox 2870 2936 3046 3008; x_wconf 84' lang='lat' dir='ltr'><strong>Ipsum</strong></span> <span class='ocrx_word' id='word_1_688' title='bbox 3073 2937 3338 2993; x_wconf 88' lang='lat' dir='ltr'><strong>dicentem</strong></span> <span class='ocrx_word' id='word_1_689' title='bbox 3369 2938 3490 2993; x_wconf 89' lang='lat' dir='ltr'><strong>audi</strong></span> <span class='ocrx_word' id='word_1_690' title='bbox 3519 2957 3533 2992; x_wconf 92' lang='lat'><strong>:</strong></span> <span class='ocrx_word' id='word_1_691' title='bbox 3557 2938 3765 2993; x_wconf 77' lang='lat' dir='ltr'><strong>Bonum</strong></span> 
     </span>
    </p>
   </div>
   <div class='ocr_carea' id='block_1_91' title="bbox 2173 3029 3762 3098">
    <p class='ocr_par' dir='ltr' id='par_1_91' title="bbox 2173 3029 3762 3098">
     <span class='ocr_line' id='line_1_91' title="bbox 2173 3029 3762 3098; baseline 0.002 -17"><span class='ocrx_word' id='word_1_692' title='bbox 2173 3037 2424 3081; x_wconf 84' lang='lat' dir='ltr'><strong>certamen</strong></span> <span class='ocrx_word' id='word_1_693' title='bbox 2445 3029 2653 3096; x_wconf 82' lang='lat' dir='ltr'><strong>certavi,</strong></span> <span class='ocrx_word' id='word_1_694' title='bbox 2680 3046 2883 3083; x_wconf 87' lang='lat' dir='ltr'><strong>cursum</strong></span> <span class='ocrx_word' id='word_1_695' title='bbox 2901 3031 3263 3097; x_wconf 84' lang='lat' dir='ltr'><strong>consummavi,</strong></span> <span class='ocrx_word' id='word_1_696' title='bbox 3285 3031 3439 3098; x_wconf 76' lang='lat' dir='ltr'><strong>ﬁdem</strong></span> <span class='ocrx_word' id='word_1_697' title='bbox 3463 3033 3671 3085; x_wconf 79' lang='lat' dir='ltr'><strong>seruaui.</strong></span> <span class='ocrx_word' id='word_1_698' title='bbox 3691 3031 3762 3085; x_wconf 87' lang='lat' dir='ltr'><strong>In</strong></span> 
     </span>
    </p>
   </div>
   <div class='ocr_carea' id='block_1_92' title="bbox 2172 3118 3763 3192">
    <p class='ocr_par' dir='ltr' id='par_1_92' title="bbox 2172 3118 3763 3192">
     <span class='ocr_line' id='line_1_92' title="bbox 2172 3118 3763 3192; baseline 0.002 -21"><span class='ocrx_word' id='word_1_699' title='bbox 2172 3118 2365 3189; x_wconf 84' lang='lat' dir='ltr'><strong>reliquo</strong></span> <span class='ocrx_word' id='word_1_700' title='bbox 2390 3121 2611 3190; x_wconf 88' lang='lat' dir='ltr'><strong>reposita</strong></span> <span class='ocrx_word' id='word_1_701' title='bbox 2639 3129 2712 3174; x_wconf 89' lang='lat' dir='ltr'><strong>est</strong></span> <span class='ocrx_word' id='word_1_702' title='bbox 2753 3120 2877 3172; x_wconf 83' lang='lat' dir='ltr'><strong>mihi</strong></span> <span class='ocrx_word' id='word_1_703' title='bbox 2905 3137 3092 3174; x_wconf 86' lang='lat' dir='ltr'><strong>corona</strong></span> <span class='ocrx_word' id='word_1_704' title='bbox 3111 3121 3345 3190; x_wconf 74' lang='lat' dir='ltr'><strong>justitiae,</strong></span> <span class='ocrx_word' id='word_1_705' title='bbox 3393 3138 3543 3192; x_wconf 89' lang='lat' dir='ltr'><strong>quam</strong></span> <span class='ocrx_word' id='word_1_706' title='bbox 3585 3123 3763 3176; x_wconf 83' lang='lat' dir='ltr'><strong>reddet</strong></span> 
     </span>
    </p>
   </div>
   <div class='ocr_carea' id='block_1_93' title="bbox 2172 3207 3760 3282">
    <p class='ocr_par' dir='ltr' id='par_1_93' title="bbox 2172 3207 3760 3282">
     <span class='ocr_line' id='line_1_93' title="bbox 2172 3207 3760 3282; baseline 0.003 -20"><span class='ocrx_word' id='word_1_707' title='bbox 2172 3209 2299 3263; x_wconf 81' lang='lat' dir='ltr'><strong>mihi</strong></span> <span class='ocrx_word' id='word_1_708' title='bbox 2335 3207 2585 3265; x_wconf 83' lang='lat' dir='ltr'><strong>Dominus</strong></span> <span class='ocrx_word' id='word_1_709' title='bbox 2606 3211 2660 3264; x_wconf 90' lang='lat' dir='ltr'><strong>in</strong></span> <span class='ocrx_word' id='word_1_710' title='bbox 2686 3212 2778 3266; x_wconf 89' lang='lat' dir='ltr'><strong>illa</strong></span> <span class='ocrx_word' id='word_1_711' title='bbox 2805 3213 2888 3264; x_wconf 91' lang='lat' dir='ltr'><strong>die</strong></span> <span class='ocrx_word' id='word_1_712' title='bbox 2905 3212 3079 3281; x_wconf 86' lang='lat' dir='ltr'><strong>justus</strong></span> <span class='ocrx_word' id='word_1_713' title='bbox 3110 3212 3276 3282; x_wconf 82' lang='lat' dir='ltr'><strong>judea:</strong></span> <span class='ocrx_word' id='word_1_714' title='bbox 3304 3211 3380 3282; x_wconf 83' lang='lat'><strong>(2.</strong></span> <span class='ocrx_word' id='word_1_715' title='bbox 3421 3211 3556 3266; x_wconf 85' lang='lat' dir='ltr'><strong>Tim.</strong></span> <span class='ocrx_word' id='word_1_716' title='bbox 3589 3213 3642 3267; x_wconf 76' lang='grc'><strong>4.</strong></span> <span class='ocrx_word' id='word_1_717' title='bbox 3675 3213 3760 3276; x_wconf 83' lang='grc'><strong>7).</strong></span> 
     </span>
    </p>
   </div>
   <div class='ocr_carea' id='block_1_94' title="bbox 2174 3300 3763 3373">
    <p class='ocr_par' dir='ltr' id='par_1_94' title="bbox 2174 3300 3763 3373">
     <span class='ocr_line' id='line_1_94' title="bbox 2174 3300 3763 3373; baseline 0 -17"><span class='ocrx_word' id='word_1_718' title='bbox 2174 3300 2333 3357; x_wconf 81' lang='lat' dir='ltr'><strong>Pater</strong></span> <span class='ocrx_word' id='word_1_719' title='bbox 2352 3318 2453 3356; x_wconf 86' lang='lat' dir='ltr'><strong>non</strong></span> <span class='ocrx_word' id='word_1_720' title='bbox 2467 3303 2670 3372; x_wconf 87' lang='lat' dir='ltr'><strong>judicat</strong></span> <span class='ocrx_word' id='word_1_721' title='bbox 2697 3320 3017 3373; x_wconf 90' lang='lat' dir='ltr'><strong>quemquam,</strong></span> <span class='ocrx_word' id='word_1_722' title='bbox 3058 3304 3148 3358; x_wconf 92' lang='lat' dir='ltr'><strong>sed</strong></span> <span class='ocrx_word' id='word_1_723' title='bbox 3174 3319 3321 3357; x_wconf 90' lang='lat' dir='ltr'><strong>omne</strong></span> <span class='ocrx_word' id='word_1_724' title='bbox 3335 3304 3592 3372; x_wconf 87' lang='lat' dir='ltr'><strong>judicium</strong></span> <span class='ocrx_word' id='word_1_725' title='bbox 3621 3303 3763 3357; x_wconf 83' lang='lat' dir='ltr'><strong>dedit</strong></span> 
     </span>
    </p>
   </div>
   <div class='ocr_carea' id='block_1_95' title="bbox 2176 3392 3765 3464">
    <p class='ocr_par' dir='ltr' id='par_1_95' title="bbox 2176 3392 3765 3464">
     <span class='ocr_line' id='line_1_95' title="bbox 2176 3392 3765 3464; baseline 0.002 -18"><span class='ocrx_word' id='word_1_726' title='bbox 2176 3392 2314 3447; x_wconf 87' lang='lat' dir='ltr'><strong>Filio</strong></span> <span class='ocrx_word' id='word_1_727' title='bbox 2335 3393 2517 3464; x_wconf 79' lang='lat' dir='ltr'><strong>(Joan.</strong></span> <span class='ocrx_word' id='word_1_728' title='bbox 2545 3393 2598 3448; x_wconf 83' lang='grc'><strong>5.</strong></span> <span class='ocrx_word' id='word_1_729' title='bbox 2629 3394 2745 3464; x_wconf 90' lang='lat'><strong>22).</strong></span> <span class='ocrx_word' id='word_1_730' title='bbox 2791 3394 2972 3464; x_wconf 84' lang='lat' dir='ltr'><strong>Neque</strong></span> <span class='ocrx_word' id='word_1_731' title='bbox 3000 3409 3130 3449; x_wconf 83' lang='lat' dir='ltr'><strong>vero</strong></span> <span class='ocrx_word' id='word_1_732' title='bbox 3156 3404 3358 3448; x_wconf 89' lang='lat' dir='ltr'><strong>tantum</strong></span> <span class='ocrx_word' id='word_1_733' title='bbox 3400 3394 3523 3449; x_wconf 91' lang='lat' dir='ltr'><strong>inde</strong></span> <span class='ocrx_word' id='word_1_734' title='bbox 3548 3403 3765 3449; x_wconf 84' lang='lat' dir='ltr'><strong>constat</strong></span> 
     </span>
    </p>
   </div>
   <div class='ocr_carea' id='block_1_96' title="bbox 2175 3485 3764 3556">
    <p class='ocr_par' dir='ltr' id='par_1_96' title="bbox 2175 3485 3764 3556">
     <span class='ocr_line' id='line_1_96' title="bbox 2175 3485 3764 3556; baseline 0 -17"><span class='ocrx_word' id='word_1_735' title='bbox 2175 3485 2337 3551; x_wconf 91' lang='lat' dir='ltr'><strong>istud,</strong></span> <span class='ocrx_word' id='word_1_736' title='bbox 2385 3485 2478 3540; x_wconf 89' lang='lat' dir='ltr'><strong>sed</strong></span> <span class='ocrx_word' id='word_1_737' title='bbox 2507 3489 2666 3541; x_wconf 89' lang='lat' dir='ltr'><strong>etiam</strong></span> <span class='ocrx_word' id='word_1_738' title='bbox 2697 3501 2761 3540; x_wconf 87' lang='lat' dir='ltr'><strong>ex</strong></span> <span class='ocrx_word' id='word_1_739' title='bbox 2790 3486 2876 3552; x_wconf 89' lang='lat' dir='ltr'><strong>iis,</strong></span> <span class='ocrx_word' id='word_1_740' title='bbox 2916 3501 3036 3556; x_wconf 67' lang='lat' dir='ltr'><strong>quae</strong></span> <span class='ocrx_word' id='word_1_741' title='bbox 3073 3495 3403 3556; x_wconf 89' lang='lat' dir='ltr'><strong>sequuntur:</strong></span> <span class='ocrx_word' id='word_1_742' title='bbox 3429 3485 3550 3540; x_wconf 84' lang='lat' dir='ltr'><strong>Non</strong></span> <span class='ocrx_word' id='word_1_743' title='bbox 3596 3487 3764 3541; x_wconf 85' lang='lat' dir='ltr'><strong>solum</strong></span> 
     </span>
    </p>
   </div>
   <div class='ocr_carea' id='block_1_97' title="bbox 2173 3577 3764 3649">
    <p class='ocr_par' dir='ltr' id='par_1_97' title="bbox 2173 3577 3764 3649">
     <span class='ocr_line' id='line_1_97' title="bbox 2173 3577 3764 3649; baseline -0.001 -19"><span class='ocrx_word' id='word_1_744' title='bbox 2173 3587 2343 3631; x_wconf 90' lang='lat' dir='ltr'><strong>autem</strong></span> <span class='ocrx_word' id='word_1_745' title='bbox 2371 3577 2516 3643; x_wconf 80' lang='lat' dir='ltr'><strong>mihi,</strong></span> <span class='ocrx_word' id='word_1_746' title='bbox 2543 3578 2632 3632; x_wconf 89' lang='lat' dir='ltr'><strong>sed</strong></span> <span class='ocrx_word' id='word_1_747' title='bbox 2652 3586 2697 3632; x_wconf 87' lang='lat' dir='ltr'><strong>et</strong></span> <span class='ocrx_word' id='word_1_748' title='bbox 2723 3578 2954 3632; x_wconf 86' lang='lat' dir='ltr'><strong>omnibus</strong></span> <span class='ocrx_word' id='word_1_749' title='bbox 2979 3579 3066 3647; x_wconf 89' lang='lat' dir='ltr'><strong>qui</strong></span> <span class='ocrx_word' id='word_1_750' title='bbox 3091 3578 3360 3633; x_wconf 70' lang='lat' dir='ltr'><strong>dilexerint</strong></span> <span class='ocrx_word' id='word_1_751' title='bbox 3387 3578 3764 3649; x_wconf 88' lang='lat' dir='ltr'><strong>apparitionem</strong></span> 
     </span>
    </p>
   </div>
   <div class='ocr_carea' id='block_1_98' title="bbox 2176 3668 3760 3743">
    <p class='ocr_par' dir='ltr' id='par_1_98' title="bbox 2176 3668 3760 3743">
     <span class='ocr_line' id='line_1_98' title="bbox 2176 3668 3760 3743; baseline -0.001 -20"><span class='ocrx_word' id='word_1_752' title='bbox 2176 3670 2286 3738; x_wconf 85' lang='lat' dir='ltr'><strong>ejus</strong></span> <span class='ocrx_word' id='word_1_753' title='bbox 2311 3669 2390 3741; x_wconf 88' lang='lat'><strong>(2.</strong></span> <span class='ocrx_word' id='word_1_754' title='bbox 2412 3669 2545 3723; x_wconf 85' lang='lat' dir='ltr'><strong>Tim.</strong></span> <span class='ocrx_word' id='word_1_755' title='bbox 2569 3671 2623 3725; x_wconf 80' lang='grc'><strong>4.</strong></span> <span class='ocrx_word' id='word_1_756' title='bbox 2647 3668 2727 3743; x_wconf 88' lang='grc'><strong>8).</strong></span> <span class='ocrx_word' id='word_1_757' title='bbox 2747 3669 3038 3741; x_wconf 89' lang='lat' dir='ltr'><strong>Cujusnam</strong></span> <span class='ocrx_word' id='word_1_758' title='bbox 3064 3685 3224 3740; x_wconf 92' lang='lat' dir='ltr'><strong>porro</strong></span> <span class='ocrx_word' id='word_1_759' title='bbox 3246 3669 3360 3724; x_wconf 70' lang='lat' dir='ltr'><strong>haec</strong></span> <span class='ocrx_word' id='word_1_760' title='bbox 3385 3671 3648 3740; x_wconf 86' lang='lat' dir='ltr'><strong>apparitio</strong></span> <span class='ocrx_word' id='word_1_761' title='bbox 3667 3671 3760 3724; x_wconf 87' lang='lat' dir='ltr'><strong>sit.</strong></span> 
     </span>
    </p>
   </div>
   <div class='ocr_carea' id='block_1_99' title="bbox 2175 3758 3766 3831">
    <p class='ocr_par' dir='ltr' id='par_1_99' title="bbox 2175 3758 3766 3831">
     <span class='ocr_line' id='line_1_99' title="bbox 2175 3758 3766 3831; baseline 0 -19"><span class='ocrx_word' id='word_1_762' title='bbox 2175 3758 2298 3813; x_wconf 91' lang='lat' dir='ltr'><strong>audi</strong></span> <span class='ocrx_word' id='word_1_763' title='bbox 2329 3775 2452 3814; x_wconf 92' lang='lat' dir='ltr'><strong>eum</strong></span> <span class='ocrx_word' id='word_1_764' title='bbox 2501 3760 2589 3830; x_wconf 92' lang='lat' dir='ltr'><strong>qui</strong></span> <span class='ocrx_word' id='word_1_765' title='bbox 2636 3771 2848 3815; x_wconf 89' lang='lat' dir='ltr'><strong>narrat:</strong></span> <span class='ocrx_word' id='word_1_766' title='bbox 2877 3760 3126 3831; x_wconf 78' lang='lat' dir='ltr'><strong>Apparuit</strong></span> <span class='ocrx_word' id='word_1_767' title='bbox 3167 3761 3333 3831; x_wconf 85' lang='lat' dir='ltr'><strong>gratia</strong></span> <span class='ocrx_word' id='word_1_768' title='bbox 3374 3760 3472 3814; x_wconf 89' lang='lat' dir='ltr'><strong>Dei</strong></span> <span class='ocrx_word' id='word_1_769' title='bbox 3520 3761 3766 3814; x_wconf 87' lang='lat' dir='ltr'><strong>salutaris</strong></span> 
     </span>
    </p>
   </div>
   <div class='ocr_carea' id='block_1_100' title="bbox 2176 3850 3766 3921">
    <p class='ocr_par' dir='ltr' id='par_1_100' title="bbox 2176 3850 3766 3921">
     <span class='ocr_line' id='line_1_100' title="bbox 2176 3850 3766 3921; baseline -0.001 -18"><span class='ocrx_word' id='word_1_770' title='bbox 2176 3850 2406 3903; x_wconf 84' lang='lat' dir='ltr'><strong>omnibus</strong></span> <span class='ocrx_word' id='word_1_771' title='bbox 2433 3851 2738 3912; x_wconf 84' lang='lat' dir='ltr'><strong>hominibus,</strong></span> <span class='ocrx_word' id='word_1_772' title='bbox 2771 3851 3006 3905; x_wconf 84' lang='lat' dir='ltr'><strong>erudiens</strong></span> <span class='ocrx_word' id='word_1_773' title='bbox 3034 3868 3146 3917; x_wconf 88' lang='lat' dir='ltr'><strong>nos,</strong></span> <span class='ocrx_word' id='word_1_774' title='bbox 3177 3859 3229 3903; x_wconf 89' lang='lat' dir='ltr'><strong>ut</strong></span> <span class='ocrx_word' id='word_1_775' title='bbox 3255 3850 3558 3921; x_wconf 87' lang='lat' dir='ltr'><strong>abnegantes</strong></span> <span class='ocrx_word' id='word_1_776' title='bbox 3580 3850 3766 3919; x_wconf 85' lang='lat' dir='ltr'><strong>impie-</strong></span> 
     </span>
    </p>
   </div>
   <div class='ocr_carea' id='block_1_101' title="bbox 2177 3944 3766 4014">
    <p class='ocr_par' dir='ltr' id='par_1_101' title="bbox 2177 3944 3766 4014">
     <span class='ocr_line' id='line_1_101' title="bbox 2177 3944 3766 4014; baseline -0.001 -16"><span class='ocrx_word' id='word_1_777' title='bbox 2177 3954 2347 4009; x_wconf 85' lang='lat' dir='ltr'><strong>tatem,</strong></span> <span class='ocrx_word' id='word_1_778' title='bbox 2378 3955 2426 3999; x_wconf 93' lang='lat' dir='ltr'><strong>et</strong></span> <span class='ocrx_word' id='word_1_779' title='bbox 2453 3945 2718 3998; x_wconf 67' lang='lat' dir='ltr'><strong>saecularia</strong></span> <span class='ocrx_word' id='word_1_780' title='bbox 2747 3945 3016 4010; x_wconf 88' lang='lat' dir='ltr'><strong>desideria,</strong></span> <span class='ocrx_word' id='word_1_781' title='bbox 3048 3944 3213 3999; x_wconf 87' lang='lat' dir='ltr'><strong>sobrie</strong></span> <span class='ocrx_word' id='word_1_782' title='bbox 3249 3953 3295 3998; x_wconf 91' lang='lat' dir='ltr'><strong>et</strong></span> <span class='ocrx_word' id='word_1_783' title='bbox 3311 3945 3471 4014; x_wconf 87' lang='lat' dir='ltr'><strong>juste,</strong></span> <span class='ocrx_word' id='word_1_784' title='bbox 3499 3953 3546 3997; x_wconf 88' lang='lat' dir='ltr'><strong>et</strong></span> <span class='ocrx_word' id='word_1_785' title='bbox 3576 3944 3658 4014; x_wconf 86' lang='lat' dir='ltr'><strong>pie</strong></span> <span class='ocrx_word' id='word_1_786' title='bbox 3682 3946 3766 3996; x_wconf 75' lang='lat' dir='ltr'><strong>ui—</strong></span> 
     </span>
    </p>
   </div>
   <div class='ocr_carea' id='block_1_102' title="bbox 2175 4034 3764 4106">
    <p class='ocr_par' dir='ltr' id='par_1_102' title="bbox 2175 4034 3764 4106">
     <span class='ocr_line' id='line_1_102' title="bbox 2175 4034 3764 4106; baseline -0.003 -18"><span class='ocrx_word' id='word_1_787' title='bbox 2175 4050 2346 4088; x_wconf 72' lang='lat' dir='ltr'><strong>uamus</strong></span> <span class='ocrx_word' id='word_1_788' title='bbox 2375 4035 2428 4088; x_wconf 89' lang='lat' dir='ltr'><strong>in</strong></span> <span class='ocrx_word' id='word_1_789' title='bbox 2453 4035 2547 4088; x_wconf 80' lang='lat' dir='ltr'><strong>hoc</strong></span> <span class='ocrx_word' id='word_1_790' title='bbox 2583 4036 2770 4089; x_wconf 70' lang='lat' dir='ltr'><strong>sarculo</strong></span> <span class='ocrx_word' id='word_1_791' title='bbox 2787 4051 2806 4088; x_wconf 91' lang='lat'><strong><em>:</em></strong></span> <span class='ocrx_word' id='word_1_792' title='bbox 2832 4044 3172 4106; x_wconf 72' lang='lat' dir='ltr'><strong>exspectantes</strong></span> <span class='ocrx_word' id='word_1_793' title='bbox 3201 4034 3394 4087; x_wconf 85' lang='lat' dir='ltr'><strong>beatam</strong></span> <span class='ocrx_word' id='word_1_794' title='bbox 3420 4051 3557 4104; x_wconf 86' lang='lat' dir='ltr'><strong>spem</strong></span> <span class='ocrx_word' id='word_1_795' title='bbox 3585 4045 3632 4087; x_wconf 91' lang='lat' dir='ltr'><strong>et</strong></span> <span class='ocrx_word' id='word_1_796' title='bbox 3661 4051 3764 4103; x_wconf 83' lang='lat' dir='ltr'><strong>ap-</strong></span> 
     </span>
    </p>
   </div>
   <div class='ocr_carea' id='block_1_103' title="bbox 2177 4125 3767 4197">
    <p class='ocr_par' dir='ltr' id='par_1_103' title="bbox 2177 4125 3767 4197">
     <span class='ocr_line' id='line_1_103' title="bbox 2177 4125 3767 4197; baseline 0.001 -20"><span class='ocrx_word' id='word_1_797' title='bbox 2177 4126 2476 4194; x_wconf 85' lang='lat' dir='ltr'><strong>paritionem</strong></span> <span class='ocrx_word' id='word_1_798' title='bbox 2499 4125 2676 4196; x_wconf 76' lang='lat' dir='ltr'><strong>gloria:</strong></span> <span class='ocrx_word' id='word_1_799' title='bbox 2702 4127 2874 4197; x_wconf 84' lang='lat' dir='ltr'><strong>magni</strong></span> <span class='ocrx_word' id='word_1_800' title='bbox 2907 4125 3021 4192; x_wconf 87' lang='lat' dir='ltr'><strong>Dei,</strong></span> <span class='ocrx_word' id='word_1_801' title='bbox 3051 4135 3096 4180; x_wconf 89' lang='lat' dir='ltr'><strong>et</strong></span> <span class='ocrx_word' id='word_1_802' title='bbox 3126 4125 3410 4181; x_wconf 80' lang='lat' dir='ltr'><strong>Saluatoris</strong></span> <span class='ocrx_word' id='word_1_803' title='bbox 3450 4127 3610 4180; x_wconf 86' lang='lat' dir='ltr'><strong>nostri</strong></span> <span class='ocrx_word' id='word_1_804' title='bbox 3634 4125 3767 4180; x_wconf 69' lang='lat' dir='ltr'><strong>Iesu</strong></span> 
     </span>
    </p>
   </div>
   <div class='ocr_carea' id='block_1_104' title="bbox 2176 4217 2733 4289">
    <p class='ocr_par' dir='ltr' id='par_1_104' title="bbox 2176 4217 2733 4289">
     <span class='ocr_line' id='line_1_104' title="bbox 2176 4217 2733 4289; baseline -0.004 -15"><span class='ocrx_word' id='word_1_805' title='bbox 2176 4218 2362 4274; x_wconf 84' lang='lat' dir='ltr'><strong>Christi</strong></span> <span class='ocrx_word' id='word_1_806' title='bbox 2389 4217 2515 4288; x_wconf 88' lang='lat' dir='ltr'><strong>(Tit.</strong></span> <span class='ocrx_word' id='word_1_807' title='bbox 2536 4218 2592 4271; x_wconf 80' lang='lat'><strong>2.</strong></span> <span class='ocrx_word' id='word_1_808' title='bbox 2621 4218 2733 4289; x_wconf 90' lang='grc'><strong>11).</strong></span> 
     </span>
    </p>
   </div>
   <div class='ocr_carea' id='block_1_105' title="bbox 2247 4329 3764 4401">
    <p class='ocr_par' dir='ltr' id='par_1_105' title="bbox 2247 4329 3764 4401">
     <span class='ocr_line' id='line_1_105' title="bbox 2247 4329 3764 4401; baseline 0.001 -15"><span class='ocrx_word' id='word_1_809' title='bbox 2247 4332 2302 4386; x_wconf 79' lang='grc'><strong>4.</strong></span> <span class='ocrx_word' id='word_1_810' title='bbox 2346 4329 2460 4396; x_wconf 81' lang='lat' dir='ltr'><strong>Quo</strong></span> <span class='ocrx_word' id='word_1_811' title='bbox 2488 4347 2637 4386; x_wconf 89' lang='lat' dir='ltr'><strong>sensu</strong></span> <span class='ocrx_word' id='word_1_812' title='bbox 2663 4331 2893 4387; x_wconf 83' lang='lat' dir='ltr'><strong>Christus</strong></span> <span class='ocrx_word' id='word_1_813' title='bbox 2917 4333 3123 4401; x_wconf 75' lang='lat' dir='ltr'><strong>dixerit,</strong></span> <span class='ocrx_word' id='word_1_814' title='bbox 3155 4333 3269 4388; x_wconf 87' lang='lat' dir='ltr'><strong>Non</strong></span> <span class='ocrx_word' id='word_1_815' title='bbox 3301 4343 3383 4389; x_wconf 88' lang='lat' dir='ltr'><strong>est</strong></span> <span class='ocrx_word' id='word_1_816' title='bbox 3407 4349 3583 4387; x_wconf 91' lang='lat' dir='ltr'><strong>meum</strong></span> <span class='ocrx_word' id='word_1_817' title='bbox 3607 4331 3764 4387; x_wconf 81' lang='lat' dir='ltr'><strong>dare.</strong></span> 
     </span>
    </p>
   </div>
   <div class='ocr_carea' id='block_1_106' title="bbox 2174 4423 3767 4494">
    <p class='ocr_par' dir='ltr' id='par_1_106' title="bbox 2174 4423 3767 4494">
     <span class='ocr_line' id='line_1_106' title="bbox 2174 4423 3767 4494; baseline -0.001 -16"><span class='ocrx_word' id='word_1_818' title='bbox 2174 4423 2375 4478; x_wconf 90' lang='lat' dir='ltr'><strong>—Sed</strong></span> <span class='ocrx_word' id='word_1_819' title='bbox 2415 4423 2501 4477; x_wconf 90' lang='lat' dir='ltr'><strong>hic</strong></span> <span class='ocrx_word' id='word_1_820' title='bbox 2527 4423 2739 4494; x_wconf 90' lang='lat' dir='ltr'><strong>quidem</strong></span> <span class='ocrx_word' id='word_1_821' title='bbox 2775 4439 2964 4493; x_wconf 83' lang='lat' dir='ltr'><strong>pugna,</strong></span> <span class='ocrx_word' id='word_1_822' title='bbox 3011 4440 3114 4494; x_wconf 91' lang='lat' dir='ltr'><strong>qua</strong></span> <span class='ocrx_word' id='word_1_823' title='bbox 3157 4441 3278 4478; x_wconf 93' lang='lat' dir='ltr'><strong>cum</strong></span> <span class='ocrx_word' id='word_1_824' title='bbox 3323 4425 3589 4478; x_wconf 67' lang='lat' dir='ltr'><strong>hmreticis</strong></span> <span class='ocrx_word' id='word_1_825' title='bbox 3633 4439 3767 4478; x_wconf 89' lang='lat' dir='ltr'><strong>cou—</strong></span> 
     </span>
    </p>
   </div>
   <div class='ocr_carea' id='block_1_107' title="bbox 2175 4515 3765 4585">
    <p class='ocr_par' dir='ltr' id='par_1_107' title="bbox 2175 4515 3765 4585">
     <span class='ocr_line' id='line_1_107' title="bbox 2175 4515 3765 4585; baseline -0.001 -16"><span class='ocrx_word' id='word_1_826' title='bbox 2175 4517 2342 4584; x_wconf 83' lang='lat' dir='ltr'><strong>gressi</strong></span> <span class='ocrx_word' id='word_1_827' title='bbox 2361 4530 2563 4578; x_wconf 91' lang='lat' dir='ltr'><strong>sumus,</strong></span> <span class='ocrx_word' id='word_1_828' title='bbox 2586 4515 2742 4568; x_wconf 85' lang='lat' dir='ltr'><strong>finem</strong></span> <span class='ocrx_word' id='word_1_829' title='bbox 2761 4515 2942 4580; x_wconf 87' lang='lat' dir='ltr'><strong>habet,</strong></span> <span class='ocrx_word' id='word_1_830' title='bbox 2956 4516 3170 4585; x_wconf 91' lang='lat' dir='ltr'><strong>jamque</strong></span> <span class='ocrx_word' id='word_1_831' title='bbox 3194 4525 3447 4585; x_wconf 76' lang='lat' dir='ltr'><strong>tropzeum</strong></span> <span class='ocrx_word' id='word_1_832' title='bbox 3469 4515 3765 4580; x_wconf 82' lang='lat' dir='ltr'><strong>ereximus,</strong></span> 
     </span>
    </p>
   </div>
   <div class='ocr_carea' id='block_1_108' title="bbox 2174 4607 3769 4674">
    <p class='ocr_par' dir='ltr' id='par_1_108' title="bbox 2174 4607 3769 4674">
     <span class='ocr_line' id='line_1_108' title="bbox 2174 4607 3769 4674; baseline -0.003 -11"><span class='ocrx_word' id='word_1_833' title='bbox 2174 4619 2228 4663; x_wconf 87' lang='lat' dir='ltr'><strong>et</strong></span> <span class='ocrx_word' id='word_1_834' title='bbox 2250 4608 2522 4662; x_wconf 89' lang='lat' dir='ltr'><strong>victoriam</strong></span> <span class='ocrx_word' id='word_1_835' title='bbox 2551 4608 2851 4674; x_wconf 87' lang='lat' dir='ltr'><strong>retulimus,</strong></span> <span class='ocrx_word' id='word_1_836' title='bbox 2873 4623 2995 4661; x_wconf 91' lang='lat' dir='ltr'><strong>cum</strong></span> <span class='ocrx_word' id='word_1_837' title='bbox 3018 4622 3084 4661; x_wconf 92' lang='lat' dir='ltr'><strong>ex</strong></span> <span class='ocrx_word' id='word_1_838' title='bbox 3110 4607 3174 4661; x_wconf 92' lang='lat' dir='ltr'><strong>iis</strong></span> <span class='ocrx_word' id='word_1_839' title='bbox 3193 4607 3459 4670; x_wconf 89' lang='lat' dir='ltr'><strong>omnibus,</strong></span> <span class='ocrx_word' id='word_1_840' title='bbox 3479 4621 3600 4674; x_wconf 72' lang='lat' dir='ltr'><strong>qua:</strong></span> <span class='ocrx_word' id='word_1_841' title='bbox 3616 4620 3769 4660; x_wconf 79' lang='lat' dir='ltr'><strong>com.</strong></span> 
     </span>
    </p>
   </div>
   <div class='ocr_carea' id='block_1_109' title="bbox 2177 4694 3771 4767">
    <p class='ocr_par' dir='ltr' id='par_1_109' title="bbox 2177 4694 3771 4767">
     <span class='ocr_line' id='line_1_109' title="bbox 2177 4694 3771 4767; baseline -0.002 -17"><span class='ocrx_word' id='word_1_842' title='bbox 2177 4707 2466 4752; x_wconf 86' lang='lat' dir='ltr'><strong>memorata</strong></span> <span class='ocrx_word' id='word_1_843' title='bbox 2490 4707 2632 4762; x_wconf 91' lang='lat' dir='ltr'><strong>sunt,</strong></span> <span class='ocrx_word' id='word_1_844' title='bbox 2659 4699 2710 4750; x_wconf 91' lang='lat' dir='ltr'><strong>in</strong></span> <span class='ocrx_word' id='word_1_845' title='bbox 2737 4697 2855 4767; x_wconf 88' lang='lat' dir='ltr'><strong>ejus</strong></span> <span class='ocrx_word' id='word_1_846' title='bbox 2882 4713 3001 4752; x_wconf 90' lang='lat' dir='ltr'><strong>esse</strong></span> <span class='ocrx_word' id='word_1_847' title='bbox 3029 4706 3292 4765; x_wconf 89' lang='lat' dir='ltr'><strong>potestate</strong></span> <span class='ocrx_word' id='word_1_848' title='bbox 3333 4697 3492 4750; x_wconf 89' lang='lat' dir='ltr'><strong>situm</strong></span> <span class='ocrx_word' id='word_1_849' title='bbox 3518 4694 3771 4749; x_wconf 66' lang='lat' dir='ltr'><strong>ducueri~</strong></span> 
     </span>
    </p>
   </div>
   <div class='ocr_carea' id='block_1_110' title="bbox 2177 4788 3766 4858">
    <p class='ocr_par' dir='ltr' id='par_1_110' title="bbox 2177 4788 3766 4858">
     <span class='ocr_line' id='line_1_110' title="bbox 2177 4788 3766 4858; baseline -0.004 -14"><span class='ocrx_word' id='word_1_850' title='bbox 2177 4805 2315 4854; x_wconf 93' lang='lat' dir='ltr'><strong>mus,</strong></span> <span class='ocrx_word' id='word_1_851' title='bbox 2348 4806 2468 4844; x_wconf 91' lang='lat' dir='ltr'><strong>cum</strong></span> <span class='ocrx_word' id='word_1_852' title='bbox 2513 4790 2803 4844; x_wconf 89' lang='lat' dir='ltr'><strong>honoribus</strong></span> <span class='ocrx_word' id='word_1_853' title='bbox 2829 4790 3123 4855; x_wconf 90' lang='lat' dir='ltr'><strong>cumulare,</strong></span> <span class='ocrx_word' id='word_1_854' title='bbox 3157 4797 3267 4844; x_wconf 87' lang='lat' dir='ltr'><strong>tum</strong></span> <span class='ocrx_word' id='word_1_855' title='bbox 3299 4804 3450 4858; x_wconf 67' lang='lat' dir='ltr'><strong>pCBlla</strong></span> <span class='ocrx_word' id='word_1_856' title='bbox 3482 4788 3766 4851; x_wconf 75' lang='lat' dir='ltr'><strong>mulclarc,</strong></span> 
     </span>
    </p>
   </div>
   <div class='ocr_carea' id='block_1_111' title="bbox 2177 4880 3766 4953">
    <p class='ocr_par' dir='ltr' id='par_1_111' title="bbox 2177 4880 3766 4953">
     <span class='ocr_line' id='line_1_111' title="bbox 2177 4880 3766 4953; baseline -0.003 -16"><span class='ocrx_word' id='word_1_857' title='bbox 2177 4891 2357 4952; x_wconf 88' lang='lat' dir='ltr'><strong>utpote</strong></span> <span class='ocrx_word' id='word_1_858' title='bbox 2386 4883 2474 4953; x_wconf 92' lang='lat' dir='ltr'><strong>qui</strong></span> <span class='ocrx_word' id='word_1_859' title='bbox 2499 4891 2551 4938; x_wconf 92' lang='lat' dir='ltr'><strong>et</strong></span> <span class='ocrx_word' id='word_1_860' title='bbox 2580 4898 2738 4938; x_wconf 88' lang='lat' dir='ltr'><strong>oume</strong></span> <span class='ocrx_word' id='word_1_861' title='bbox 2757 4883 3014 4950; x_wconf 91' lang='lat' dir='ltr'><strong>judicium</strong></span> <span class='ocrx_word' id='word_1_862' title='bbox 3042 4883 3252 4947; x_wconf 90' lang='lat' dir='ltr'><strong>habeat,</strong></span> <span class='ocrx_word' id='word_1_863' title='bbox 3281 4891 3336 4936; x_wconf 89' lang='lat' dir='ltr'><strong>et</strong></span> <span class='ocrx_word' id='word_1_864' title='bbox 3362 4880 3599 4936; x_wconf 90' lang='lat' dir='ltr'><strong>omnium</strong></span> <span class='ocrx_word' id='word_1_865' title='bbox 3622 4883 3766 4948; x_wconf 84' lang='lat' dir='ltr'><strong>epti-</strong></span> 
     </span>
    </p>
   </div>
   <div class='ocr_carea' id='block_1_112' title="bbox 2178 4972 3768 5046">
    <p class='ocr_par' dir='ltr' id='par_1_112' title="bbox 2178 4972 3768 5046">
     <span class='ocr_line' id='line_1_112' title="bbox 2178 4972 3768 5046; baseline -0.001 -17"><span class='ocrx_word' id='word_1_866' title='bbox 2178 4992 2320 5030; x_wconf 91' lang='lat' dir='ltr'><strong>mum</strong></span> <span class='ocrx_word' id='word_1_867' title='bbox 2347 4985 2586 5041; x_wconf 89' lang='lat' dir='ltr'><strong>coronet,</strong></span> <span class='ocrx_word' id='word_1_868' title='bbox 2616 4991 2679 5030; x_wconf 91' lang='lat' dir='ltr'><strong>ac</strong></span> <span class='ocrx_word' id='word_1_869' title='bbox 2701 4976 2956 5032; x_wconf 85' lang='lat' dir='ltr'><strong>victorem</strong></span> <span class='ocrx_word' id='word_1_870' title='bbox 2979 4977 3302 5046; x_wconf 85' lang='lat' dir='ltr'><strong>pronuntiet,</strong></span> <span class='ocrx_word' id='word_1_871' title='bbox 3327 4983 3380 5028; x_wconf 92' lang='lat' dir='ltr'><strong>et</strong></span> <span class='ocrx_word' id='word_1_872' title='bbox 3401 4974 3452 5027; x_wconf 92' lang='lat' dir='ltr'><strong>iu</strong></span> <span class='ocrx_word' id='word_1_873' title='bbox 3480 4972 3580 5027; x_wconf 64' lang='lat' dir='ltr'><strong>iliis</strong></span> <span class='ocrx_word' id='word_1_874' title='bbox 3608 4988 3768 5040; x_wconf 78' lang='lat' dir='ltr'><strong>para-</strong></span> 
     </span>
    </p>
   </div>
   <div class='ocr_carea' id='block_1_113' title="bbox 2182 5065 3764 5137">
    <p class='ocr_par' dir='ltr' id='par_1_113' title="bbox 2182 5065 3764 5137">
     <span class='ocr_line' id='line_1_113' title="bbox 2182 5065 3764 5137; baseline -0.003 -18"><span class='ocrx_word' id='word_1_875' title='bbox 2182 5066 2318 5120; x_wconf 92' lang='lat' dir='ltr'><strong>bolis</strong></span> <span class='ocrx_word' id='word_1_876' title='bbox 2347 5077 2629 5137; x_wconf 91' lang='lat' dir='ltr'><strong>utrumque</strong></span> <span class='ocrx_word' id='word_1_877' title='bbox 2651 5067 2985 5136; x_wconf 68' lang='lat' dir='ltr'><strong>prusstiterit:</strong></span> <span class='ocrx_word' id='word_1_878' title='bbox 3017 5067 3110 5121; x_wconf 91' lang='lat' dir='ltr'><strong>sed</strong></span> <span class='ocrx_word' id='word_1_879' title='bbox 3131 5066 3238 5135; x_wconf 89' lang='lat' dir='ltr'><strong>jam</strong></span> <span class='ocrx_word' id='word_1_880' title='bbox 3260 5065 3512 5132; x_wconf 88' lang='lat' dir='ltr'><strong>deinceps</strong></span> <span class='ocrx_word' id='word_1_881' title='bbox 3530 5074 3764 5132; x_wconf 82' lang='lat' dir='ltr'><strong>oportet,</strong></span> 
     </span>
    </p>
   </div>
   <div class='ocr_carea' id='block_1_114' title="bbox 2180 5157 3764 5224">
    <p class='ocr_par' dir='ltr' id='par_1_114' title="bbox 2180 5157 3764 5224">
     <span class='ocr_line' id='line_1_114' title="bbox 2180 5157 3764 5224; baseline -0.003 -13"><span class='ocrx_word' id='word_1_882' title='bbox 2180 5167 2240 5211; x_wconf 90' lang='lat' dir='ltr'><strong>ut</strong></span> <span class='ocrx_word' id='word_1_883' title='bbox 2262 5157 2642 5212; x_wconf 88' lang='lat' dir='ltr'><strong>dubitationem</strong></span> <span class='ocrx_word' id='word_1_884' title='bbox 2671 5175 2733 5212; x_wconf 92' lang='lat' dir='ltr'><strong>ex</strong></span> <span class='ocrx_word' id='word_1_885' title='bbox 2755 5159 2948 5213; x_wconf 91' lang='lat' dir='ltr'><strong>animis</strong></span> <span class='ocrx_word' id='word_1_886' title='bbox 2966 5158 3183 5214; x_wconf 87' lang='lat' dir='ltr'><strong>fratrum</strong></span> <span class='ocrx_word' id='word_1_887' title='bbox 3203 5158 3517 5221; x_wconf 79' lang='lat' dir='ltr'><strong>eximamus,</strong></span> <span class='ocrx_word' id='word_1_888' title='bbox 3536 5166 3588 5209; x_wconf 79' lang='lat' dir='ltr'><strong>et</strong></span> <span class='ocrx_word' id='word_1_889' title='bbox 3604 5171 3764 5224; x_wconf 89' lang='lat' dir='ltr'><strong>quam</strong></span> 
     </span>
    </p>
   </div>
   <div class='ocr_carea' id='block_1_115' title="bbox 2177 5247 3766 5316">
    <p class='ocr_par' dir='ltr' id='par_1_115' title="bbox 2177 5247 3766 5316">
     <span class='ocr_line' id='line_1_115' title="bbox 2177 5247 3766 5316; baseline -0.004 -14"><span class='ocrx_word' id='word_1_890' title='bbox 2177 5249 2246 5304; x_wconf 94' lang='lat' dir='ltr'><strong>ob</strong></span> <span class='ocrx_word' id='word_1_891' title='bbox 2271 5263 2486 5303; x_wconf 88' lang='lat' dir='ltr'><strong>causam</strong></span> <span class='ocrx_word' id='word_1_892' title='bbox 2524 5250 2592 5302; x_wconf 88' lang='lat' dir='ltr'><strong>ita</strong></span> <span class='ocrx_word' id='word_1_893' title='bbox 2633 5249 2844 5316; x_wconf 82' lang='lat' dir='ltr'><strong>dixerit,</strong></span> <span class='ocrx_word' id='word_1_894' title='bbox 2889 5251 3207 5306; x_wconf 89' lang='lat' dir='ltr'><strong>doceamus:</strong></span> <span class='ocrx_word' id='word_1_895' title='bbox 3235 5249 3354 5304; x_wconf 80' lang='lat' dir='ltr'><strong>Non</strong></span> <span class='ocrx_word' id='word_1_896' title='bbox 3384 5258 3456 5303; x_wconf 85' lang='lat' dir='ltr'><strong>est</strong></span> <span class='ocrx_word' id='word_1_897' title='bbox 3477 5264 3640 5301; x_wconf 85' lang='lat' dir='ltr'><strong>meum</strong></span> <span class='ocrx_word' id='word_1_898' title='bbox 3671 5247 3766 5298; x_wconf 81' lang='lat' dir='ltr'><strong>hoc</strong></span> 
     </span>
    </p>
   </div>
   <div class='ocr_carea' id='block_1_116' title="bbox 2175 5337 3765 5410">
    <p class='ocr_par' dir='ltr' id='par_1_116' title="bbox 2175 5337 3765 5410">
     <span class='ocr_line' id='line_1_116' title="bbox 2175 5337 3765 5410; baseline -0.001 -16"><span class='ocrx_word' id='word_1_899' title='bbox 2175 5341 2562 5396; x_wconf 86' lang='lat' dir='ltr'><strong>dare:multos</strong></span> <span class='ocrx_word' id='word_1_900' title='bbox 2605 5343 2744 5396; x_wconf 90' lang='lat' dir='ltr'><strong>enim</strong></span> <span class='ocrx_word' id='word_1_901' title='bbox 2785 5360 2850 5398; x_wconf 92' lang='lat' dir='ltr'><strong>ex</strong></span> <span class='ocrx_word' id='word_1_902' title='bbox 2891 5359 3075 5398; x_wconf 89' lang='lat' dir='ltr'><strong>eorum</strong></span> <span class='ocrx_word' id='word_1_903' title='bbox 3107 5345 3406 5403; x_wconf 85' lang='lat' dir='ltr'><strong>occasione,</strong></span> <span class='ocrx_word' id='word_1_904' title='bbox 3453 5357 3570 5410; x_wconf 68' lang='lat' dir='ltr'><strong>qua:</strong></span> <span class='ocrx_word' id='word_1_905' title='bbox 3622 5337 3765 5392; x_wconf 85' lang='lat' dir='ltr'><strong>dicta</strong></span> 
     </span>
    </p>
   </div>
   <div class='ocr_carea' id='block_1_117' title="bbox 2176 5433 3769 5504">
    <p class='ocr_par' dir='ltr' id='par_1_117' title="bbox 2176 5433 3769 5504">
     <span class='ocr_line' id='line_1_117' title="bbox 2176 5433 3769 5504; baseline -0.003 -16"><span class='ocrx_word' id='word_1_906' title='bbox 2176 5441 2322 5498; x_wconf 82' lang='lat' dir='ltr'><strong>sunt,</strong></span> <span class='ocrx_word' id='word_1_907' title='bbox 2350 5434 2699 5504; x_wconf 69' lang='lat' dir='ltr'><strong>qumslionem</strong></span> <span class='ocrx_word' id='word_1_908' title='bbox 2729 5450 2941 5489; x_wconf 84' lang='lat' dir='ltr'><strong>movere</strong></span> <span class='ocrx_word' id='word_1_909' title='bbox 2970 5436 3231 5490; x_wconf 83' lang='lat' dir='ltr'><strong>arbitror:</strong></span> <span class='ocrx_word' id='word_1_910' title='bbox 3265 5445 3323 5488; x_wconf 91' lang='lat' dir='ltr'><strong>ut</strong></span> <span class='ocrx_word' id='word_1_911' title='bbox 3355 5433 3512 5502; x_wconf 86' lang='lat' dir='ltr'><strong>igitur</strong></span> <span class='ocrx_word' id='word_1_912' title='bbox 3535 5441 3594 5487; x_wconf 87' lang='lat' dir='ltr'><strong>et</strong></span> <span class='ocrx_word' id='word_1_913' title='bbox 3619 5446 3769 5500; x_wconf 79' lang='lat' dir='ltr'><strong>qme-</strong></span> 
     </span>
    </p>
   </div>
   <div class='ocr_carea' id='block_1_118' title="bbox 2179 5520 3768 5598">
    <p class='ocr_par' dir='ltr' id='par_1_118' title="bbox 2179 5520 3768 5598">
     <span class='ocr_line' id='line_1_118' title="bbox 2179 5520 3768 5598; baseline -0.001 -20"><span class='ocrx_word' id='word_1_914' title='bbox 2179 5525 2404 5579; x_wconf 91' lang='lat' dir='ltr'><strong>stionem</strong></span> <span class='ocrx_word' id='word_1_915' title='bbox 2427 5525 2716 5594; x_wconf 88' lang='lat' dir='ltr'><strong>solvamus,</strong></span> <span class='ocrx_word' id='word_1_916' title='bbox 2744 5537 2798 5580; x_wconf 89' lang='lat' dir='ltr'><strong>et</strong></span> <span class='ocrx_word' id='word_1_917' title='bbox 2822 5526 3276 5598; x_wconf 89' lang='lat' dir='ltr'><strong>perturbationem</strong></span> <span class='ocrx_word' id='word_1_918' title='bbox 3303 5523 3464 5578; x_wconf 89' lang='lat' dir='ltr'><strong>animi</strong></span> <span class='ocrx_word' id='word_1_919' title='bbox 3490 5520 3580 5578; x_wconf 90' lang='lat' dir='ltr'><strong>sed</strong></span> <span class='ocrx_word' id='word_1_920' title='bbox 3592 5537 3768 5586; x_wconf 82' lang='lat' dir='ltr'><strong>etnns,</strong></span> 
     </span>
    </p>
   </div>
   <div class='ocr_carea' id='block_1_119' title="bbox 2180 5615 3767 5687">
    <p class='ocr_par' dir='ltr' id='par_1_119' title="bbox 2180 5615 3767 5687">
     <span class='ocr_line' id='line_1_119' title="bbox 2180 5615 3767 5687; baseline -0.001 -19"><span class='ocrx_word' id='word_1_921' title='bbox 2180 5615 2454 5684; x_wconf 89' lang='lat' dir='ltr'><strong>attendite,</strong></span> <span class='ocrx_word' id='word_1_922' title='bbox 2486 5631 2690 5687; x_wconf 70' lang='lat' dir='ltr'><strong>quaeso,</strong></span> <span class='ocrx_word' id='word_1_923' title='bbox 2730 5619 2988 5685; x_wconf 89' lang='lat' dir='ltr'><strong>animum,</strong></span> <span class='ocrx_word' id='word_1_924' title='bbox 3021 5625 3076 5672; x_wconf 92' lang='lat' dir='ltr'><strong>ct</strong></span> <span class='ocrx_word' id='word_1_925' title='bbox 3105 5627 3336 5672; x_wconf 85' lang='lat' dir='ltr'><strong>mentem</strong></span> <span class='ocrx_word' id='word_1_926' title='bbox 3367 5625 3596 5668; x_wconf 81' lang='lat' dir='ltr'><strong>vestram</strong></span> <span class='ocrx_word' id='word_1_927' title='bbox 3627 5628 3767 5681; x_wconf 67' lang='lat' dir='ltr'><strong>pra-.-</strong></span> 
     </span>
    </p>
   </div>
   <div class='ocr_carea' id='block_1_120' title="bbox 2188 5705 3762 5783">
    <p class='ocr_par' dir='ltr' id='par_1_120' title="bbox 2188 5705 3762 5783">
     <span class='ocr_line' id='line_1_120' title="bbox 2188 5705 3762 5783; baseline -0.002 -22"><span class='ocrx_word' id='word_1_928' title='bbox 2188 5716 2403 5775; x_wconf 87' lang='lat' dir='ltr'><strong>parate:</strong></span> <span class='ocrx_word' id='word_1_929' title='bbox 2426 5708 2596 5776; x_wconf 81' lang='lat' dir='ltr'><strong>major</strong></span> <span class='ocrx_word' id='word_1_930' title='bbox 2619 5708 2944 5783; x_wconf 79' lang='lat' dir='ltr'><strong>quippejam</strong></span> <span class='ocrx_word' id='word_1_931' title='bbox 2973 5709 3098 5763; x_wconf 86' lang='lat' dir='ltr'><strong>mihi</strong></span> <span class='ocrx_word' id='word_1_932' title='bbox 3146 5709 3295 5763; x_wconf 74' lang='lat' dir='ltr'><strong>labor</strong></span> <span class='ocrx_word' id='word_1_933' title='bbox 3335 5705 3624 5762; x_wconf 82' lang='lat' dir='ltr'><strong>ineutnhit:</strong></span> <span class='ocrx_word' id='word_1_934' title='bbox 3653 5719 3762 5758; x_wconf 85' lang='lat' dir='ltr'><strong>non</strong></span> 
     </span>
    </p>
   </div>
  </div>
