4062 6166
333 355 431 408 773

331 469 473 522 enim
493 466 712 536 aequalis
739 475 821 519 εει
845 464 1116 518 facilitatis
1138 478 1368 533 pugnare
1392 473 1444 516 et
1461 461 1674 523 docere,
1699 461 1907 515 hostem

330 556 609 611 vulnerare
635 563 689 610 et
725 554 1073 609 domesticum
1116 553 1387 624 corrigere
1414 568 1430 617 ;
1462 552 1555 607 sed
1586 552 1704 621 plus
1728 553 1778 604 in
1812 552 1910 604 huc

331 646 461 699 mihi
487 646 645 699 studii
667 644 1045 699 conferendum
1070 653 1172 707 est,
1196 651 1253 697 ut
1274 659 1443 713 neque
1463 644 1754 697 membrum
1773 642 1910 695 clau-

326 738 512 791 dicans
540 736 820 805 negligant,
847 750 1016 805 neque
1046 735 1405 803 perturbatum
1435 749 1752 803 quemquam
1781 747 1910 802 prat-

329 829 637 884 termittam.
664 829 791 881 Dico
812 828 975 891 enim,
1019 827 1113 881 sed
1152 843 1220 881 ne
1246 826 1536 896 percellant
1564 840 1657 879 vos
1694 841 1811 893 qua:
1837 824 1913 878 di-

323 929 539 984 cuntur,
564 933 737 987 neque
756 917 1038 971 turbemini
1063 934 1077 981 ;
1117 932 1221 973 non
1252 917 1393 972 enim
1423 926 1623 970 timum
1654 914 1771 969 Filii
1801 930 1905 969 non

324 1026 442 1065 esse
465 1009 751 1074 contendo,
776 1008 871 1063 sed
902 1024 1070 1077 neque
1095 1006 1296 1070 Patris,
1323 1016 1374 1060 et
1403 1006 1505 1061 hoc
1532 1022 1723 1075 magna
1753 1005 1905 1059 tuba-

320 1118 428 1172 que
467 1101 681 1156 clarieri
720 1116 852 1155 voce
890 1100 1182 1168 proclamo,
1206 1115 1379 1168 neque
1408 1100 1573 1169 ipsius
1597 1114 1716 1154 esse
1746 1098 1898 1166 dare,

326 1209 500 1263 neque
526 1192 661 1246 adeo
681 1191 854 1245 Patris
881 1190 1066 1259 ipsius.
1089 1188 1145 1244 Si
1172 1190 1313 1245 enim
1340 1190 1502 1259 ipsius
1522 1197 1684 1255 esset,
1714 1199 1767 1243 et
1800 1188 1903 1242 Pa-

327 1285 421 1339 tris
463 1292 638 1336 esset:
660 1282 704 1335 si
734 1281 905 1335 Patris
932 1291 1093 1343 esset,
1126 1290 1181 1335 et
1222 1280 1387 1350 ipsius
1424 1289 1598 1334 esset:
1624 1289 1901 1349 propterea

326 1392 427 1429 non
458 1374 595 1428 dixit
623 1374 725 1427 illis
749 1372 1081 1441 simpliciter,
1109 1386 1215 1426 non
1242 1382 1323 1427 est
1352 1386 1525 1426 meum
1554 1370 1679 1426 dare
1698 1371 1713 1402 ¹
1733 1412 1747 1427 .
1766 1370 1902 1437 Quid

324 1467 521 1536 igitur“!
549 1463 671 1519 Non
715 1472 789 1517 est
827 1479 990 1519 nterim
1019 1463 1161 1528 dare,
1190 1464 1277 1518 sed
1316 1462 1491 1532 quibus
1532 1472 1764 1533 paratum
1789 1475 1901 1516 est:

322 1557 580 1626 signiﬁcat
600 1572 771 1625 neque
800 1555 964 1626 ipsius
980 1569 1123 1619 esse,
1148 1570 1319 1624 neque
1346 1554 1537 1617 Patris,
1562 1554 1654 1609 sed
1677 1553 1900 1607 aliorum

322 1647 693 1716 quorumdam.
732 1647 875 1715 Quid
918 1662 1045 1717 ergo
1090 1644 1190 1700 sibi
1234 1644 1345 1700 vult
1384 1644 1581 1699 dictum
1614 1643 1776 1700 illud?
1811 1642 1901 1700 Sic

320 1740 464 1791 enim
495 1738 729 1793 arbitror
756 1738 904 1792 vobis
928 1747 1136 1792 auctam
1167 1751 1283 1791 esse
1314 1736 1790 1806 perturbationem,
1836 1750 1900 1791 ac

326 1830 582 1899 majorem
609 1829 989 1885 dubitationem
1016 1837 1279 1893 exortam,
1312 1837 1365 1883 et
1392 1829 1583 1883 anxios
1608 1843 1703 1883 vos
1731 1843 1850 1883 esse
1882 1846 1896 1881 :

324 1933 686 1976 verumtamen
712 1921 871 1976 nolite
893 1922 1109 1983 timere;
1138 1936 1240 1974 non
1268 1919 1408 1974 enim
1434 1919 1703 1985 desistam,
1730 1919 1900 1974 donec

326 2013 643 2067 solutionem
686 2013 1008 2082 adjunxero:
1038 2013 1197 2068 sinite
1225 2021 1424 2067 tantum
1458 2022 1514 2067 ut
1556 2013 1714 2082 paulo
1740 2012 1899 2067 altius

333 2105 534 2157 initium
565 2104 815 2159 orationis
841 2119 1130 2170 arcessam,
1162 2105 1301 2172 quod
1330 2104 1486 2159 aliter
1511 2103 1620 2158 ﬁeri
1649 2111 1893 2173 nequeat,

324 2206 386 2248 ut
407 2196 632 2250 dilucide
669 2196 829 2250 menti
852 2205 1042 2251 vestra:
1070 2196 1245 2249 onmia
1272 2195 1726 2249 commendentur.
1760 2193 1897 2262 Quid

326 2300 449 2353 ergo
474 2284 575 2338 sibi
601 2285 729 2349 vult,
756 2285 894 2355 quod
922 2293 1004 2340 est
1026 2284 1257 2340 dictum?
1278 2283 1415 2341 Cum
1443 2299 1503 2340 se
1526 2286 1788 2354 reciperet
1808 2283 1901 2340 Je-

324 2375 642 2445 rosolymam
668 2376 843 2439 Jesus,
876 2376 1099 2431 accessit
1134 2392 1254 2431 cum
1303 2375 1424 2432 ﬁliis
1465 2389 1635 2431 mater
1664 2376 1893 2431 ﬁliorum

320 2462 786 2527 ZebedmiJacobi
804 2462 1115 2526 etloannis,
1136 2462 1215 2516 sic
1242 2477 1365 2516 eum
1384 2461 1689 2530 alloquens,
1719 2459 1820 2513 Dic
1849 2468 1905 2511 ut

326 2559 542 2613 sedeant
564 2557 619 2609 hi
636 2556 740 2609 duo
758 2556 859 2624 ﬁlii
877 2556 975 2608 mei
995 2570 1128 2607 unus
1147 2553 1215 2606 ad
1235 2553 1506 2607 dexteram
1533 2562 1904 2619 tuam,etttntts

325 2652 397 2704 ad
412 2649 698 2703 sinistram
721 2657 867 2700 tuam
891 2644 1087 2715 (Marc.
1113 2643 1201 2698 l0.
1222 2642 1310 2714 57)
1330 2662 1343 2697 :
1366 2644 1501 2699 alter
1530 2653 1715 2698 autem
1741 2659 1907 2699 evan-

329 2740 526 2809 gelista
546 2737 686 2792 ﬁlios
709 2737 821 2791 haec
840 2753 866 2787 a
882 2733 1105 2791 Christo
1133 2734 1357 2804 petiisse
1386 2733 1523 2789 dixit
1547 2753 1560 2788 :
1586 2732 1680 2789 sed
1695 2750 1802 2788 non
1821 2741 1907 2788 est

326 2840 515 2885 tamen
534 2827 902 2898 discrepantia
921 2827 1281 2897 :nequeenim
1301 2832 1430 2880 sunt
1445 2826 1559 2880 haec
1570 2826 1777 2879 minuta
1796 2839 1908 2894 per-

325 2918 644 2975 currenda:
676 2933 864 2972 verum
895 2933 1018 2971 eum
1042 2926 1272 2971 matrem
1305 2917 1666 2986 praemisisset
1686 2919 1727 2984 ³,
1756 2925 1906 2986 post-

330 3026 497 3081 quam
522 3010 612 3064 illa
632 3008 790 3074 dixit,
806 3016 860 3063 et
876 3017 1084 3077 portam
1107 3008 1340 3076 aperuit,
1363 3008 1465 3078 ipsi
1483 3024 1701 3079 quoque
1720 3023 1905 3077 preces

331 3102 719 3165 admoverunt,
744 3100 1072 3165 nescientes,
1087 3099 1217 3169 quid
1239 3098 1505 3166 dicerent,
1538 3100 1633 3154 sed
1660 3098 1905 3153 dicentes

327 3200 540 3247 tamen.
564 3190 701 3245 Nam
728 3191 855 3245 licet
881 3191 1338 3261 apostoliessent,
1368 3190 1801 3261 itnperl'ectiores
1823 3200 1905 3244 ta-

332 3298 459 3336 men
488 3283 671 3336 adhuc
700 3291 879 3347 erant,
924 3290 1180 3350 tanquam
1206 3282 1341 3351 pulli
1369 3282 1722 3337 errantes’in
1755 3283 1903 3346 nido,

329 3389 458 3427 cum
479 3373 720 3429 nondum
737 3371 846 3426 illis
868 3388 1057 3441 penum
1073 3374 1466 3427 succreverint.
1484 3374 1661 3442 Atque
1676 3373 1776 3427 hoc
1792 3388 1904 3425 ma-

333 3464 482 3516 xime
515 3462 672 3518 vobis
701 3477 824 3517 esse
850 3474 1037 3516 natum
1072 3470 1307 3532 oportet,
1338 3472 1466 3518 ante
1502 3463 1814 3533 passionem
1849 3465 1901 3519 in

322 3545 496 3600 multa
523 3545 646 3601 illos
658 3545 950 3615 ignorantia
969 3563 1088 3604 esse
1108 3561 1363 3615 versatos,
1386 3560 1707 3621 quapr0pter
1729 3562 1782 3607 et
1807 3553 1887 3607 in-

305 3646 539 3701 crepans
564 3650 657 3690 eos
675 3636 915 3693 dicebat:
944 3639 1121 3694 Adhuc
1141 3650 1188 3695 et
1212 3658 1297 3696 vos
1320 3643 1427 3697 sine
1450 3644 1702 3697 intellectu
1731 3646 1846 3699 estis
1862 3646 1890 3701 1

308 3722 559 3778 Nondum
581 3731 902 3797 cognoscitis,
930 3748 1020 3784 nec
1044 3732 1341 3803 intelligitis,
1373 3736 1489 3803 quia
1517 3754 1616 3790 non
1651 3738 1712 3790 de
1741 3738 1886 3805 pani-

304 3812 403 3865 bus
424 3816 539 3870 dixi
564 3816 715 3882 vobis,
738 3830 903 3872 cavete
933 3838 962 3872 a
987 3825 1229 3891 fermento
1270 3822 1641 3879 Pharisaeorum
1672 3827 1881 3897 (Matth.

311 3904 399 3957 l5.
432 3904 555 3973 l6}?
583 3917 635 3959 et
664 3924 865 3975 rursus,
902 3911 1065 3965 Multa
1091 3913 1247 3967 habeo
1290 3916 1421 3969 vobis
1448 3917 1631 3981 dicere,
1658 3921 1755 3973 sed
1785 3939 1885 3976 non

307 3997 515 4059 potestis
541 4008 745 4066 portare
772 4005 918 4053 modo
949 4000 1125 4073 (Joan.
1146 4004 1230 4059 16.
1263 4004 1371 4077 12).
1398 4006 1577 4075 Neque
1606 4026 1731 4065 vero
1754 4012 1883 4065 sub-

308 4087 515 4139 limiora
547 4098 745 4144 tantum
788 4092 1117 4161 ignorabant,
1168 4099 1259 4152 sed
1290 4100 1397 4155 illis
1436 4102 1592 4156 etiam
1642 4118 1884 4173 saepenu-

306 4194 481 4243 mero,
511 4195 629 4248 qute
652 4182 950 4250 audierant,
979 4201 1086 4256 pra:
1108 4200 1249 4244 metu
1276 4207 1339 4247 ac
1364 4193 1644 4250 timiditate
1671 4197 1883 4253 excide-

307 4268 453 4334 bant,
486 4272 627 4340 quod
656 4274 758 4329 illis
781 4279 1105 4346 exprobrans
1130 4282 1324 4349 aiebat,
1358 4285 1520 4340 Nemo
1542 4304 1604 4342 ex
1642 4289 1774 4345 vobis
1799 4291 1880 4344 in-

304 4370 528 4431 tcrrogat
554 4380 652 4429 me,
680 4365 790 4429 Quo
816 4368 992 4423 vadis?
1017 4370 1122 4425 Sed
1146 4374 1265 4443 quia
1290 4375 1396 4429 haec
1417 4376 1648 4447 loquutus
1665 4397 1778 4434 sum
1798 4398 1883 4437 vo-

302 4450 395 4516 bis,
422 4453 628 4506 tristitia
668 4456 887 4524 implevit
916 4476 1001 4514 cor
1029 4473 1243 4517 vestrum
1271 4464 1428 4535 (Ibid.
1457 4484 1504 4521 v.
1536 4469 1595 4540 5)
1627 4487 1642 4523 :
1668 4479 1721 4525 et
1761 4487 1879 4527 rur-

302 4556 413 4634 sus,
440 4541 545 4634 Ille
568 4547 701 4599 vobis
729 4561 952 4618 suggeret
973 4554 1161 4615 omnia,
1202 4564 1249 4606 ct
1290 4556 1481 4611 docebit
1510 4575 1594 4612 vos
1636 4559 1744 4634 (Id.
1789 4563 1875 4616 M.

303 4630 395 4700 26)
417 4652 430 4686 :
456 4632 524 4687 de
550 4640 817 4692 Paracleto
847 4641 1004 4695 verba
1044 4645 1272 4699 laciens:
1304 4655 1550 4702 caeterum
1576 4630 1677 4704 non
1709 4652 1875 4706 dixis-

301 4733 400 4784 set,
427 4734 696 4792 suggeret,
730 4727 829 4781 nisi
858 4731 1017 4783 nntlta
1051 4732 1170 4800 illis,
1202 4751 1319 4804 qua:
1350 4736 1485 4791 dicta
1518 4737 1743 4807 fuerant,
1780 4760 1875 4798 ex-

298 4811 575 4867 cidissent.
606 4815 728 4870 llarc
753 4830 927 4873 autem
952 4836 982 4874 a
1010 4838 1093 4877 me
1121 4840 1223 4879 non
1249 4835 1446 4883 temere
1469 4844 1876 4890 commemorata

298 4914 445 4971 sunt,
474 4907 568 4960 sed
598 4910 844 4977 quoniam
872 4911 1057 4968 Petrus
1084 4916 1242 4971 modo
1266 4919 1476 4987 quidem
1519 4922 1725 4977 videtur
1750 4940 1874 4993 per-

301 4993 493 5049 fectam
520 4999 798 5065 quamdam
822 5002 1207 5059 confessionem
1232 5008 1485 5077 proferre,
1515 5012 1672 5066 modo
1700 5024 1874 5071 autem

297 5086 539 5141 omnium
567 5090 780 5144 oblitus.
808 5091 937 5145 Nam
968 5094 1056 5164 qui
1088 5096 1311 5164 dixerat,
1340 5098 1417 5153 Tu
1446 5119 1497 5155 es
1522 5101 1749 5159 Christus
1775 5106 1873 5159 Fi-

296 5178 397 5229 lius
420 5175 521 5231 Dei
540 5179 864 5249 vivi(Matth.
890 5184 977 5238 16.
1007 5185 1117 5256 16),
1152 5204 1211 5240 ac
1239 5201 1511 5258 propterea
1542 5194 1722 5250 beatus
1748 5214 1875 5265 pra:-

294 5268 507 5323 dicatus
531 5269 721 5339 fuerat,
748 5274 1004 5343 ejusmodi
1030 5280 1181 5348 paulo
1204 5293 1319 5349 post
1340 5295 1610 5351 peccatum
1639 5288 1868 5355 admisit,

296 5368 354 5411 ut
383 5359 609 5417 Satanas
635 5363 792 5420 fuerit
833 5369 1144 5436 appellatus.
1173 5372 1257 5426 Sic
1284 5375 1423 5428 enim
1454 5377 1545 5440 ait,
1590 5376 1725 5433 Vade
1762 5390 1872 5449 post

258 5458 399 5520 'me,
417 5454 633 5522 Salano,
669 5458 964 5515 scandalum
988 5478 1040 5518 es
1063 5464 1223 5519 mihi:
1247 5468 1363 5537 quia
1388 5484 1487 5523 non
1508 5470 1645 5540 sapis
1664 5488 1740 5539 ea,
1762 5488 1873 5543 qua

362 5607 385 5686 ξ
793 5626 887 5665 non
908 5622 1160 5687 estoteum
1183 5621 1317 5684 dare,
1343 5622 1427 5674 sed
1452 5623 1624 5677 Patris.

363 5658 385 5761 ς
416 5658 611 5779 3m...
631 5658 1066 5738 ea:
909 5658 1134 5747 *τζεπιςίς

453 5743 544 5782 nus
566 5734 730 5796 habet,
752 5739 989 5802 plasmata

1002 351 1088 403 DE
1130 349 1347 405 PETIT.
1392 349 1629 403 FILIOll.
1673 343 2007 402 ΖΕΒΕΟᾸΞῘ.
2046 344 2322 401 CONTRA
2362 345 2733 403 ANOMG‘IOS.
2776 347 2903 403 VIII.

3500 354 3602 411 7Ἱὸ

2021 456 2118 511 Dei
2135 467 2272 523 sunt,
2295 458 2383 512 sed
2404 476 2460 512 ea
2477 476 2588 529 qute
2604 460 2859 514 hominum
2885 462 3094 532 (Matth.
3122 464 3203 519 ιϐ.
3220 464 3331 539 '23).
3352 467 3487 535 Quid
3507 469 3603 521 im-

2016 546 2298 615 perfectius
2336 561 2401 602 eo
2447 548 2559 603 ﬁeri
2605 550 2789 618 possit,
2822 551 2910 620 qui
2943 567 3048 607 non
3079 555 3267 623 sapiat,
3313 572 3431 626 quze
3474 567 3602 612 sunt

2015 636 2133 704 ejus
2162 638 2204 703 ί,
2238 638 2331 693 sed
2356 655 2474 709 qua:
2499 648 2624 695 sunt
2652 640 2960 697 hominum?
3003 644 3290 715 Postquam
3331 649 3475 704 enim
3521 648 3599 703 illi

2013 728 2083 784 de
2103 744 2262 785 cruce
2290 730 2463 801 deque
2492 734 2883 789 resurrectione
2906 736 3065 791 verba
3096 735 3315 806 fecerat,
3345 755 3465 794 cum
3492 759 3588 800 eo-

2013 836 2152 886 rum,
2183 836 2302 891 qute
2324 821 2463 878 dicta
2491 820 2722 889 fuerant,
2748 824 3156 894 profunditatem
3184 829 3474 898 ignoraret,
3492 846 3591 886 ne-

2011 927 2114 981 que
2129 910 2239 981 jam
2267 927 2458 966 arcana
2505 913 2752 983 dogmata
2790 914 3127 987 futuramque
3156 919 3335 973 mttndi
3364 922 3595 977 salutem

2015 1010 2192 1070 posset
2205 1003 2677 1073 comprehendere,
2694 1007 2978 1075 separatim
2999 1023 3274 1063 assumens
3290 1024 3414 1065 eum
3435 1010 3590 1075 dixit,

2014 1094 2273 1164 PrOpitius
2297 1095 2386 1149 tibi
2404 1105 2525 1160 esto,
2548 1096 2786 1165 Domine,
2817 1116 2916 1153 non
2943 1100 3032 1154 erit
3053 1102 3140 1155 tibi
3160 1102 3253 1156 hoc
3270 1101 3375 1174 (Ib.
3398 1118 3446 1157 υ.
3466 1102 3586 1168 29.).

2013 1185 2173 1239 Vides
2202 1193 2259 1239 ut
2283 1185 2361 1239 illi
2406 1188 2533 1240 nihil
2561 1188 2626 1242 de
2652 1191 3044 1245 resurrectione
3083 1200 3233 1246 certo
3262 1193 3493 1250 scirent?
3522 1193 3591 1247 Et

2012 1277 2112 1331 hoc
2132 1278 2301 1346 ipsum
2321 1278 2560 1333 indicans
2578 1279 2914 1349 Evangelista
2940 1280 3168 1348 dicebat,
3193 1280 3437 1337 Nondum
3454 1283 3589 1337 enim

2007 1368 2245 1435 sciebant,
2265 1371 2384 1440 quia
2404 1380 2653 1439 aporteret
2679 1387 2792 1425 eum
2817 1388 2850 1425 a
2876 1372 3085 1426 mortuis
3114 1389 3374 1444 resurgere
3402 1373 3582 1444 (Joan.

2005 1458 2094 1514 20.
2130 1458 2205 1531 tt).
2229 1459 2378 1527 Quod
2401 1461 2444 1515 si
2470 1461 2565 1515 ista
2591 1460 2922 1525 nesciebant,
2946 1462 3114 1515 multo
3137 1464 3303 1532 magis
3322 1464 3423 1518 alia
3445 1464 3588 1533 igne,

2008 1552 2215 1615 rabant,
2256 1553 2552 1621 cujusmodi
2581 1565 2662 1608 est
2690 1553 2756 1608 de
2782 1554 2980 1609 caslesti
3012 1570 3193 1624 regno,
3242 1555 3309 1610 de
3342 1556 3587 1624 primitiis

2007 1644 2223 1711 nostris,
2251 1660 2313 1698 ac
2333 1644 2398 1700 de
2422 1646 2735 1701 ascensione
2756 1646 2808 1700 in
2831 1646 3038 1712 caelum,
3069 1647 3318 1715 lnnnique
3338 1656 3586 1716 repentes

2004 1735 2177 1791 adhuc
2204 1737 2435 1791 nendum
2468 1738 2519 1791 in
2549 1738 2711 1791 altum
2741 1746 2986 1806 poterant
3007 1739 3239 1792 evolare.
3268 1738 3399 1793 Cum
3428 1738 3587 1807 igitur

2006 1825 2107 1879 hac
2136 1836 2316 1880 essent
2343 1826 2594 1896 opinione
2641 1828 2845 1891 imbuti,
2892 1836 2946 1882 et
2996 1837 3389 1897 exspectarent,
3420 1840 3477 1881 ut
3506 1828 3583 1882 illi

2005 1914 2283 1970 confestim
2314 1932 2532 1984 regnum
2562 1917 2909 1988 Jerosolytnis
2931 1918 3247 1973 obveniret:
3279 1918 3411 1973 nihil
3438 1919 3581 1973 enim

2004 2005 2231 2074 amplius
2260 2021 2419 2075 quam
2460 2006 2586 2060 illud
2615 2016 2891 2069 noverant,
2917 2008 3059 2076 quod
3089 2008 3339 2062 nimirum
3365 2017 3419 2064 et
3448 2010 3583 2064 alius

2003 2095 2323 2163 evangelista
2369 2096 2647 2165 signiﬁcat,
2679 2097 2882 2163 dicens,
2934 2099 3050 2152 illos
3092 2100 3426 2155 existimasse
3467 2101 3577 2169 jam

2002 2200 2219 2255 regnum
2246 2186 2367 2255 ejus
2394 2187 2700 2253 adventare,
2732 2189 2873 2257 quod
2921 2205 3081 2243 unum
3127 2190 3340 2260 aliquod
3380 2207 3446 2245 ex
3479 2191 3580 2243 lm-

2001 2276 2171 2329 manis
2195 2276 2370 2346 regnis
2399 2277 2814 2346 suspicarentur,
2855 2286 2909 2332 et
2943 2280 3328 2333 arbitrarentur
3352 2280 3418 2334 ad
3449 2280 3578 2335 illud
3622 2316 3643 2330 ρ

2001 2365 2285 2421 ineundum
2316 2382 2421 2421 non
2447 2366 2511 2421 ad
2542 2383 2757 2422 crucem
2788 2376 2841 2423 et
2870 2378 3095 2424 mortem
3146 2369 3289 2422 illum
3316 2386 3536 2440 pergere
3561 2388 3576 2425 :

2000 2472 2120 2511 nam
2151 2458 2275 2514 licet
2302 2459 2495 2514 millies
2522 2458 2868 2524 audivissent,
2908 2469 3055 2515 certo
3085 2459 3135 2513 id
3176 2460 3313 2515 seire
3342 2476 3446 2516 non
3480 2477 3575 2530 po-

1998 2556 2168 2602 terant
2179 2586 2193 2601 .

2066 2639 2120 2693 5.
2156 2638 2419 2706 Quoniam
2460 2638 2621 2710 igitur
2656 2640 2888 2694 nondum
2930 2641 3141 2711 quidem
3182 2642 3480 2696 evidentem
3518 2651 3575 2696 et

1994 2738 2232 2783 exactam
2263 2729 2567 2800 dogmatum
2594 2732 2947 2801 cognitionem
2988 2732 3161 2803 adepti
3188 2742 3360 2795 erant,
3386 2734 3480 2788 sed
3505 2732 3567 2786 ad

1995 2819 2247 2874 sensibile
2289 2836 2507 2890 regnum
2538 2838 2757 2892 pergere
2780 2824 3070 2878 censebant
3098 2866 3112 2886 ,
3153 2835 3207 2879 et
3230 2823 3574 2894 Jerosolymis

1996 2920 2354 2981 regnaturum,
2386 2923 2718 2968 assumentes
2745 2930 2866 2969 eum
2908 2916 2962 2970 in
2990 2917 3095 2978 via,
3124 2927 3476 2985 Opportunum
3512 2932 3572 2970 se

1995 3011 2178 3056 nactos
2209 3014 2413 3074 tempus
2459 3005 2843 3074 existimantes,
2891 3007 3025 3062 hanc
3069 3010 3372 3077 petitionem
3418 3010 3572 3064 insli-

1996 3102 2150 3148 tuunt
2177 3111 2189 3147 :
2224 3112 2341 3148 nam
2372 3111 2491 3150 eum
2517 3096 2725 3165 seipsos
2752 3113 2779 3151 a
2803 3109 2945 3153 ccetu
2970 3098 3348 3167 discipulorum
3374 3116 3567 3172 seque-

1993 3193 2270 3253 strassent,
2291 3186 2508 3256 perinde
2528 3189 2676 3258 quasi
2697 3189 2764 3243 ad
2786 3189 3019 3259 ipsorum
3045 3191 3317 3245 arbitrium
3342 3193 3569 3247 redacta:

1993 3290 2080 3331 res
2107 3286 2306 3344 essent,
2332 3279 2734 3349 praerogativam
2765 3280 2907 3335 sedis
2937 3283 3222 3351 postulant,
3276 3294 3328 3338 et
3375 3285 3570 3354 primas

1993 3378 2171 3438 partes
2196 3373 2332 3425 inter
2357 3371 2488 3427 alios
2510 3373 2608 3427 sibi
2638 3372 2834 3428 deferri
2865 3392 2877 3428 :
2911 3376 3103 3444 quippe
3133 3376 3220 3447 qui
3247 3376 3568 3433 arbitraren-

1994 3471 2079 3516 tur
2102 3463 2211 3532 jam
2243 3478 2331 3517 res
2360 3464 2516 3519 ﬁnem
2537 3467 2825 3535 accepisse,
2858 3476 3025 3521 totum
3057 3468 3327 3537 negotium
3352 3469 3563 3531 conﬁci,

1991 3560 2305 3622 tempusque
2324 3569 2639 3610 coronarum
2657 3571 2720 3611 ac
2737 3557 3073 3625 prtemiorum
3089 3558 3369 3614 advenisse
3394 3577 3406 3613 :
3425 3560 3567 3629 quod

1991 3642 2164 3711 ipsum
2202 3651 2453 3698 extrema:
2480 3643 2576 3699 fuit
2622 3645 2866 3702 inscitiae.
2894 3648 3067 3715 Atque
3095 3658 3151 3701 ut
3178 3646 3293 3703 hmc
3326 3664 3429 3702 non
3452 3650 3566 3704 Sola

1991 3731 2295 3799 conjectura
2328 3735 2718 3805 verborumque
2749 3735 3121 3805 probabilitate
3147 3737 3241 3791 niti
3269 3738 3522 3793 noveritis
3548 3781 3560 3800 .

1991 3821 2158 3890 ipsius
2184 3822 2333 3890 .Iesu,
2365 3824 2448 3878 cui
2476 3836 2751 3895 perspecta
2788 3836 2911 3881 sunt
2949 3843 3142 3883 arcana
3168 3846 3389 3899 qumque
3408 3873 3423 3898 ,
3451 3848 3563 3885 rem

1989 3926 2236 3968 sermone
2249 3923 2406 3983 atque
2430 3917 2739 3971 auctoritate
2759 3916 3098 3973 conﬁrmabo.
3126 3918 3404 3989 Postquam
3420 3923 3564 3976 enim

1991 4001 2085 4054 ista
2114 4002 2478 4069 postularunt,
2505 4004 2627 4058 audi
2664 4005 2789 4074 quid
2820 4006 2925 4059 illis
2955 4009 3270 4075 respondeat
3302 4026 3319 4065 :
3347 4008 3562 4063 Nescitis

1987 4092 2109 4158 quid
2133 4094 2311 4162 petatis
2337 4093 2525 4162 (Marc.
2556 4094 2639 4149 l0.
2670 4094 2781 4165 38).
2816 4096 2951 4162 Quid
2979 4097 3076 4152 hac
3118 4098 3432 4168 probatione
3452 4102 3559 4156 cla.

1990 4181 2135 4235 rius?
2163 4182 2320 4235 Vides
2348 4184 2467 4237 illos
2488 4185 2703 4238 minime
2730 4186 2941 4241 novisse
2968 4188 3107 4256 quod
3140 4188 3407 4257 petebant,
3438 4206 3557 4245 cum

1987 4272 2053 4326 de
2073 4275 2284 4327 coronis
2312 4290 2373 4329 ac
2401 4278 2630 4344 prtemiis
2650 4277 2786 4346 apud
2809 4278 2955 4333 illum
2986 4279 3141 4335 verba
3168 4279 3405 4336 facerent
3429 4299 3560 4339 nec-

1986 4363 2109 4416 dum
2134 4366 2508 4420 rertaminibus
2546 4368 2845 4423 inchoatis?
2869 4370 2979 4424 Duo
3004 4381 3129 4426 sunt
3157 4373 3312 4443 igitur
3331 4391 3448 4444 qum
3476 4376 3559 4429 in-

1988 4454 2119 4519 nuit,
2146 4454 2244 4508 hoc
2268 4454 2471 4519 dicens,
2503 4455 2721 4512 Nescitis
2744 4460 2863 4528 quid
2893 4461 3105 4530 petatis,
3140 4479 3298 4518 unum
3324 4466 3463 4535 quod
3491 4468 3558 4522 de

1986 4559 2149 4613 regno
2177 4546 2472 4615 loquantur,
2504 4548 2570 4603 de
2594 4564 2698 4619 quo
2727 4564 3026 4607 sermonem
3052 4551 3294 4611 Christus
3341 4573 3445 4611 non
3476 4559 3561 4611 in-

1984 4636 2227 4689 stituerat
2254 4652 2269 4689 :
2301 4653 2404 4690 non
2433 4638 2572 4693 enim
2616 4639 2684 4695 de
2712 4640 2814 4695 hoc
2855 4651 3064 4697 terreno
3104 4660 3168 4699 ac
3195 4647 3430 4701 sensibili
3459 4664 3560 4703 an-

1985 4727 2287 4782 nunciatum
2319 4738 2434 4783 erat
2456 4744 2469 4779 :
2494 4730 2741 4797 alterum,
2767 4733 2907 4802 quod
2937 4733 3063 4789 dum
3084 4736 3224 4790 sedis
3248 4740 3559 4806 praerogati-

1981 4833 2098 4870 vam
2120 4860 2135 4884 ,
2167 4829 2220 4872 et
2260 4821 2498 4875 caelestes
2523 4823 2631 4889 jam
2668 4834 2911 4893 quaerunt
2950 4825 3202 4893 honores,
3246 4828 3559 4898 catterisqne

1982 4910 2146 4964 videri
2171 4911 2424 4968 clariores
2447 4925 2499 4969 et
2522 4914 2835 4971 illustriores
2863 4919 3207 4984 contendunt,
3233 4934 3301 4973 ne
3320 4934 3417 4974 suo
3444 4922 3558 4988 qui-

1980 5001 2100 5055 dem
2145 5011 2400 5072 tempore,
2433 5005 2525 5061 sed
2553 5006 2835 5061 admodum
2878 5008 3245 5078 intempestive
3271 5010 3364 5064 ista
3410 5025 3557 5079 qure-

1979 5104 2115 5146 rant.
2147 5094 2379 5164 Tempus
2407 5098 2548 5149 enim
2580 5098 2704 5150 illud
2729 5113 2830 5151 non
2860 5113 3174 5153 coronarum
3196 5108 3286 5152 aut
3310 5099 3558 5167 prmmio-

1977 5199 2116 5247 rum,
2148 5184 2241 5239 sed
2267 5186 2636 5253 certaminum,
2671 5187 2950 5251 luctarutn,
2986 5190 3240 5251 laborum,
3274 5190 3551 5247 sudorum.

1977 5274 2268 5329 stadiorum
2304 5274 2422 5341 fuit,
2452 5286 2609 5347 atque
2646 5278 2964 5347 praeliorum.
2998 5279 3111 5333 lloc
3141 5280 3296 5349 igitur
3316 5281 3416 5335 sibi
3448 5283 3556 5335 vult

1977 5366 2107 5421 illud
2134 5366 2276 5436 quod
2309 5368 2402 5434 ait,
2432 5367 2649 5423 Nescitis
2671 5369 2792 5439 quid
2819 5370 3016 5437 petatis,
3043 5369 3167 5423 dum
3211 5369 3278 5424 de
3309 5370 3391 5425 lllS
3412 5373 3550 5441 apud

1976 5471 2062 5510 me
2090 5456 2249 5509 verba
2275 5456 2465 5520 facitis,
2492 5473 2614 5514 cum
2638 5458 2865 5513 necdum
2897 5459 3106 5514 labores
3133 5464 3548 5530 exantlaveritis,

1973 5546 2198 5600 necdum
2228 5545 2295 5601 ad
2317 5545 2543 5603 ineunda
2563 5549 2851 5606 certamina
2878 5566 2972 5606 vos
2999 5552 3249 5608 esueritis
3277 5571 3290 5607 :
3320 5569 3438 5609 cum
3472 5556 3550 5609 in-

1973 5648 2242 5693 correctus
2268 5638 2439 5694 adhuc
2465 5650 2671 5695 maneat
2692 5642 2833 5698 orbis
2856 5653 3133 5712 terrarum,
3158 5661 3277 5701 cum
3305 5648 3544 5718 impietas

2047 5744 2059 5773 ¹
2091 5751 2138 5799 td
2161 5758 2253 5814 est,
2290 5765 2397 5816 qua:
2418 5760 2525 5803 sunt
2548 5755 2654 5805 Dei.
