4062 6166
402 365 506 417 ⁸775

391 480 720 541 dominetur,
772 481 825 526 et
872 474 1091 539 pereant
1115 478 1303 519 omnes
1350 463 1623 517 mortales.
1678 460 1919 515 Nondum
1949 473 1979 513 e

396 562 699 617 carceribus
727 559 998 616 exsiliistis
1020 598 1034 623 ,
1064 553 1300 609 nondum
1327 551 1394 608 ad
1431 550 1657 606 incunda
1696 549 1978 604 luctamina

394 654 492 709 vos
515 654 758 719 exuistis,
793 650 1013 705 Potestis
1031 647 1196 703 bibere
1220 646 1442 709 calicem,
1467 661 1609 715 quem
1631 660 1720 714 ego
1736 642 1981 696 bibiturus

389 760 532 804 sum,
571 753 618 798 et
645 742 913 811 baptismo,
942 756 1041 810 quo
1082 755 1173 809 ego
1217 736 1462 806 baptizor,
1511 733 1756 805 baptizari
1785 732 1978 804 (Marc.

399 833 490 889 10.
519 832 652 905 38)?
678 833 894 887 calicem
921 832 1020 885 hoc
1042 831 1157 884 loco
1177 837 1232 883 et
1250 828 1567 898 baptismum
1593 840 1807 881 crucem
1829 837 1979 877 suam

399 933 455 978 et
481 934 704 979 mortem
731 922 1005 991 appellans
1035 937 1048 975 :
1081 920 1300 975 calicem
1328 918 1562 989 quidem,
1586 917 1834 987 quoniam
1861 930 1980 970 cum

404 1014 673 1083 voluptate
699 1013 845 1068 illum
893 1012 1086 1077 clubit;
1138 1011 1457 1080 baptismum
1510 1018 1708 1075 autem,
1739 1007 1860 1076 quia
1889 1021 1984 1075 per

400 1105 543 1159 illam
573 1105 757 1159 orbem
799 1111 1059 1158 terrarum
1103 1101 1429 1172 cxpurgabat
1457 1117 1473 1155 :
1499 1115 1597 1154 nec
1645 1099 1841 1154 idcirco
1869 1105 1984 1151 tan-

403 1208 536 1263 tum,
571 1195 665 1251 sed
717 1206 771 1250 et
821 1202 1039 1264 propter
1089 1191 1497 1248 resurrectionis
1543 1189 1869 1245 facilitatem.
1918 1187 1988 1242 Ut

399 1289 544 1343 enim
575 1289 661 1357 qui
686 1288 980 1356 baptizatur
999 1300 1155 1356 aqua,
1184 1285 1350 1340 multa
1375 1298 1495 1338 cum
1522 1281 1771 1337 facilitate
1795 1296 1987 1337 ascen-

403 1380 481 1434 dit
524 1380 591 1434 ab
629 1394 883 1449 aquarutn
927 1386 1112 1432 natura
1163 1376 1295 1431 nihil
1346 1375 1675 1446 impeditus:
1704 1375 1780 1429 sic
1806 1383 1860 1430 et
1898 1373 1988 1428 ille

404 1487 523 1528 eum
557 1473 607 1526 in
632 1482 854 1526 mortem
880 1470 1265 1536 descendisset,
1292 1469 1458 1524 multa
1487 1484 1607 1524 cum
1628 1449 1877 1523 facilitate
1902 1481 1988 1520 as—

404 1563 584 1617 cendit
630 1580 643 1616 :
700 1571 978 1633 propterea
1030 1561 1349 1631 baptismum
1378 1562 1520 1616 illam
1557 1560 1808 1631 appellat.
1835 1559 1986 1626 Quod

408 1662 583 1709 autem
615 1654 752 1709 dicit.
770 1664 851 1709 est
880 1653 1243 1722 hujuscemodi
1268 1672 1282 1707 :
1307 1654 1528 1723 potestis
1553 1652 1744 1720 occidi,
1767 1662 1821 1707 et
1845 1666 1992 1706 mor-

409 1756 517 1801 tem
548 1749 843 1818 oppeterc?
869 1746 1070 1802 Horum
1096 1747 1237 1802 enim
1289 1761 1428 1801 nunc
1469 1757 1677 1817 tempus
1707 1756 1816 1812 est,
1845 1745 1991 1801 fune-

408 1853 546 1903 rum,
581 1838 957 1907 periculorum,
990 1836 1249 1892 laborum.
1284 1836 1514 1903 Verum,
1549 1838 1654 1904 illi,
1688 1835 1987 1901 Possumus,

410 1928 673 1998 inquiunt,
704 1944 823 1984 eum
849 1944 947 1983 nec
975 1928 1269 1999 intelligant
1297 1930 1420 1999 quid
1449 1929 1674 1994 dicatur,
1705 1930 1796 1983 sed
1826 1928 1993 1983 addu-

408 2020 478 2073 cti
526 2035 619 2089 spe
652 2020 964 2089 impetrandi
1013 2021 1295 2089 postulata,
1339 2020 1667 2089 promittant.
1719 2020 1807 2073 Ait
1852 2019 1989 2085 illis,

411 2109 629 2164 Calicem
655 2111 852 2182 quidem
881 2128 1043 2163 meum
1068 2111 1260 2177 bibetis,
1288 2120 1332 2163 et
1367 2109 1632 2180 baptismo,
1660 2127 1756 2176 quo
1786 2126 1875 2180 ego
1901 2110 1991 2163 ba-

413 2201 596 2270 ptizor,
625 2200 1001 2272 baptizabimini
1026 2200 1132 2270 (Ib.
1171 2215 1219 2253 υ.
1249 2199 1338 2255 59.
1371 2200 1461 2269 10)
1489 2217 1502 2253 :
1537 2209 1761 2255 mortem
1789 2201 1866 2254 sic
1894 2216 1991 2270 ap-

412 2291 614 2360 pellans
642 2306 654 2343 :
688 2306 808 2345 nam
850 2300 902 2345 et
924 2290 1124 2346 Iacobo
1148 2291 1324 2361 gladio
1349 2298 1512 2360 caput
1531 2290 1827 2346 abscissum
1866 2302 1948 2347 est
1973 2334 1988 2356 ,

412 2391 467 2436 et
489 2381 757 2436 tnultnties
808 2390 1049 2435 mortuus
1098 2389 1180 2436 est
1206 2381 1458 2436 Joannes.
1510 2382 1701 2438 Sedere
1728 2393 1894 2436 autem
1927 2383 1996 2437 ad

417 2474 670 2528 dexteram
697 2491 891 2542 meam,
925 2484 969 2528 et
998 2474 1065 2528 ad
1090 2475 1344 2529 sinistram
1371 2491 1533 2529 meam
1554 2517 1568 2541 ,
1592 2492 1698 2530 non
1732 2485 1803 2531 est
1832 2492 1995 2531 meum

414 2566 555 2634 dare,
578 2565 667 2620 sed
691 2567 867 2638 quibus
909 2576 1144 2638 paratum
1181 2575 1270 2621 est.
1312 2566 1464 2635 Quod
1502 2575 1678 2621 autem
1723 2566 1885 2634 dicit,
1915 2575 1998 2621 est

414 2657 699 2728 ejusmodi.

487 2749 736 2804 Certantis
761 2758 832 2804 est
852 2750 1115 2821 prtamium
1129 2750 1309 2804 mereri
1325 2759 1373 2804 et
1397 2736 1729 2819 ac'cipera—
1748 2748 1853 2803 Vos
1880 2749 1997 2817 qui-

416 2840 538 2894 dem
560 2839 884 2908 moriemini,
909 2839 1241 2905 oecidemiui,
1273 2848 1328 2894 et
1355 2840 1612 2894 honorem
1638 2838 1874 2909 martyrii
1903 2839 1999 2892 ob-

417 2930 654 2986 tinebitis
686 2947 700 2984 :
731 2939 1097 2987 verumtamen
1127 2940 1182 2986 ut
1225 2932 1461 2987 omnium
1506 2931 1661 3001 primi
1702 2931 1839 2996 sitis,
1892 2946 1998 2985 non

417 3029 503 3076 est
526 3037 702 3076 meum
740 3021 888 3088 dare,
915 3021 1009 3077 sed
1037 3036 1244 3088 eorum,
1273 3022 1363 3091 qui
1388 3021 1683 3085 decertant,
1722 3021 1996 3092 accipere,

417 3115 487 3171 ob
513 3114 682 3185 majus
706 3114 959 3179 studium,
991 3114 1061 3169 ob
1086 3121 1342 3183 majorem
1368 3114 1528 3168 animi
1554 3114 1902 3169 alacritatem.
1926 3112 2001 3170 'Ut

416 3215 591 3262 autem
615 3207 753 3278 quod
773 3208 889 3263 dico
909 3207 1241 3263 manifestius
1255 3206 1469 3273 evadat,
1494 3222 1751 3277 ponamus
1769 3207 1999 3279 aliquem

418 3314 539 3354 esse
567 3300 974 3369 agonotbetam;
1005 3299 1199 3354 deinde
1232 3309 1456 3354 matrem
1480 3338 1497 3364 ,
1528 3298 1613 3354 cui
1653 3297 1867 3353 athleta:
1895 3297 2001 3352 duo

420 3392 527 3445 sint
574 3392 684 3456 lilii,
715 3390 780 3445 ad
826 3391 1196 3460 agonotbetam
1228 3390 1485 3446 accedere
1511 3404 1631 3445 eum
1664 3389 1783 3445 liliis
1803 3390 1915 3445 suis
1940 3403 2002 3443 ac

419 3480 617 3543 dicere,
665 3482 758 3534 Dic
785 3489 845 3536 ut
892 3481 944 3534 hi
983 3481 1090 3535 duo
1130 3481 1220 3535 ﬁlii
1269 3481 1372 3535 mei
1402 3495 1653 3535 coronam
1694 3481 1997 3550 accipiant:

421 3572 545 3640 quid
570 3572 727 3640 igitur
749 3572 836 3627 ille
863 3571 1243 3641 respondebit?
1265 3571 1375 3626 Hoc
1400 3572 1569 3640 ipsum
1592 3571 1862 3635 nimirum,
1895 3587 2000 3625 non

422 3673 505 3717 est
537 3679 713 3716 meum
737 3663 885 3730 dare,
907 3663 1228 3733 agonotheta
1258 3679 1397 3731 sum,
1421 3656 1507 3733 qui
1532 3678 1635 3718 non
1661 3663 1726 3718 ad
1753 3665 1999 3734 gratiam,

423 3762 516 3806 aut
536 3753 947 3822 supplicantium
974 3753 1240 3822 precibus,
1271 3761 1326 3807 et
1354 3753 1691 3822 prensatione
1720 3754 2001 3821 adductus,

423 3844 519 3901 sed
542 3859 761 3915 operum
792 3845 933 3899 exitu
960 3845 1175 3915 prtemia
1206 3845 1465 3899 distribuo
1492 3862 1506 3899 :
1537 3845 1590 3900 id
1610 3845 1753 3900 enim
1777 3847 2004 3902 maxime

422 3948 505 3992 est
551 3940 901 4009 agonotbelm,
935 3949 1124 3994 utnon
1168 3951 1389 4006 temere,
1441 3949 1531 3993 aut
1582 3954 1795 4011 quoquo
1845 3942 2005 3996 modo

426 4035 641 4104 praemia
670 4033 942 4102 largiatur,
965 4033 1058 4089 sed
1086 4033 1341 4088 honorem
1368 4032 1657 4087 fortitudini
1679 4032 1882 4088 deferat
1910 4051 1923 4086 :
1955 4034 2005 4087 id

427 4126 677 4180 nimirum
707 4136 760 4180 et
786 4125 1028 4180 Christus
1050 4125 1194 4179 facit.
1225 4124 1339 4179 Non
1372 4134 1429 4179 ut
1455 4124 1704 4190 auferret,
1738 4140 1856 4195 qua:
1883 4133 2006 4178 sunt

423 4215 753 4284 substantia},
799 4217 870 4271 ita
918 4217 1166 4287 loquutus
1205 4226 1305 4283 est,
1334 4215 1426 4270 sed
1477 4224 1533 4270 ut
1579 4215 1679 4271 hoc
1724 4215 2012 4283 indicaret,

424 4323 531 4362 non
564 4309 728 4378 ipsius
757 4324 876 4363 esse
920 4310 1083 4363 solius
1112 4308 1269 4375 dare,
1319 4307 1411 4363 sed
1442 4323 1626 4363 eorum
1648 4350 1662 4373 ,
1694 4308 1784 4378 qui
1817 4307 2007 4362 decer-

427 4407 562 4464 tant,
589 4400 851 4468 accipere.
882 4399 1012 4453 Nam
1041 4400 1084 4455 si
1112 4401 1275 4453 solius
1312 4408 1456 4453 esset
1475 4398 1662 4468 ipsius,
1694 4412 1880 4454 omnes
1905 4397 2008 4453 ho-

426 4489 599 4542 mines
622 4489 754 4542 salvi
800 4489 987 4545 fierent
1010 4532 1025 4557 ,
1057 4499 1111 4545 et
1136 4489 1202 4544 ad
1232 4489 1553 4559 agnitionem
1593 4489 1833 4544 veritatis
1863 4491 2010 4543 veni-

425 4587 546 4634 rent
576 4594 591 4631 :
622 4579 667 4633 si
692 4580 855 4634 solius
881 4590 1022 4635 esset
1066 4580 1250 4650 ipsius,
1296 4579 1602 4635 dilferentes
1640 4579 1873 4634 honores
1901 4595 2005 4635 non

427 4681 609 4729 essent
650 4689 662 4727 :
706 4687 893 4728 omnes
939 4675 1078 4728 enim
1122 4673 1235 4741 ipse
1263 4671 1520 4740 condidit,
1547 4679 1601 4727 et
1625 4672 1899 4741 aequaliter
1926 4681 2009 4727 est

425 4766 503 4821 illi
532 4782 656 4822 cura
705 4766 771 4822 de
794 4766 1061 4822 erunibus.
1094 4766 1261 4821 Porro
1296 4765 1607 4820 differentes
1631 4779 1751 4820 esse
1778 4766 2008 4820 honores

429 4875 494 4915 ex
523 4859 687 4914 Paulo
727 4858 780 4913 id
809 4840 1109 4928 exponente
1134 4872 1441 4923 cognosces,
1476 4857 1601 4911 dum
1630 4857 1721 4921 ait,
1754 4857 1869 4911 Alio
1897 4858 2004 4910 cla-

427 4953 551 5006 ritas
580 4952 719 5017 solis,
750 4961 796 5005 et
824 4952 928 5004 alia
956 4951 1161 5004 claritas
1189 4951 1355 5016 lunar,
1393 4960 1438 5003 et
1462 4950 1565 5003 alia
1601 4949 1805 5004 claritas
1834 4949 2011 5002 stella-

324 5080 332 5088 -
427 5060 558 5097 rum.
580 5042 743 5099 Stella
761 5043 890 5096 enim
907 5059 936 5094 a
951 5041 1096 5096 stella
1116 5038 1527 5108 di/Tertclaritatc
1544 5038 1618 5112 (1.
1642 5039 1757 5094 Cor.
1780 5041 1866 5095 15.
1890 5039 2003 5111 41).

424 5137 493 5193 Et
521 5150 737 5201 rursus,
779 5133 840 5190 Si
882 5134 993 5202 quis
1032 5124 1403 5203 super-aediﬁcat
1430 5146 1587 5201 supra
1627 5129 2007 5199 fundamentum

429 5230 544 5294 Iioc,
576 5244 776 5290 aurum,
809 5234 1093 5297 argentum,
1133 5224 1326 5298 lapides
1352 5224 1594 5294 pretiosos
1640 5222 1754 5295 (Id.
1790 5225 1844 5279 5.
1894 5224 2005 5292 12).

426 5319 497 5375 Ut
526 5319 668 5374 enim
695 5319 903 5374 virtutis
930 5319 1238 5374 varietatem
1272 5316 1530 5371 indicaret
1548 5316 1766 5382 Paulus,
1789 5314 1864 5369 sic
1884 5329 2008 5369 ora-

426 5411 625 5468 tionem
680 5411 1102 5467 accommodavit
1151 5428 1165 5465 :
1222 5420 1278 5467 et
1306 5409 1420 5464 htec
1448 5408 1677 5473 dicebat,
1726 5407 1879 5461 simul
1924 5406 2011 5461 in-

428 5517 599 5558 nuens
627 5520 735 5558 non
766 5518 923 5575 posse
968 5517 1066 5560 nos
1091 5502 1409 5559 dormienda
1432 5501 1515 5556 vel
1543 5498 1815 5555 stertendo
1843 5499 1893 5553 in
1925 5514 2012 5554 re-

418 5607 589 5663 gnum
616 5594 866 5648 ctelorum
892 5594 1130 5661 introire,
1176 5593 1269 5649 sed
1294 5608 1390 5663 per
1409 5591 1605 5646 multas
1647 5589 2012 5645 tribulationes

426 5679 737 5752 accipienda
759 5698 877 5738 esse
899 5685 982 5739 illa
1010 5685 1247 5754 praemia.
1272 5683 1404 5739 Nam
1421 5687 1541 5753 quia
1566 5689 1846 5753 propterea
1868 5679 2011 5752 quod

424 5780 720 5854 plurimum
758 5774 988 5831 amicitia
1014 5783 1068 5832 et
1108 5774 1280 5846 gratia
1330 5774 1471 5843 apud
1510 5773 1684 5843 ipsum
1726 5770 2010 5840 valebant,

1172 347 1232 402 S.
1271 342 1505 401 JOANN.
1547 340 1923 396 CHRYSOST.
1967 337 2280 395 ARCHIEP.
2323 332 2857 394 CONSTANTINOP.

3557 334 3662 391 Τιὸ

2084 455 2372 509 censebant
2392 454 2506 509 fore
2532 465 2589 509 ut
2616 456 2760 524 ipsos
2788 456 2946 510 etiam
2969 454 3173 511 honore
3200 456 3408 513 eteteris
3427 460 3663 517 antefer—
3689 491 3697 502 ο

2087 557 2188 611 ret,
2221 563 2287 601 ne
2314 549 2358 602 si
2390 546 2506 602 th‘c
2534 548 2634 602 illis
2663 547 2894 618 suspicio
2922 547 3221 614 insedisset,
3253 551 3664 620 negligentiores

2084 638 2403 705 evaderent,
2437 649 2493 692 ut
2521 639 2588 694 ab
2614 638 2712 695 hac
2737 655 2829 695 eos
2870 640 3121 710 opinione
3147 640 3454 708 abduceret,
3498 643 3661 712 dixit,

2086 732 2209 787 Non
2235 743 2306 786 est
2331 749 2495 786 meum
2521 733 2662 801 dare,
2691 733 2785 788 sed
2816 742 3070 800 vestrum,
3099 735 3143 788 si
3170 734 3364 802 velitis,
3380 735 3663 804 accipere:

2087 835 2144 879 ut
2189 826 2443 896 majorem
2486 826 2648 880 animi
2687 826 3019 882 alacritatem
3045 826 3375 892 exhibeatis,
3417 835 3475 881 ut
3501 827 3671 896 majo-

2087 932 2200 972 rem
2228 918 2496 986 laborem,
2525 927 2581 973 ut
2604 918 2836 973 studium
2866 918 3037 989 majus
3070 936 3082 971 :
3120 917 3369 988 Operibus
3391 917 3537 972 enim
3568 931 3666 972 eoo

2088 1026 2248 1066 ronas
2268 1026 2506 1081 propono
2524 1052 2540 1079 ,
2569 1020 2623 1066 et
2663 1011 2932 1067 laboribus
2974 1011 3223 1077 honores,
3255 1019 3307 1066 et
3335 1011 3551 1081 prtemia
3576 1026 3669 1065 su-

2089 1102 2207 1158 dori
2235 1121 2248 1156 :
2280 1103 2394 1156 hmc
2420 1101 2560 1172 apud
2587 1117 2672 1158 me
2692 1101 3083 1157 commendatio
3108 1102 3246 1156 valet
3274 1102 3524 1170 maxime,
3552 1117 3674 1173 quae

2090 1197 2160 1251 ab
2183 1211 2401 1266 Operum
2431 1195 2756 1251 exhibitione
2784 1205 3082 1266 promanat.

2150 1290 2216 1343 νϐ.
2263 1288 2419 1343 Vides
2450 1303 2675 1343 menon
2718 1288 2911 1342 frustra
2941 1287 3138 1343 dixisse
3168 1302 3265 1342 nec
3303 1287 3472 1357 ipsius
3516 1302 3672 1351 esse,

2094 1395 2191 1435 nec
2218 1380 2409 1443 Patris,
2445 1380 2536 1434 sed
2563 1395 2769 1443 eorum,
2795 1380 2882 1449 qui
2913 1382 3210 1444 decertant,
3234 1379 3440 1434 labores
3479 1389 3671 1433 exant-

2094 1470 2225 1537 lant,
2267 1477 2322 1524 et
2340 1470 2606 1528 molestiis
2662 1469 3073 1525 conﬂictantur?
3096 1471 3386 1539 Propterea
3423 1470 3673 1525 nimirum

2095 1573 2148 1616 et
2174 1561 2472 1617 Jerusalem
2522 1561 2730 1616 dicebat
2764 1579 2777 1615 :
2814 1561 3020 1626 Quoties
3045 1561 3180 1615 uolui
3207 1577 3511 1632 congregare
3541 1560 3676 1629 ﬁlios

2095 1663 2282 1709 vestros
2306 1654 2728 1725 quemadmodum
2750 1653 2945 1722 gallina
2971 1654 3137 1724 pullos
3161 1670 3296 1718 suos,
3321 1667 3369 1707 et
3397 1652 3628 1707 noluistis
3651 1652 3678 1705 .’

2097 1744 2230 1800 Ecce
2264 1745 2575 1811 relinquetur
2601 1746 2780 1799 domus
2804 1754 2969 1798 uestra
3007 1743 3203 1799 deserta
3229 1743 3398 1814 (Luc.
3431 1744 3516 1799 l5.
3547 1744 3618 1797 54
3632 1745 3674 1811 ).

2099 1837 2261 1892 Vides
2277 1837 2389 1892 ﬁeri
2408 1853 2512 1892 non
2537 1853 2712 1907 posse,
2733 1846 2791 1893 ut
2807 1854 2870 1894 ex
2890 1838 2995 1893 illis
3015 1838 3103 1908 qui
3119 1838 3273 1892 otiosi
3290 1846 3434 1904 sunt,
3454 1853 3517 1892 ac
3535 1837 3646 1892 dcsi
3660 1870 3676 1878 -

2097 1927 2213 1992 des,
2238 1935 2293 1983 et
2331 1928 2503 1998 supini
2531 1927 2740 1998 jacent,
2777 1929 2913 1983 ullus
2930 1928 3218 1997 aliquando
3245 1928 3425 1982 salvus
3453 1927 3575 1980 fiat?
3600 1926 3678 1981 Ex

2100 2021 2205 2076 hoc
2231 2028 2287 2076 et
2316 2021 2459 2076 aliud
2491 2021 2759 2091 quidpiam
2803 2035 3057 2075 arcanum
3105 2020 3382 2085 discimus,
3413 2035 3518 2072 non
3549 2018 3683 2073 satis

2099 2128 2219 2168 esse
2247 2114 2563 2185 martyrium
2591 2112 2656 2166 ad
2694 2127 3003 2183 supremum
3042 2113 3295 2167 honorem
3327 2121 3382 2167 et
3407 2110 3683 2165 altissima:

2058 2243 2067 2250 μ
2099 2206 2243 2261 sedis
2271 2204 2655 2261 conciliandam
2687 2207 3111 2276 prterogativam.
3134 2205 3273 2260 Ecce
3299 2218 3526 2273 namque
3546 2218 3686 2273 prae-

2101 2296 2230 2350 dixit
2262 2296 2376 2349 istis
2401 2294 2520 2350 fore
2541 2295 2775 2366 quidem,
2800 2304 2857 2350 ut
2884 2297 3196 2367 martyrium
3225 2304 3554 2365 paterentur,
3582 2309 3685 2349 nec

2103 2387 2301 2442 idcirco
2330 2396 2507 2442 tamen
2542 2386 2760 2441 omnino
2789 2387 2988 2455 primos
3014 2386 3244 2441 honores
3289 2400 3682 2455 consequeren-

2104 2492 2189 2536 tur
2216 2492 2232 2535 :
2264 2479 2458 2551 quippe
2482 2494 2602 2534 cum
2625 2487 2806 2534 essent
2832 2478 3095 2546 nonnulli,
3121 2477 3210 2549 qui
3238 2477 3437 2548 majora
3468 2485 3686 2547 possent

2099 2588 2130 2626 a
2155 2587 2215 2627 se
2256 2580 2459 2640 patrata
2502 2569 2787 2626 ostendere
2836 2587 2850 2635 ;
2900 2570 2953 2625 id
2990 2569 3133 2639 quod
3174 2568 3414 2623 indicans
3433 2567 3683 2622 dicebat:

2104 2661 2321 2717 Calicem
2346 2661 2550 2733 quidem
2576 2677 2743 2714 nteum
2771 2660 2968 2726 bibetis,
2996 2669 3041 2712 et
3070 2658 3339 2729 baptismo,
3364 2674 3462 2728 quo
3485 2673 3575 2728 ego
3598 2656 3687 2711 ba-

2098 2753 2286 2823 ptizor,
2316 2751 2692 2822 baptizabimini
2715 2766 2734 2805 :
2761 2750 2932 2804 sedere
2957 2758 3124 2804 autem
3152 2748 3219 2802 ad
3238 2749 3514 2812 dexteram,
3537 2755 3586 2802 et
3613 2749 3683 2799 ad

2103 2846 2393 2913 sinistram,
2423 2862 2527 2900 non
2555 2856 2629 2900 est
2657 2862 2822 2899 meum
2851 2845 2990 2899 dare.
3023 2843 3139 2899 Non
3180 2843 3320 2913 quod
3349 2843 3561 2909 sedeat,
3589 2843 3686 2898 sed

2105 2937 2207 2993 hoc
2234 2938 2373 2994 idem
2416 2938 2586 3004 valet,
2611 2938 2757 3008 quod
2803 2938 3059 3008 majorem
3097 2937 3352 3006 consequi
3391 2936 3688 3003 honorem,

2098 3028 2305 3099 primas
2333 3040 2508 3098 partes
2555 3028 2818 3094 obtinere,
2866 3029 3194 3097 superiorem
3237 3028 3483 3083 omnibus
3530 3028 3686 3082 fieri:

2105 3119 2237 3176 dixit
2263 3120 2422 3190 igitur
2446 3119 2633 3175 sedere
2661 3119 2727 3173 ad
2773 3119 3046 3173 dexteram
3085 3128 3139 3173 et
3174 3118 3240 3173 ad
3280 3119 3584 3184 sinistram,
3631 3127 3695 3173 ut

2106 3227 2290 3267 eorum
2336 3211 2573 3283 opinioni
2598 3227 2660 3265 se
2685 3210 3115 3265 accommodaret
3149 3228 3164 3265 :
3197 3210 3269 3265 illi
3308 3210 3451 3265 enim
3492 3210 3694 3277 primas

2098 3312 2285 3373 spartes
2313 3301 2651 3371 appetebant,
2676 3309 2727 3356 et
2757 3311 2816 3356 ut
2841 3302 3049 3357 caeteris
3069 3301 3319 3357 omnibus
3344 3303 3572 3370 majores
3596 3316 3697 3371 ap-

2110 3402 2379 3466 parerent.
2412 3393 2525 3448 Hoc
2548 3394 2707 3464 igitur
2736 3394 2907 3464 ipsum
2930 3393 3122 3463 inquit,
3147 3400 3204 3447 ut
3231 3406 3329 3447 vos
3351 3392 3558 3448 exteris
3577 3407 3697 3446 ma-

2104 3487 2251 3557 jores
2278 3485 2579 3556 appareatis
2603 3527 2618 3552 ,
2648 3484 3003 3553 omnibusque
3050 3482 3415 3551 sublimiores,
3463 3483 3562 3538 hac
3587 3498 3695 3537 una

2110 3595 2168 3634 re
2198 3594 2301 3633 non
2343 3578 2564 3648 potestis
2593 3578 2906 3648 acquirere:
2944 3589 3066 3630 nam
3093 3585 3320 3631 mortem
3353 3576 3564 3645 quidem
3590 3589 3698 3644 op-

2111 3670 2321 3739 petetis,
2354 3676 2411 3722 ut
2436 3678 2610 3721 autem
2637 3681 2941 3738 supremum
2972 3666 3230 3721 honorem
3257 3665 3561 3727 obtineatis,
3584 3680 3693 3719 non

2110 3771 2194 3816 est
2216 3776 2391 3814 tnenm
2414 3758 2727 3820 concedere,
2755 3758 2848 3813 sed
2876 3759 3067 3828 quibus
3093 3767 3330 3828 paratum
3355 3766 3458 3812 est.
3481 3757 3549 3811 Et
3571 3757 3695 3827 qui-

2115 3850 2333 3905 busnam
2376 3864 2558 3919 quasso
2597 3858 2836 3918 paratum
2880 3850 3000 3904 est?
3043 3849 3347 3914 Videamus,
3377 3850 3591 3918 quinam
3618 3848 3693 3903 illi

2112 3942 2219 3994 sint
2245 3941 2381 3995 beati
2409 3956 2471 3995 ac
2502 3949 2589 3994 ter
2611 3939 2770 4005 beati,
2794 3941 2988 4009 quique
3007 3938 3311 4008 splendidas
3326 3939 3445 3994 illas
3468 3954 3697 3994 comnas

2112 4039 2526 4100 consequuntur.
2560 4030 2784 4096 Quinam
2816 4030 2973 4098 igitur
2998 4029 3074 4083 illi
3104 4038 3247 4095 sunt,
3274 4039 3328 4083 et
3352 4044 3486 4099 quas
3509 4029 3578 4083 ob
3607 4045 3698 4085 res

2112 4133 2288 4194 gestas
2315 4122 2448 4177 adeo
2473 4121 2753 4191 splendide
2786 4121 3149 4175 coronantur?
3192 4119 3326 4175 Audi
3353 4121 3478 4190 quid
3508 4120 3653 4175 dicat
3681 4138 3695 4173 :

2114 4214 2399 4284 Postquam
2426 4216 2569 4268 enim
2590 4212 2773 4266 decem
2803 4211 3057 4283 indignati
3082 4221 3205 4267 sunt
3220 4212 3287 4266 de
3303 4210 3529 4277 duobus,
3552 4209 3697 4281 quod

2114 4304 2316 4361 scilicet
2339 4319 2458 4359 cum
2480 4319 2510 4358 a
2536 4313 2679 4360 ctetu
2704 4317 2766 4361 se
2785 4302 3186 4372 disjunxissent,
3226 4303 3293 4357 de
3328 4302 3698 4357 transferendo

2114 4398 2167 4452 in
2195 4412 2254 4453 se
2282 4409 2532 4465 supremo
2557 4394 2761 4450 honore
2786 4392 3164 4458 deliberarent,
3197 4392 3319 4447 vide
3348 4392 3616 4462 quomodo
3644 4402 3700 4447 et

2116 4490 2325 4545 illorum
2350 4489 2646 4559 passionem
2677 4488 2928 4558 corrigat,
2952 4495 3006 4541 et
3032 4485 3250 4539 istorum
3281 4500 3296 4539 :
3333 4484 3528 4539 vocatis
3553 4483 3697 4538 enim

2117 4583 2218 4637 illis
2251 4582 2318 4637 ad
2346 4598 2404 4636 se
2442 4582 2519 4636 sic
2549 4581 2623 4636 ait
2657 4598 2670 4633 :
2705 4580 2973 4651 Principes
3000 4579 3222 4649 gentium
3248 4576 3572 4630 dominantur
3606 4589 3698 4628 eo-

2115 4690 2249 4741 rum,
2299 4683 2347 4727 et
2394 4673 2480 4739 qui
2521 4671 2691 4744 magni
2718 4679 2851 4736 sunt,
2905 4677 3196 4739 potestatem
3223 4675 3453 4721 exercent
3480 4666 3533 4719 in
3568 4682 3653 4719 eos
3681 4682 3701 4720 :

2115 4766 2254 4835 apud
2274 4782 2358 4820 vos
2381 4774 2546 4818 autem
2568 4781 2668 4817 non
2696 4765 2768 4816 ita
2791 4763 2883 4816 erit
2904 4760 3027 4827 ;scd
3042 4762 3337 4829 quicumque
3351 4758 3701 4811 rolueritiuter

2116 4871 2200 4909 vos
2231 4857 2422 4926 primus
2446 4870 2567 4917 esse,
2589 4854 2678 4922 βαι
2691 4851 2913 4905 omnium
2928 4848 3131 4903 ultimus
3157 4848 3342 4920 (Marc.
3364 4848 3449 4902 10.
3471 4846 3564 4901 42.
3583 4848 3699 4914 l3).

2117 4945 2384 5015 Perspicis
2417 4947 2515 4998 hoc
2540 4945 2658 4998 illos
2686 4943 2939 5008 voluisse,
2970 4950 3026 4995 nt
3053 4939 3231 5011 primi,
3256 4937 3485 5009 majores
3520 4947 3575 4991 et
3603 4952 3701 4991 su-

2118 5037 2355 5106 periores
2382 5033 2688 5102 evaderent,
2716 5041 2875 5102 atque
2898 5039 2956 5086 ut
2982 5031 3052 5085 ita
3083 5030 3253 5084 dicam
3285 5027 3523 5098 ipsorum
3555 5027 3703 5096 prin-

2118 5125 2304 5197 cipes?
2329 5126 2612 5195 Propterea
2638 5139 2829 5193 nempe
2856 5124 3109 5177 adversus
3138 5120 3240 5177 hoc
3266 5120 3516 5174 insistens
3537 5131 3592 5172 et
3610 5134 3705 5173 eo-

2118 5232 2237 5271 rum
2270 5231 2465 5271 arcana
2506 5216 2559 5270 in
2602 5216 2832 5269 medium
2862 5212 3136 5284 proferens
3165 5212 3296 5266 dixit
3316 5254 3329 5276 ,
3363 5210 3465 5275 Qui
3489 5209 3705 5262 voluerit

2117 5310 2249 5363 inter
2275 5324 2362 5362 vos
2390 5310 2583 5378 primus
2609 5324 2733 5370 esse,
2764 5308 2830 5361 sit
2863 5307 3085 5360 omnium
3108 5304 3333 5358 minister
3358 5301 3463 5374 (Ib.
3494 5317 3542 5355 υ.
3588 5301 3702 5372 ll).

2119 5399 2176 5455 Si
2208 5399 2432 5469 primum
2472 5413 2783 5453 consessum
2827 5397 3094 5466 appetitis,
3142 5394 3330 5465 inquit,
3358 5401 3411 5446 et
3433 5406 3702 5446 summum

2117 5478 2400 5560 honorem,
2424 5492 2665 5547 ultimum
2684 5489 3063 5561 persequimini
3091 5488 3288 5553 locum,
3308 5494 3364 5540 et
3384 5493 3445 5539 ut
3462 5484 3700 5538 omnium

2119 5585 2235 5640 sitis
2278 5584 2553 5653 vilissimi,
2581 5583 2817 5638 omnium
2849 5579 3160 5646 humillimi,
3188 5577 3427 5633 omnium
3461 5573 3700 5641 minimi,

2120 5689 2322 5745 vosque
2344 5675 2582 5730 omnium
2617 5683 2916 5745 postremos
2940 5671 3212 5726 collocetis
3245 5685 3258 5721 :
3292 5667 3408 5722 hare
3427 5664 3571 5720 enim
3598 5663 3713 5719 vir-

2122 5778 2208 5824 tus
2232 5767 2490 5825 honorem
2516 5768 2663 5824 illum
2690 5767 2931 5839 largitur,
2960 5779 3135 5836 neque
3159 5762 3316 5834 longe
3340 5759 3492 5815 abest
3515 5768 3703 5812 οπω-
