4062 6166
361 297 460 354 777

369 407 642 480 νηθῆναι,
661 411 824 468 ἀλλὰ
847 412 1226 481 διακονῆσαι,
1251 412 1346 468 καί
1373 411 1583 465 δοῦναι
1605 409 1720 479 τὴν
1736 408 1950 480 ψυχὴν

366 496 554 551 αὑτοῦ
580 497 807 565 λύτρον
848 495 982 550 ἀντὶ
1019 495 1285 568 πολλῶν.
1319 495 1444 548 Ὅτι
1469 493 1579 564 γὰρ
1616 492 1776 546 τοῦτο
1807 495 1950 546 ποιεῖ

366 579 657 651 λαμπροὺς
694 578 790 632 καὶ
830 579 1155 649 ἐπισήμους,
1190 579 1352 649 ὁρᾶτε
1383 577 1471 629 ἐπ’
1502 576 1665 647 ἐμοῦ,
1701 576 1856 647 φησὶ,
1888 575 1951 629 τὸ

352 664 605 735 ’πρᾶγμα
625 661 943 732 συμϐαῖνον,
967 661 1044 730 τῷ
1063 662 1138 732 μὴ
1167 661 1409 731 δεομένῳ
1426 661 1592 730 τιμῆς
1617 659 1752 730 μηδὲ
1768 659 1946 730 δόξης·

350 746 481 823 ⁴ἀλλ’
513 747 662 816 ὅμως
692 745 787 797 καὶ
814 743 929 812 ἐγὼ
950 745 1020 797 τὰ
1055 744 1227 815 μυρία
1264 744 1445 812 ἀγαθὰ
1477 743 1566 798 διὰ
1597 743 1787 796 τούτου
1828 759 1951 796 κατ-

350 829 535 899 ὀρθῶ.
576 829 710 898 Πρὶν
738 827 770 897 ἢ
805 828 904 897 μὲν
946 828 1055 898 γὰρ
1093 827 1279 880 λαϐεῖν
1307 827 1472 880 αὐτὸν
1500 826 1600 898 τὴν
1625 826 1828 898 σάρκα,
1858 826 1952 878 καὶ

368 911 698 966 ταπεινῶσαι
734 910 948 974 ἑαυτὸν,
980 909 1158 963 πάντα
1193 909 1460 963 ἀπολώλει
1495 911 1591 964 καὶ
1615 910 1911 982 διέφθαρτο
1935 925 1949 940 ⁸

371 995 558 1066 ἐπειδὴ
610 995 666 1047 δὲ
695 993 791 1047 καὶ
835 993 1202 1047 ἐταπείνωσεν
1239 995 1453 1059 ἑαυτὸν,
1491 995 1671 1048 πάντα
1707 995 1788 1058 εἰς
1821 993 1956 1062 ὕψος

371 1080 635 1150 ἀνήγαγε,
665 1077 911 1148 κατάραν
933 1076 1189 1146 ἠφάνισε,
1209 1076 1439 1131 θάνατον
1455 1076 1667 1140 ἐσϐεσε,
1694 1077 1955 1146 παράδει-

374 1179 465 1215 σον
505 1159 750 1231 ἤνοιξεν,
787 1161 1064 1231 ἁμαρτίαν
1109 1161 1434 1231 ἐνέκρωσεν,
1485 1159 1718 1229 οὐρανοῦ
1761 1157 1954 1229 ἁψῖδας

372 1245 695 1308 ἀνεπέτασε,
716 1245 814 1314 τὴν
845 1243 1102 1315 ἀπαρχὴν
1130 1242 1289 1314 ἡμῶν
1312 1245 1395 1306 εἰς
1421 1244 1653 1314 οὐρανὸν
1687 1243 1954 1313 ἀνήγαγε,

375 1327 471 1399 τὴν
487 1326 812 1398 οἰκουμένην
827 1326 1113 1389 εὐσεϐείας
1131 1325 1438 1397 ἐπλήρωσε,
1463 1325 1562 1396 τὴν
1608 1325 1818 1396 πλάνην
1847 1325 1958 1377 ἀπ-

374 1412 564 1482 ήλασε,
593 1409 691 1479 τὴν
722 1409 983 1480 ἀλήθειαν
1007 1410 1349 1479 ἐπανήγαγε,
1386 1410 1485 1480 τὴν
1513 1409 1768 1480 ἀπαρχὴν
1797 1405 1956 1478 ἡμῶν

378 1496 456 1557 είς
488 1493 678 1564 θρόνον
708 1492 997 1546 ἀνεϐίϐασε
1024 1491 1408 1563 βασιλικὸν,τὰ
1438 1491 1608 1563 μυρία
1636 1491 1817 1560 ἀγαθὰ
1843 1492 1959 1562 εἰρ-

383 1579 606 1646 γάσατο,
631 1577 669 1631 ἃ.
701 1577 838 1647 μήτε
868 1574 996 1644 ἐγὼ.
1026 1577 1164 1646 μήτε
1196 1575 1396 1638 πάντες
1425 1575 1704 1646 ἄνθρωποι
1726 1573 1958 1628 δύναιντ’

378 1660 445 1713 ἂν
478 1659 716 1731 τῷλόγῳ
741 1659 1109 1732 παραστῆσαι.
1137 1658 1248 1710 Καὶ
1275 1660 1405 1730 πρὶν
1432 1659 1465 1730 ἢ
1501 1659 1599 1730 μὲν
1625 1658 1961 1712 ταπεινῶσαι

381 1743 592 1808 ἑαυτὸν,
643 1742 880 1811 ἄγγελοι.
911 1742 1072 1810 μόνον
1112 1740 1276 1796 αὑτὸν
1321 1741 1655 1810 ἐγίνωσκονο
1687 1741 1876 1812 ἐπειδὴ
1909 1739 1967 1793 δέ

383 1827 747 1881 ἐταπείνωσεν
772 1826 998 1886 ἑαυτὸν..
1023 1825 1272 1896 ἆπασαή
1317 1824 1426 1878 τῶν
1465 1825 1768 1896 ἀνθρώπων
1805 1823 1968 1893 φύσις

384 1909 602 1978 ἐπέγνω·
623 1909 806 1963 αὐτόν.
833 1909 976 1979 Ὅρα
995 1908 1113 1971 πῶς
1133 1910 1166 1977 ἡ
1190 1908 1518 1971 ταπείνωσις
1539 1909 1645 1960 οὐκ
1672 1908 1968 1960 ἐλάττωσιν

383 1993 701 2066 εἰργάσατο,
733 1991 871 2046 ἀλλὰ
911 1991 1081 2063 μυρία
1115 1992 1306 2063 κέρδη,
1338 1991 1504 2062 μυρία
1537 1989 1968 2061 κατορθώματα,

386 2078 482 2132 καὶ
511 2077 696 2148 μεῖζον
725 2075 892 2130 αὐτοῦ
925 2077 1024 2146 τὴν
1053 2075 1210 2140 δόξαν
1247 2074 1552 2144 διαλάμψαι
1585 2073 1863 2144 ἐποίησεν.
1901 2073 1966 2124 Εἰ

384 2161 432 2213 δ’
456 2162 550 2215 ἐπὶ
582 2160 678 2213 τοῦ
703 2157 842 2214 Θεοῦ
876 2159 973 2212 τοῦ
1013 2158 1294 2221 ἀνενδεοῦς
1330 2159 1422 2210 καὶ
1453 2157 1682 2228 μηδενὸς
1713 2156 1970 2227 προσδεο-

451 2296 478 2324 ⁸
501 2294 655 2345 Sevi].
681 2299 734 2342 et
755 2298 968 2354 quatuor
987 2305 1104 2341 mss.
1127 2292 1549 2354 τὸνταπεινωθῇναι
1570 2289 1814 2354 τοσούτων
1832 2290 1968 2351 γέγρ-

387 2357 671 2431 νενράγαθῶν
712 2351 950 2431 πρόξενον,
977 2355 1057 2401 καὶ
1093 2353 1427 2409 π).είους,,ρῐε.
1454 2351 1582 2400 Infra
1618 2352 1750 2399 idem
1775 2351 1886 2400 Sav.
1916 2355 1970 2398 et

389 2419 471 2467 alii
491 2418 599 2468 τότε
619 2418 797 2479 ὑψηλὸς
816 2418 921 2476 ἔσῃ.

963 297 1017 353 S.
1057 294 1345 354 JOANNIS
1375 294 1869 352 CHRYSOSTOMI
1909 293 2226 352 ARCHIEP.
2267 287 2810 350 CONSTANTINOP.

3517 261 3633 318 778

2057 409 2218 480 μένου
2233 408 2297 463 τὸ
2313 407 2720 476 ταπεινωθῆναι
2737 399 2990 457 τοσοῦτον
3003 386 3580 480 ἀγαθδνηκαὶίους
3592 399 3630 431 ι

2051 473 2201 563 αὐτῷ
2221 492 2346 556 τοὺς
2371 491 2587 553 οἰκέτας
2611 473 2952 560 προσήγαγε,
2981 482 3074 535 καὶ
3092 477 3198 563 τὴν
3225 473 3626 563 βασιλείαν-ἐπ-

2051 555 2243 639 έτεινε,
2277 555 2335 627 τί
2359 574 2605 635 δέδοικας
2637 555 2826 633 αὐτὸς,
2867 565 2941 637 μὴ
2965 563 3073 618 ἀπὸ
3109 558 3200 615 τοῦ
3232 555 3628 639 ταπεινωθῆναι

2051 658 2392 728 ἐλαττωθῇς;
2432 656 2565 709 Τότε
2595 648 2920 720 ὑψηλότερος
2948 647 3068 717 ἔσῃ.
3101 643 3222 728 τότε
3266 641 3484 728 μέγας,⁵
3504 638 3632 728 τότε

2051 720 2328 812 λαμπρὸς,
2363 720 2482 793 τότε
2517 734 2842 808 περιφανὴς,
2876 732 3002 785 ὅταν
3033 724 3256 812 σεαυτὸν
3283 720 3627 812 ἐξευτελίσῃς

2051 806 2180 879 ὅταν
2212 806 2290 895 μὴ
2312 821 2420 876 τῶν
2443 806 2727 892 πρωτείων
2754 817 2906 888 ἐρᾷς,
2928 815 3055 867 ὅταν
3071 806 3437 895 ἐλαττωθῆναι
3462 820 3632 856 καταο

2052 907 2178 979 δέξῃ
2211 888 2303 960 καί
2339 888 2613 974 σφαγῆναι
2639 902 2732 955 καὶ
2760 896 3104 954 κινδυνεῦσαι
3127 910 3140 923 ·
3173 893 3301 979 ὅταν
3328 888 3631 979 τὴνιδιακοῖ

2054 968 2178 1044 victv.
2209 989 2319 1043 τῶν
2353 988 2565 1041 πολλῶν
2599 981 2932 1056 μεταδιὼξῃς
2961 979 3056 1032 καὶ
3079 976 3178 1046 τὴν
3214 971 3510 1044 θεραπείαν
3539 968 3641 1021 καὶ

2054 1075 2156 1146 τὴν
2184 1071 2545 1144 κηδεμονίαν,
2564 1069 2657 1122 καὶ
2678 1067 2819 1136 ὑπὲρ
2848 1062 3037 1117 τούτου
3067 1060 3260 1146 πάντα.
3281 1055 3376 1110 καὶ
3409 1053 3637 1146 πῖιῆσαι

2056 1136 2150 1211 καὶ
2168 1136 2434 1228 παθεένῇς
2452 1148 2986 1226 παρεσκευασμένος.
3005 1143 3190 1196 Ταῦτα
3205 1137 3296 1192 οὖν
3309 1136 3650 1228 ἐννοοῦντες,

2057 1241 2357 1310 ἀγαπητοὶ,
2375 1218 2677 1307 ⁸ἰδιιιὶηιωμεν
2725 1218 3224 1310 ταπεινοφροσύνην
3260 1221 3397 1310 μετὰ
3435 1218 3637 1310 πολλῆς

2057 1301 2157 1394 τῆς
2180 1301 2490 1394 προθυμίας
2509 1321 2562 1387 1³,
2580 1301 2677 1373 καὶ
2688 1319 2826 1370 ὅταν.
2839 1309 3190 1384 septenum
3212 1308 3305 1360 καὶ
3321 1301 3648 1394 καταπτυώ-

2064 1387 2236 1478 μεθαξ
2255 1406 2350 1459 καὶ
2365 1387 2438 1457 τὰ
2464 1403 2672 1473 ἐσχατα-
2694 1399 2874 1452 πάντα
2901 1393 3286 1478 ὑπομένωμεν,
3317 1389 3408 1478 καὶ
3436 1387 3642 1478 ἀτιμα-

2062 1468 2284 1560 ξζὼμεθα
2309 1488 2402 1542 καὶ
2436 1468 2928 1560 καταφρονῶμεθα,
2962 1479 3137 1531 πάντα
3167 1473 3289 1560 μεθῖ
3317 1468 3644 1560 ἡδονῆς-ιρέο

2065 1553 2268 1644 ρωμεν.
2308 1570 2474 1625 Οὐδὲν
2503 1553 2784 1640 γὰρ-οὕτω
2811 1565 2983 1618 ποιεῖν
3011 1560 3144 1644 ὕψος
3170 1558 3330 1644 είωθῌε
3363 1556 3459 1608 καὶ
3484 1553 3654 1617 δόξαν-

2066 1640 2160 1709 καί
2185 1655 2369 1727 τιμὴν,
2419 1653 2514 1707 καὶ
2545 1652 2718 1723 μέγαν
2747 1645 3042 1709 δεικνύναι,
3072 1642 3148 1704 ὡς
3187 1642 3222 1710 ἠ
3249 1640 3350 1727 τῆς
3387 1651 3651 1691 ταπεινοο

2069 1723 2344 1812 φροσύνης
2369 1738 2538 1808 ἀρετή
2566 1753 2580 1766 ·
2612 1735 2688 1806 ἦν
2709 1733 2921 1802 γένοιτο
2960 1728 3098 1798 μετά
3127 1723 3422 1812 ἀκριϐείαςΔ
3441 1736 3658 1812 κατορ-

2069 1802 2309 1885 θοῦντας
2341 1802 2489 1892 ἡμᾶς
2527 1802 2646 1872 ⁷τῶν
2687 1812 3112 1886 ἐπηγγελμένων
3163 1802 3659 1892 τυχεῖν-ἀγαθῶνε,

2070 1907 2251 1978 χάριτι
2296 1885 2395 1958 καῖ
2435 1899 2818 1974 φιλανθρωπίᾳ
2866 1897 2968 1950 τοῦ
3018 1893 3218 1978 Κυρίου
3272 1889 3428 1978 ἡμῶν
3471 1885 3663 1978 Ἰησοῇ

2071 1969 2328 2061 iota-.05,
2365 1969 2481 2058 μεθ’
2515 1981 2580 2040 οὗ,
2602 1969 2727 2048 δδξα
2752 1983 2844 2036 καῖι
2869 1979 3005 2049 τιμὴ
3042 1977 3136 2029 καὶ
3167 1971 3538 2061 προσκύινησις
3569 1969 3653 2061 τῶ

2071 2052 2250 2142 [largi
2434 2069 2511 2140 τῷ
2547 2068 2687 2138 ἁγίῳ
2721 2063 3020 2133 ιΙνεύματι,
3059 2058 3154 2111 νῦν
3188 2058 3282 2111 καὶ
3309 2055 3419 2120 ἀεὶ,
3451 2053 3544 2106 καὶ
3569 2052 3648 2114 εἰς

2073 2155 2198 2216 τοὺς
2232 2154 2434 2216 αἰῶνας
2460 2151 2569 2204 τῶν
2597 2147 2830 2204 αἰώνων.
2871 2144 3067 2214 Ἀμήν.

2136 2293 2163 2332 b
2189 2290 2336 2341 Savil.
2365 2291 2414 2338 in
2451 2294 2586 2338 textu
2625 2284 2974 2350 μετα-πολλῆςΔ
2996 2287 3081 2338 τῆς
3109 2275 3398 2342 περιουσίας,
3420 2274 3467 2350 in

2073 2361 2157 2412 τῆς
2172 2352 2446 2416 προθυμίας,
2469 2345 2903 2416 atqne'italdorel.
2930 2347 2984 2391 et
3018 2352 3192 2416 omnes
3223 2351 3339 2387 mss.
3367 2347 3464 2385 uno
3495 2345 3649 2383 exce-

2074 2406 2160 2477 pto
2184 2406 2262 2474 qui
2282 2406 2442 2462 habet.
2454 2406 2572 2474 μετά
2591 2411 2769 2467 πολλῆς
2785 2413 2871 2467 τῆς
2887 2406 3123 2458 σπιιυίεῆςο⁸

415 2619 3604 2685 ww

945 2801 1028 2862 ΙΝ
1068 2797 1273 2862 DUAS
1303 2796 1758 2872 SEQUENTES
1801 2797 1911 2858 DE
1946 2790 2260 2858 CHRISTI
2301 2785 2679 2851 PRECIBUS
2713 2780 3110 2846 HOMILIAS

489 2967 562 3026 Ut
597 2969 734 3024 duas
755 2978 1045 3041 sequentes
1064 2969 1133 3025 de
1152 2969 1356 3026 Christi
1385 2965 1636 3037 precibus
1669 2961 1982 3026 conciones,

421 3056 476 3110 in
512 3055 664 3125 prius
693 3055 854 3110 editis
893 3054 1052 3125 longo
1093 3053 1387 3108 intervallo
1407 3050 1648 3115 dissitas,
1679 3046 1844 3103 simul
1884 3061 1983 3115 po-

421 3163 637 3214 namus,
669 3148 1160 3218 subnectamusque
1189 3146 1312 3202 aliis
1343 3154 1526 3199 contra
1556 3141 1832 3194 Anomaeos
1888 3139 1987 3193 lio-

415 3240 606 3304 miliis,
634 3255 757 3294 cum
800 3238 1106 3310 argumenti
1136 3247 1249 3292 tum
1284 3235 1541 3305 temporis
1576 3234 1714 3286 ratio
1770 3229 1982 3285 suadet.

414 3331 472 3385 In
509 3341 736 3400 utraque
767 3331 912 3384 enim
941 3330 1121 3399 agitur
1149 3329 1217 3384 de
1248 3327 1451 3384 Christi
1478 3325 1730 3402 precibus
1776 3323 1842 3377 ad
1884 3321 1988 3374 Pn-

415 3430 552 3474 trem
588 3421 846 3487 emissis;
885 3420 1034 3474 unde
1089 3419 1395 3472 inferebant
1445 3417 1681 3471 haeretici
1733 3411 1988 3469 Anomtei

417 3522 574 3582 atque
597 3511 767 3566 Judaei
792 3526 896 3566 non
932 3519 1169 3580 paternae
1191 3524 1374 3579 parem
1407 3515 1726 3577 potestatem
1757 3505 1981 3568 Christi,

418 3621 520 3659 nec
557 3606 826 3667 eamdem,
890 3603 984 3658 sed
1039 3601 1358 3656 dissimilem
1422 3598 1782 3654 substantiam
1843 3609 1985 3658 esse,

418 3695 562 3764 quod
592 3702 970 3764 argumentum
1003 3692 1069 3746 ad
1112 3692 1306 3746 seriem
1341 3691 1580 3753 illarum,
1631 3704 1770 3756 quas
1801 3695 1987 3742 contra

419 3787 718 3839 Anommos
747 3791 988 3836 vertente
1015 3796 1160 3836 anno
1187 3779 1291 3834 386
1313 3789 1366 3834 et
1405 3781 1623 3833 ineunte
1645 3778 1749 3833 587
1777 3778 1988 3841 habuit,

421 3876 885 3932 concertationum
908 3874 1159 3944 pertinet.
1188 3872 1387 3927 Eodem
1433 3887 1560 3926 vero
1593 3871 1809 3927 circiter
1854 3880 1990 3925 tem-

424 3982 556 4036 pore
605 3966 814 4020 habitas
847 3982 952 4020 non
987 3965 1220 4020 obscure
1263 3964 1531 4035 signiﬁcat
1573 3963 1992 4034 Chrysostomus

426 4057 482 4111 in
504 4057 762 4124 secunda,
797 4072 948 4111 num.
1003 4057 1059 4121 2,
1117 4058 1209 4112 ubi
1269 4055 1671 4112 controversias
1717 4057 1784 4111 de
1821 4054 1990 4125 gloria

428 4148 705 4214 Unigeniti
765 4150 894 4217 (sic
941 4148 1212 4219 appellare
1265 4148 1404 4204 solet
1451 4147 1543 4202 ille
1594 4146 1991 4216 disputationes

423 4247 614 4294 contra
650 4239 992 4310 Anommos)
1033 4247 1165 4294 tunc
1193 4238 1430 4306 viguisse
1469 4237 1666 4292 innuit.
1706 4236 1766 4290 ln
1798 4233 1985 4290 eadem

429 4346 590 4399 porro
614 4332 900 4395 concione,
922 4331 1125 4401 prioris
1145 4331 1210 4384 de
1235 4329 1442 4385 Lazaro
1461 4329 1847 4400 quatriduano,
1879 4326 1993 4382 sive

428 4422 496 4476 de
529 4421 730 4476 Christi
768 4423 1021 4492 precibus
1062 4423 1210 4477 circa
1252 4422 1514 4476 Lazarum
1545 4419 1990 4491 quatriduanum,

429 4513 588 4581 quasi
623 4512 764 4565 haud
827 4513 899 4567 ita
959 4514 1166 4582 pridem
1209 4512 1428 4580 habitae,
1489 4511 1816 4566 mentionem
1883 4520 1991 4560 non

429 4602 596 4659 semel
628 4600 779 4656 facit.

507 4693 658 4767 [524]
700 4692 900 4748 Verum
933 4693 1077 4749 circa
1105 4695 1365 4763 priorem,
1395 4707 1518 4763 quae
1561 4701 1646 4746 est
1676 4691 1744 4744 dc
1793 4688 1998 4742 Lazaro

430 4786 814 4856 quatriduano,
853 4801 960 4840 non
1016 4786 1372 4855 spernendam
1414 4783 1570 4838 nobis
1622 4789 1801 4836 movet
1849 4793 1999 4850 quae-

432 4877 667 4931 stionem
696 4873 946 4930 Halesius
986 4875 1040 4928 in
1083 4875 1226 4929 notis
1289 4873 1600 4938 Savilianis,
1661 4873 1752 4928 ubi
1789 4873 1868 4928 sic
1923 4872 2000 4928 le-

434 4969 616 5038 gitur:
657 4986 676 5019 ι
712 4965 1023 5022 Orationem
1061 4965 1201 5021 hanc
1231 4982 1297 5021 ex
1327 4965 1653 5021 bibliotheca
1695 4963 1862 5034 Regia
1895 4963 2001 5019 Lu-

433 5061 580 5116 tetiae
609 5059 939 5130 descriptam
975 5057 1383 5113 emendavimus
1428 5072 1494 5112 ex
1537 5073 1638 5113 ms.
1698 5057 1754 5111 in
1806 5056 2002 5111 biblio-

435 5155 592 5209 theca
620 5154 958 5224 Augustana.
992 5151 1208 5206 llalesio
1240 5166 1344 5205 non
1401 5149 1611 5204 videtur
1638 5148 1855 5220 γνησία.
1889 5146 2008 5218 Sty-

436 5245 525 5301 lus
578 5254 745 5308 certe,
798 5244 976 5314 inquit
1018 5243 1128 5307 ille,
1185 5258 1291 5296 non
1329 5240 1584 5295 abhorret
1620 5241 1892 5294 multum:
1956 5247 2010 5295 at

437 5336 704 5391 tractandi
729 5336 890 5400 ratio,
931 5334 1097 5391 simul
1135 5341 1190 5388 et-
1221 5331 1551 5387 inventionis
1604 5331 1797 5386 modus
1840 5329 2006 5385 Joan-

441 5442 564 5480 nem
597 5435 843 5480 nostrum
871 5441 978 5480 non
1017 5424 1255 5495 sapiunt.
1306 5421 1464 5476 Ratio
1493 5437 1656 5491 quam
1703 5419 1876 5475 reddit
1908 5434 2007 5474 cur

440 5512 694 5573 Christus
718 5516 990 5572 Lazarum
1021 5517 1340 5572 nominatim
1371 5515 1728 5584 compellarit,
1753 5523 2003 5583 apostro-

443 5611 550 5679 plie
575 5609 642 5662 ad
672 5608 946 5664 infernum
981 5619 1036 5664 et
1068 5609 1310 5679 ejusdem
1342 5606 1723 5678 prosopopoeia
1749 5622 2010 5659 νεανικω-

444 5699 613 5768 τέραν
647 5697 797 5752 olent
846 5700 1128 5754 audaciam
1166 5699 1397 5768 alicujus
1443 5697 1644 5769 ingenii
1697 5697 2013 5752 reccntioris

2085 2965 2315 3014 monetae
2341 2997 2356 3022 ,
2400 2971 2510 3010 non
2577 2962 2755 3009 autem
2813 2950 2961 3006 illam
3023 2946 3249 3002 Joannis
3301 2941 3647 2999 soliditatem.

2087 3047 2298 3103 Referri
2333 3055 2477 3102 certe
2504 3045 2690 3100 debuit
2715 3045 2854 3097 inter
2879 3039 3346 3111 ἅμφιϐαλλόμενα,
3369 3045 3461 3090 aut
3488 3035 3651 3088 etiam

2087 3139 2437 3210 νοθευόμενα.
2481 3136 2586 3191 Sed
2637 3135 2822 3190 nescio
2851 3131 3123 3203 quomodo
3178 3129 3379 3183 factum
3419 3135 3521 3189 est,
3567 3132 3653 3189 ut,

2087 3231 2244 3286 nobis
2273 3230 2417 3284 aliud
2450 3229 2756 3301 agentibus,
2791 3227 2846 3280 in
2878 3239 3164 3279 numerum
3220 3218 3499 3290 irrepserit
3544 3215 3658 3270 τῶν

2088 3322 2324 3394 γνησίων
2376 3322 2468 3374 καὶ
2490 3318 2812 3390 ἀκιϐδήλων.
2877 3334 2898 3368 ι
2936 3315 3062 3370 Haec
3111 3312 3380 3375 Halesius,
3437 3308 3552 3379 qui,
3607 3305 3666 3362 si

2089 3413 2564 3469 animadvertisset
2591 3411 2733 3466 hanc
2767 3409 3084 3465 concionem
3117 3405 3322 3460 diserte
3363 3399 3656 3456 memorari

2090 3507 2144 3561 in
2175 3521 2240 3561 ea
2278 3520 2400 3576 qua:
2427 3504 2499 3558 De
2525 3501 2726 3558 Christi
2757 3499 2996 3568 precibus
3029 3495 3366 3558 inscribitur,
3402 3492 3463 3564 in
3491 3504 3656 3559 quam

2091 3597 2235 3652 nulla
2275 3595 2486 3658 νοθείας
2545 3593 2787 3662 suscipio
2839 3590 3034 3646 cadere
3075 3595 3270 3658 potest,
3298 3601 3328 3640 a
3363 3593 3470 3638 tam
3507 3579 3666 3652 gravi

2093 3687 2229 3742 forte
2267 3686 2532 3742 sententia
2563 3684 2936 3739 abstinuisset.
2965 3681 3164 3734 Verum
3197 3677 3397 3747 quiain
3423 3672 3662 3728 editione

2093 3777 2370 3834 Soviliana
2396 3778 2547 3847 prior
2571 3777 2637 3831 do
2661 3776 2868 3830 Lazaro
2905 3791 2935 3828 ιι
2995 3771 3296 3843 posteriore
3352 3767 3419 3820 de
3453 3762 3675 3820 Christi-

2092 3870 2343 3942 precibus
2377 3870 2537 3939 longo
2587 3867 2874 3922 intervallo
2908 3874 3155 3934 separata
3201 3861 3361 3930 jacet,
3412 3871 3520 3910 non
3565 3853 3668 3907 ad—

2091 3962 2256 4018 vertit
2317 3960 2568 4015 ﬂalesius
2617 3959 3063 4030 Chrysostomum
3120 3954 3296 4024 ipsum
3345 3947 3543 4019 prioris
3595 3944 3674 3999 de-

2090 4051 2298 4107 Lazaro
2326 4053 2377 4104 in
2423 4052 2524 4104 hac
2576 4050 2875 4120 posteriore
2927 4047 3256 4117 γνησιότητα
3302 4043 3648 4097 conﬁrmare.

2093 4143 2228 4198 Nam
2261 4142 2340 4197 sic
2385 4141 2546 4196 habet
2589 4141 2812 4196 num.2:
2857 4135 3016 4194 Scitis
3064 4153 3183 4207 ergo
3215 4151 3280 4188 ac
3324 4129 3658 4194 meministis,

2097 4251 2264 4302 nuper
2284 4249 2377 4287 nos
2430 4231 2493 4285 de
2536 4228 2805 4300 Unigeniti
2852 4230 3022 4300 gloria
3064 4228 3464 4282 disserentes....
3508 4229 3666 4290 atque

2094 4325 2219 4379 illas
2249 4324 2458 4394 quidem
2507 4337 2696 4375 causas
2732 4319 2864 4374 satis
2901 4329 3012 4371 tum
3067 4315 3324 4388 persecuti
3382 4326 3586 4378 sumus,
3618 4317 3671 4363 et

2101 4419 2271 4480 illius,
2301 4433 2459 4488 quam
2480 4430 2574 4485 pro
2606 4412 2836 4477 Lazaro,
2877 4420 2923 4466 et
2955 4409 3195 4474 alterius,
3243 4423 3397 4479 quam
3439 4407 3492 4458 in
3517 4418 3672 4456 cruce

2104 4509 2318 4574 obtulit,
2354 4505 2609 4560 orationis
2661 4504 2967 4558 memoriam
3011 4499 3370 4570 refricuimus,
3408 4505 3456 4550 et
3496 4503 3674 4548 osten-

2099 4601 2270 4653 dimus
2302 4599 2440 4651 hanc
2465 4597 2674 4667 quidem
2702 4593 2818 4648 ideo
2849 4593 3026 4664 fusam
3051 4608 3182 4654 esse,
3216 4599 3274 4644 ut
3314 4586 3672 4657 dispensatio-

2105 4691 2189 4744 nis
2216 4690 2272 4742 in
2305 4705 2461 4743 carne
2487 4688 2616 4756 ﬁdes
2655 4694 3003 4749 astrueretur,
3041 4683 3203 4738 illam
3235 4697 3374 4745 vero,
3411 4688 3469 4732 ut
3509 4675 3672 4729 audi-

2101 4791 2278 4835 torum
2316 4780 2667 4834 imbecillitati
2701 4777 3013 4840 consuleret,
3048 4791 3168 4829 cum
3205 4775 3315 4843 ipse
3347 4783 3676 4840 nequaquam

2114 4873 2324 4928 auxilio
2381 4873 2657 4942 indigeret.
2694 4869 2866 4923 Porro
2907 4868 3074 4921 multa
3129 4865 3275 4935 facta
3327 4864 3489 4916 etiam
3521 4860 3586 4912 ab
3622 4873 3686 4910 eo

2125 4969 2311 5037 fuisse,
2345 4975 2404 5018 ut
2443 4964 2795 5018 humilitatem
2821 4961 2941 5015 illos
2976 4961 3202 5019 doceret,
3239 4955 3364 5008 audi
3399 4968 3514 5024 qua
3563 4965 3686 5018 pro-

2105 5061 2245 5114 bent.
2283 5060 2489 5128 Aquam
2515 5056 2660 5109 misit
2699 5054 2756 5106 in
2779 5052 2988 5124 pelvim,
3039 5059 3144 5104 etc.
3196 5046 3328 5114 Quae
3386 5042 3570 5098 omnia
3622 5039 3678 5092 in

2107 5149 2374 5206 concione
2402 5147 2470 5202 de
2494 5145 2702 5201 Lazaro
2732 5142 3097 5214 quatriduano
3122 5137 3408 5208 perspicue
3445 5145 3680 5186 narran-

2109 5252 2219 5297 tur.
2254 5241 2321 5295 Et
2346 5254 2499 5294 num.
2531 5239 2565 5293 5
2591 5256 2604 5291 :
2634 5236 2801 5306 Atque
2837 5243 2896 5287 ut
2935 5230 3244 5299 intelligatis
3289 5220 3681 5294 attemperatio-

2111 5335 2194 5388 nis
2243 5349 2352 5388 esse
2409 5332 2740 5390 orationem,
2781 5325 3039 5397 principio
3088 5322 3297 5391 quidem
3337 5319 3452 5388 jam
3503 5328 3570 5368 ea:
3615 5312 3684 5364 iis

2109 5439 2226 5496 qua:
2248 5423 2393 5476 circa
2425 5420 2693 5475 Lazarum
2724 5417 3030 5471 acciderunt
3059 5409 3603 5465 demonstrat-imus...
3637 5411 3690 5454 et

2114 5492 2332 5569 causam
2381 5521 2493 5568 tum
2525 5510 2781 5573 diximus,
2825 5505 2965 5580 quod
2992 5499 3343 5557 imbecillitati
3392 5492 3690 5550 astantium

2117 5603 2268 5659 vellet
2333 5602 2644 5658 consulere:
2701 5579 2862 5670 quam
2907 5607 3125 5650 causam
3161 5589 3319 5643 etiam
3379 5583 3517 5636 dixit
3554 5579 3691 5646 ipse,

2121 5711 2238 5749 cum
2283 5701 2459 5764 aperte
2495 5691 2634 5746 illud
2665 5689 2922 5744 addidit:
2961 5705 2981 5739 ι
3034 5683 3260 5752 Propter
3298 5677 3525 5742 turbam,
3577 5684 3696 5740 qua
