4062 6166
392 272 495 328 ΤΠ

388 412 562 482 plum,
585 403 728 475 quod
754 413 807 459 et
834 402 1055 458 mullum
1084 402 1308 457 excedit.
1337 401 1454 456 Non
1480 404 1610 456 enim
1633 403 1764 457 venit
1790 400 1956 471 Filius

391 498 628 561 hominis,
646 505 702 549 ut
732 498 1098 550 ministraretur
1123 495 1187 559 ei,
1219 494 1306 549 sed
1331 504 1386 547 ut
1402 494 1725 559 ministraret,
1748 503 1793 547 et
1813 493 1954 547 daret

388 587 611 642 animam
622 603 787 653 suam,
810 585 1196 655 redemptionem
1217 602 1306 655 pro
1329 586 1495 638 multis
1520 584 1706 655 (Marc.
1731 584 1817 638 l0.
1836 582 1951 652 45).

388 678 457 735 Ut
500 677 804 747 intelligatis
843 676 980 731 istud
1009 690 1128 730 esse
1168 675 1306 746 quod
1351 676 1520 729 claros
1555 674 1727 729 reddit
1754 683 1809 729 et
1835 675 1955 728 illu-

386 779 544 832 stres,
570 768 764 832 videte,
788 767 975 839 inquit,
1000 767 1265 838 quomodo
1290 783 1376 822 res
1405 767 1532 821 mihi
1560 769 1914 823 successerint
1937 808 1951 831 ,

386 860 473 929 qui
496 874 669 927 neque
690 859 913 925 honore,
942 873 1111 929 neque
1139 858 1303 929 gloria
1330 858 1540 929 indigeo
1567 876 1583 912 :
1614 858 1954 912 nihilominus

386 959 564 1003 tamen
584 947 685 1003 hac
709 949 914 1002 ratione
939 948 1076 1001 bona
1100 948 1376 1002 innumera
1397 955 1521 1003 sunt
1545 963 1573 1000 a
1598 963 1681 1001 me
1701 946 1951 1017 perfecta.

384 1042 684 1109 Antequam
709 1039 849 1094 enim
871 1053 1084 1094 carnem
1112 1039 1481 1107 assumpsisset
1504 1037 1611 1103 ille,
1633 1052 1695 1093 ac
1708 1037 1951 1106 seipsum

386 1130 690 1201 abjecisset,
732 1129 1002 1199 perierant
1038 1129 1214 1183 omnia
1238 1168 1256 1195 ,
1295 1136 1350 1182 et
1386 1127 1453 1182 de
1494 1128 1739 1181 omnibus
1779 1137 1951 1181 actum

385 1229 501 1277 erat
528 1239 542 1275 :
573 1229 850 1292 postquam
878 1229 1056 1275 autem
1080 1220 1315 1289 seipsum
1341 1220 1552 1287 dejccit,
1582 1234 1767 1273 omnes
1798 1219 1848 1271 in
1874 1219 1953 1273 al—

385 1322 497 1366 tum
528 1313 737 1377 evexit,
784 1311 1120 1365 maledictum
1151 1311 1381 1378 delevit,
1418 1321 1639 1365 mortem
1665 1310 1950 1378 exstinxit,

387 1404 686 1473 paradisum
709 1403 934 1471 aperuit,
967 1410 1240 1472 peccatum
1274 1410 1538 1456 mnum
1573 1396 1827 1467 tetﬂiltt,
1852 1404 1955 1457 ct-

386 1494 555 1548 lorum
586 1492 813 1548 fornices
839 1493 1118 1559 reseravit,
1150 1490 1413 1562 primitias
1440 1500 1657 1546 nostras
1678 1492 1729 1546 in
1763 1492 1957 1546 eam:

385 1584 617 1649 sustulit,
647 1585 829 1638 orbem
857 1593 1115 1638 terrarum
1143 1583 1336 1651 pietate
1368 1584 1686 1653 complevit,
1715 1598 1951 1638 errorem

385 1678 580 1746 abegit,
608 1676 884 1729 veritatem
924 1674 1153 1740 reduxit,
1201 1675 1462 1744 primitias
1502 1682 1707 1728 nostras
1750 1674 1950 1743 regium

388 1769 436 1822 in
469 1770 717 1822 thronum
744 1765 1018 1833 subvexit,
1055 1766 1330 1818 innumera
1363 1764 1498 1819 bona
1526 1765 1802 1834 praestitit:
1836 1780 1951 1833 qum

388 1876 558 1929 neque
585 1874 704 1929 ego,
734 1874 903 1927 neque
929 1858 1182 1912 mortales
1226 1872 1410 1911 omnes
1452 1867 1671 1927 possent
1713 1858 1952 1912 oratione

389 1948 683 2018 complecti.
723 1950 797 2001 Ac
826 1948 969 2016 prius
998 1947 1243 2016 quidem,
1283 1962 1438 2017 quam
1479 1963 1537 2002 se
1583 1947 1948 2009 humiliassct,

392 2039 565 2106 angeli
588 2046 783 2092 tantum
806 2038 975 2107 ipsum
996 2048 1292 2091 noverant:
1320 2045 1600 2107 postquam
1640 2045 1816 2090 autem
1859 2050 1948 2091 so-

396 2128 561 2198 ipsum
588 2128 896 2195 bumiliavit,
924 2129 1097 2183 omnis
1117 2143 1235 2183 eum
1265 2138 1450 2181 natura
1471 2127 1683 2197 agnovit
1699 2127 1945 2180 humane.

399 2219 549 2274 Vides
575 2235 678 2289 quo
708 2228 862 2289 pacto
890 2219 1028 2289 quod
1065 2234 1123 2274 se
1153 2218 1533 2281 humiliaverit,
1580 2217 1747 2272 nihilo
1777 2217 1950 2270 minor

385 2310 451 2365 sit
472 2310 726 2379 redditus,
757 2311 849 2365 sed
886 2311 1158 2365 innumera
1182 2311 1483 2375 indelucra,
1513 2311 1783 2365 innumera
1806 2320 1949 2365 recte

384 2400 514 2455 facta
549 2403 932 2471 promanarint,
964 2402 1182 2472 ejusque
1207 2401 1370 2472 gloria
1396 2401 1587 2457 clarius
1614 2402 1812 2456 idcirco
1836 2401 1942 2455 elu-

409 2632 1259 2671 Μ

1413 272 1500 330 UE
1522 266 1798 329 CHRISTI
1828 261 2180 321 PRECIBUS.
2220 284 2277 296 --
2296 255 2637 312 MONITUM.

3529 272 3629 327 T78

2063 381 2214 437 xerit.
2246 385 2393 451 Quod
2422 388 2464 439 si
2496 387 2546 439 in
2579 386 2705 451 Dea,
2737 385 2828 457 qui
2855 386 3004 440 bonis
3034 386 3280 442 omnibus
3305 385 3493 451 allluit,
3525 402 3620 439 nec

2063 473 2166 528 ulla
2193 490 2250 529 re
2279 475 2497 547 indiget,
2528 476 2667 546 quod
2696 478 2927 547 seipsum
2951 475 3322 543 linniiliaverit,
3351 485 3552 530 tantum
3578 478 3626 529 id

2060 565 2185 619 boni
2215 567 2440 635 peperit,
2473 567 2753 636 pluresque
2806 566 3031 622 fatnuios
3073 567 3146 620 illi
3190 566 3521 629 conciliavit,
3568 580 3628 618 ac

2062 666 2279 725 regnum
2308 655 2567 717 dilatavit,
2596 656 2722 725 quid
2755 665 2807 709 tu
2836 656 3036 711 vereris
3055 696 3070 719 ,
3101 671 3168 709 ne
3195 671 3314 710 cum
3362 665 3411 709 te
3452 654 3630 708 humi-

2058 746 2289 813 liaveris,
2310 748 2484 801 minor
2499 746 2630 801 tias?
2661 748 2792 801 Tum
2814 748 3089 802 sublimior
3102 748 3233 813 eris,
3258 756 3365 800 tum
3386 760 3630 815 magnus,

2062 846 2174 891 tum
2194 838 2392 903 clarus,
2424 846 2532 891 tum
2563 838 2783 891 illustris
2802 879 2817 903 ,
2844 853 2962 891 cum
2996 838 3221 906 teipsnm
3252 835 3594 891 ﬂoccifeceris
3618 876 3630 893 .

2059 945 2180 985 cum
2226 930 2427 999 primas
2467 937 2642 996 partes
2682 944 2786 982 non
2829 928 3179 998 appetiveris,
3223 927 3316 982 sed
3352 926 3630 981 inferiores

2060 1026 2217 1091 ferre,
2251 1035 2304 1079 et
2326 1022 2533 1088 occidi,
2577 1030 2630 1073 et
2670 1022 2721 1073 in
2773 1020 3022 1087 periculis
3070 1018 3303 1081 versari,
3350 1026 3630 1071 contentus

2061 1118 2245 1183 fueris,
2277 1133 2396 1171 cum
2428 1112 2783 1169 ministerium
2823 1112 3089 1182 plerisque
3115 1150 3130 1175 ,
3173 1109 3483 1177 obsequium
3505 1148 3518 1171 ,
3576 1118 3629 1159 et

2059 1226 2238 1266 curam
2289 1208 2552 1265 studueris
2597 1206 2880 1271 exhibere,
2946 1212 3101 1271 atque
3142 1201 3297 1268 hujus
3347 1200 3424 1252 rei
3468 1213 3625 1253 causa

2060 1303 2267 1373 quidvis
2293 1316 2449 1372 agere
2474 1300 2683 1369 patique
2711 1307 2925 1367 paratus
2953 1294 3136 1348 fueris.
3172 1293 3264 1347 llis
3296 1293 3453 1361 igitur
3496 1306 3626 1344 cnn~

2060 1390 2337 1457 sideralis,
2381 1388 2740 1454 dicetissimi,
2788 1386 3136 1441 humilitatem
3197 1397 3406 1437 summo
3453 1382 3626 1434 studio

2059 1490 2357 1550 sedantur,
2372 1491 2432 1540 et
2458 1494 2585 1539 eam
2608 1478 2779 1535 πιτυριί
2811 1476 3130 1533 contumelia
3176 1474 3433 1555 fuerimus
3453 1516 3466 1538 ,
3507 1490 3625 1527 cum

2058 1577 2315 1646 despecti,
2342 1591 2461 1629 cum
2484 1582 2719 1627 extrema
2741 1578 2928 1625 cuncta
2956 1567 3215 1638 perpessi,
3238 1581 3359 1619 cum
3382 1564 3625 1633 neglecti,

2058 1686 2118 1724 ac
2152 1669 2380 1723 ludibrio
2403 1666 2589 1730 habiti,
2634 1679 2753 1717 eum
2784 1663 3053 1728 voluptate
3096 1658 3453 1729 perferamus,
3500 1656 3627 1710 nihil

2058 1762 2200 1815 enim
2229 1760 2309 1815 sic
2343 1759 2392 1810 in
2422 1757 2585 1809 altum
2610 1755 2822 1818 tollere,
2854 1752 3076 1821 gloriam
3098 1758 3151 1805 et
3173 1749 3427 1803 honorem
3450 1752 3626 1803 conci-

2061 1853 2214 1918 liare,
2247 1859 2405 1918 atque
2431 1847 2644 1903 efﬁcere
2665 1855 2725 1900 ut
2755 1857 2978 1913 magnus
3001 1842 3233 1907 videare,
3261 1840 3554 1905 consuevit,
3573 1851 3627 1893 ut

2059 1946 2227 1998 virtus
2267 1940 2598 1995 humilitatis.
2641 1937 2804 2005 Cujus
2849 1935 3002 1990 nobis
3051 1934 3305 1989 eximium
3359 1933 3625 2000 Specimen

2057 2033 2429 2092 enhibctltibus
2455 2030 2712 2100 promissa
2737 2026 2992 2095 consequi
3025 2025 3161 2080 bona
3196 2023 3483 2093 contingat,
3507 2038 3626 2091 gra-

2059 2130 2131 2183 tia
2159 2138 2212 2183 et
2248 2125 2574 2195 benignitate
2608 2122 2815 2175 Domini
2866 2118 3031 2172 nostri
3070 2116 3194 2172 Jesu
3235 2116 3449 2180 Christi,
3503 2131 3621 2168 cum

2056 2235 2160 2291 quo
2180 2218 2366 2289 gloria,
2394 2215 2653 2278 bonor,ct
2678 2210 2915 2264 adoratio
2940 2207 3099 2275 Patri,
3116 2215 3171 2262 et
3193 2205 3407 2276 Spiritui
3441 2212 3625 2259 sancto

2065 2328 2204 2369 nunc
2230 2320 2283 2368 et
2310 2324 2521 2380 semper
2547 2317 2599 2363 et
2626 2307 2679 2361 in
2700 2304 2890 2360 szecula
2920 2303 3255 2367 smculorum,
3290 2304 3477 2355 Amen.

1879 2629 2245 2641 ..._-..___..____.
2280 2634 2729 2642 -tm-ﬁ-.—_—
2755 2634 2941 2641 -..ευρ-,η
3545 2634 3577 2640 ..

1879 2647 2412 2657 _..____._-.___..-_.__.
2442 2632 3575 2660 Μ

2301 2650 2412 2657 -----.

1801 2809 2179 2871 MONITUM

383 2996 699 3049 circumstat
726 2995 862 3057 disi,
902 3012 921 3045 ι
955 3004 1005 3048 et
1045 3011 1145 3049 non
1171 2997 1290 3063 jam
1314 2997 1624 3063 orationem,
1665 2998 1756 3051 sed
1782 3014 1952 3052 vocem

383 3093 653 3138 mortuam
690 3086 967 3152 excitasse,
994 3087 1127 3140 satis
1152 3094 1259 3138 tum
1300 3086 1795 3143 demonstravimus.
1829 3087 1955 3143 Haec

379 3188 549 3244 porro
576 3175 767 3229 confer
798 3189 921 3229 cum
982 3175 1048 3229 iis
1082 3191 1204 3244 quae
1256 3176 1309 3229 in
1347 3177 1571 3232 homilia
1627 3178 1702 3233 De
1736 3178 1949 3233 Lazaro

378 3265 512 3320 dicit
537 3282 689 3320 num.
721 3266 774 3329 5,
803 3274 857 3320 et
894 3267 1077 3321 statim
1107 3268 1409 3336 comperies
1439 3268 1579 3323 hanc
1631 3270 1802 3339 ipsam
1850 3271 1950 3324 ho-

378 3356 593 3411 miliam
615 3371 644 3410 a
676 3356 1093 3427 Cbrysostomo,
1130 3357 1286 3426 quasi
1317 3366 1489 3427 nuper
1519 3359 1758 3413 habitam
1782 3399 1797 3423 ,
1834 3372 1947 3414 nte-

377 3446 607 3503 morari.
643 3445 715 3501 Ut
741 3461 869 3502 vero
898 3448 1111 3503 caeteris
1139 3462 1492 3503 occurramus
1519 3450 1587 3505 ab
1617 3448 1831 3505 llalesio
1857 3451 1954 3505 ob—

372 3537 541 3608 jectis
567 3538 927 3609 argumentis,
953 3540 1264 3595 ecusideres
1328 3541 1487 3594 velim
1542 3543 1844 3597 orationem
1887 3544 1953 3597 de

379 3629 591 3683 Lazaro
621 3629 986 3699 quatriduano
1013 3631 1446 3701 αὐτοσχεδίασμα
1479 3648 1601 3687 esse
1630 3633 1956 3704 Chrysosto—

378 3722 480 3775 mi.
520 3717 654 3774 Nam
717 3736 838 3775 cum
886 3736 952 3775 es
1011 3722 1242 3777 lectione
1307 3721 1583 3794 Evangelii
1640 3726 1706 3780 de
1746 3727 1957 3783 Lazaro

380 3811 777 3883 quatriduano,
812 3821 941 3867 tunc
982 3812 1036 3866 in
1069 3820 1212 3868 coetu
1244 3812 1499 3869 Ecclesia:
1529 3825 1768 3885 peracta,
1802 3818 1951 3871 Ano-

378 3904 512 3959 mmi
538 3913 587 3957 et
614 3902 810 3968 Judaei,
845 3903 1048 3973 utipse
1102 3902 1261 3958 initio
1298 3905 1449 3973 dicit,
1507 3908 1956 3965 contradictionis

382 4010 585 4050 ansam
614 3995 917 4064 arriperent
942 3994 1291 4064 dicerentque
1321 4012 1428 4050 non
1467 4010 1649 4067 parem
1693 4014 1814 4054 esse
1852 3999 1956 4055 Pa-

382 4091 452 4143 tri
479 4102 631 4151 eum,
663 4089 755 4156 qui
805 4085 1015 4141 Patrem
1048 4100 1254 4157 precari
1276 4098 1391 4156 tur,
1411 4104 1474 4143 ex
1510 4099 1757 4160 tempore
1784 4092 1956 4162 Chry.

380 4189 664 4236 sostomus
692 4180 831 4233 hanc
860 4180 1167 4234 orationem
1194 4180 1425 4235 habuit:
1452 4180 1545 4236 ubi
1591 4183 1735 4236 mira
1764 4181 1953 4237 solita-

379 4286 492 4342 que
554 4271 605 4324 vi
659 4270 1063 4326 ratiociniorum
1123 4272 1364 4327 adversa:
1404 4273 1573 4342 partis
1627 4282 1949 4345 argumenta

380 4364 602 4434 depellit
629 4382 642 4418 :
671 4379 734 4419 ac
781 4365 906 4419 licet
949 4366 1123 4419 oratio
1153 4382 1259 4420 non
1293 4378 1509 4422 assueta
1542 4378 1825 4439 troporum
1858 4382 1949 4424 ort-

382 4466 642 4511 namenta
682 4472 794 4527 pm
840 4471 901 4513 se
964 4456 1121 4523 ferat,
1182 4459 1313 4528 quia
1362 4459 1620 4514 nimirum
1655 4460 1710 4515 id
1765 4473 1948 4516 rerum

379 4548 626 4605 conditio
686 4563 796 4604 non
853 4549 1181 4619 posmlabat,
1236 4556 1481 4606 attamen
1524 4551 1717 4622 stytas,
1773 4562 1957 4622 neque

382 4640 507 4711 ipso
579 4640 796 4709 penitus
857 4639 1122 4697 dillitente
1173 4640 1441 4709 Halesio,
1494 4641 1953 4716 Chrysostomum

384 4734 613 4788 omnino
650 4732 813 4801 sapit.

455 4823 758 4893 Serlpergit
817 4820 1090 4889 Halesius,
1129 4843 1153 4877 ο
1215 4824 1376 4882 Ratio
1422 4842 1586 4898 quam
1647 4829 1827 4885 reddit
1857 4842 1958 4886 cur

382 4914 635 4970 Christus
660 4912 927 4969 Lazarum
976 4916 1297 4972 nominatim
1348 4921 1655 4990 compellet,
1706 4933 1961 4991 apostrov

383 5004 487 5072 pbe
510 5003 576 5058 ad
610 5003 883 5060 infernum
916 5016 971 5061 et
997 5006 1248 5076 ejusdem:
1275 5010 1661 5079 prosopopoeia:
1692 5026 1956 5065 νεανικω-

387 5095 557 5165 τέραν
603 5095 757 5150 olent
780 5096 1331 5167 audarﬁamalicuins
1381 5101 1592 5171 ingenii
1631 5103 1963 5159 recentium

388 5191 641 5249 moneta,
660 5199 765 5239 non
785 5200 852 5240 au
861 5194 969 5241 tem
991 5187 1137 5242 illam
1153 5187 1389 5245 Joannis
1404 5192 1751 5248 soliditatem.
1765 5193 1959 5249 sRatio

385 5282 567 5328 autem
596 5273 710 5338 illa,
735 5275 1341 5348 quamClwysostomus
1369 5279 1545 5349 aﬂTert',
1577 5298 1677 5337 cur
1699 5283 1965 5341 Christus

386 5360 652 5419 Lazarum
701 5368 1029 5422 nominatim
1077 5372 1502 5440 compellaverit,
1554 5375 1780 5440 Lazare,
1835 5378 1949 5430 ueni

389 5452 554 5521 foras,
590 5456 905 5526 hujusmodi
964 5469 1083 5514 est:
1120 5460 1225 5527 Ne,
1257 5464 1305 5517 si
1342 5465 1639 5519 absolutam
1674 5478 1855 5522 uocent
1879 5468 1957 5521 ait

387 5555 621 5600 rnortuos
662 5549 965 5615 diremisset,
1006 5567 1205 5617 omnes,
1257 5556 1351 5624 qui
1380 5557 1431 5607 in
1463 5558 1719 5627 sepulcris
1780 5569 1952 5626 erant,

385 5636 665 5705 excitaret,
697 5639 757 5694 id.
799 5649 902 5706 est,
963 5640 1008 5697 si
1042 5642 1271 5701 dixisset
1306 5654 1543 5713 tantum,
1604 5646 1737 5703 Veni
1787 5649 1953 5719 foras,

2055 2995 2320 3050 cumhree
2350 3010 2453 3047 vox
2481 3010 2587 3049 non
2653 2997 2825 3066 magis
2886 2997 3174 3064 Lazatum,
3233 3015 3395 3069 quant
3453 3001 3617 3056 alium

2054 3087 2360 3159 quempiam
2389 3098 2658 3149 evocaret.
2695 3104 2883 3143 omnes
2918 3089 3143 3143 omnino
3194 3092 3391 3147 mortui
3439 3108 3622 3148 resur-

2055 3179 2257 3235 recturi
2284 3189 2435 3232 crant
2464 3198 2476 3232 :
2512 3187 2659 3232 tanta
2708 3195 2901 3248 nempe
2951 3189 3068 3234 erat
3099 3180 3301 3237 Christi
3359 3186 3619 3252 potentia.

2056 3273 2130 3326 De
2158 3272 2428 3326 ratiocinii
2494 3272 2805 3340 hujusmodi
2839 3273 3093 3344 ἀκριϐείᾳ
3135 3288 3243 3327 non
3293 3275 3620 3344 disputabo:

2055 3363 2151 3419 sed
2182 3364 2347 3419 libere
2394 3363 2610 3419 dicam:
2652 3365 2698 3418 si
2743 3381 2810 3418 cx
2844 3364 3157 3434 hujusmodi
3205 3365 3502 3420 ratiociniis
3537 3385 3623 3419 vo-

2056 3455 2208 3519 θείας
2267 3456 2529 3510 sententia
2589 3454 2809 3511 ferenda
2867 3458 2973 3523 sit,
3027 3459 3441 3528 quamplurima:
3499 3459 3620 3513 alia:

2058 3549 2433 3619 Chrysostomi
2466 3550 2722 3613 homilite,
2778 3562 2915 3619 quas
2971 3558 3148 3605 tamen
3209 3564 3359 3605 certo
3410 3559 3624 3606 constat

2056 3640 2213 3696 illum
2244 3641 2501 3705 edidisse,
2544 3652 2607 3695 ex
2661 3642 3018 3711 genuinarnm
3076 3642 3212 3695 serie
3252 3641 3622 3711 expungende

2054 3737 2233 3784 erunt.
2260 3729 2413 3795 Quod
2440 3732 2555 3798 pari
2594 3729 2806 3784 ratione
2844 3731 2992 3785 diras
3044 3730 3111 3784 de
3167 3732 3494 3800 apostropha
3555 3733 3621 3786 ad

2056 3819 2333 3875 infernum
2354 3830 2408 3876 et
2433 3824 2499 3877 de
2532 3823 2931 3893 prosopoptnia,
2962 3836 3081 3892 quae
3109 3825 3187 3877 sic
3215 3824 3374 3879 habet
3400 3843 3412 3879 :
3444 3824 3626 3890 Quan—

2055 3913 2126 3966 do
2150 3913 2315 3982 ﬁebat
2332 3916 2528 3977 oratio,
2562 3928 2662 3968 non
2696 3917 2979 3969 resurrexit
3003 3927 3259 3981 mortuus,
3299 3917 3388 3970 sed
3414 3919 3623 3988 quando

2055 4005 2193 4059 dixit
2233 4023 2252 4057 ι
2302 4002 2528 4069 Lazare,
2572 4008 2687 4060 veni
2720 4006 2888 4076 foras,
2928 4025 2946 4058 ι
2995 4017 3117 4060 tunc
3162 4021 3398 4062 mortuus
3451 4027 3623 4063 resur-

2058 4098 2215 4152 rewit.
2244 4096 2288 4152 0
2319 4098 2509 4151 mortis
2540 4096 2915 4166 tyrannidem!
2944 4112 2973 4151 ο
3018 4100 3349 4168 tyrannidem
3407 4101 3617 4154 virtutis

2058 4188 2227 4251 illius,
2278 4202 2394 4258 qua:
2454 4189 2692 4243 animant
2749 4188 2905 4241 iﬂam'
2938 4190 3251 4244 detinebat!
3289 4207 3318 4243 o
3377 4192 3625 4258 inferne!

2056 4280 2201 4350 facta
2229 4290 2305 4335 est
2335 4282 2529 4345 oratio,
2567 4293 2613 4336 el
2640 4291 2911 4335 mortuum
2947 4296 3057 4335 non
3094 4280 3320 4337 dimittis
3346 4286 3372 4338 ?
3409 4281 3621 4355 Nequa-

2053 4383 2233 4440 quam,
2274 4372 2466 4441 inquit.
2508 4370 2627 4438 Qua
2666 4373 2729 4426 de
2749 4384 2912 4427 causa
2935 4376 2961 4429 ?
2997 4373 3136 4438 Quia
3166 4390 3268 4427 non
3295 4375 3478 4444 jussus
3508 4392 3619 4430 sum

2053 4461 2335 4528 dimittere,
2348 4472 2451 4518 etc.
2467 4462 2841 4529 Quotexstant
2869 4466 3011 4534 apud
3024 4465 3470 4537 Chrysostomum
3495 4483 3622 4538 apo.

2054 4553 2293 4622 stropha!
2319 4559 2373 4607 et
2417 4555 2810 4625 prosopopoeiae
2837 4555 3147 4626 hujusmodi
3170 4557 3199 4610 ?r
3222 4556 3277 4611 Si
3305 4558 3622 4615 advertisset

2055 4643 2307 4701 linteatus
2347 4645 2488 4701 hanc
2517 4646 2794 4702 homiliam
2820 4647 2874 4703 in
2904 4649 3028 4717 alia,
3058 4666 3222 4721 quam
3253 4651 3623 4723 Chrysostomi

2054 4748 2179 4789 esse
2206 4746 2366 4789 mmo
2410 4734 2661 4791 dubitare
2703 4745 2903 4808 potest,
2954 4741 3241 4809 perspicue
3290 4742 3582 4796 memorari
3607 4782 3624 4805 ,

2055 4833 2271 4880 certum
2299 4826 2474 4883 habeo
2510 4827 2685 4898 ipsum
2731 4843 2832 4885 nec
2860 4830 3249 4902 apostrophen,
3285 4847 3385 4886 nec
3432 4848 3627 4902 proso-

2055 4920 2331 4989 p‘Opmiam
2362 4920 2510 4975 illam
2557 4929 2617 4976 ut
2644 4921 2859 4987 νοθείας
2896 4932 3277 4994 argumentum
3334 4924 3626 4980 allaturum

2055 5008 2245 5065 fuisse.
2277 5011 2457 5079 Quare
2488 5006 2785 5070 Frontonis
2844 5013 3026 5070 Ductei
3060 5015 3367 5085 exemplum
3431 5016 3624 5083 secuti,

2056 5102 2202 5157 iliam
2232 5105 2375 5159 inter
2403 5108 2641 5175 genuina
2672 5122 2836 5178 opera
2870 5108 3031 5163 edere
3058 5108 3192 5162 nihil
3240 5110 3480 5163 cunctati
3532 5125 3625 5163 su-

2057 5206 2197 5261 mus,
2268 5197 2499 5265 ipsique,
2560 5206 2623 5251 ut
2666 5212 2829 5269 supra
2864 5199 3068 5254 dictum
3124 5208 3225 5263 est,
3286 5200 3506 5254 alteram
3562 5201 3629 5254 de

2058 5286 2265 5341 Christi
2295 5287 2549 5355 precibus
2592 5289 2988 5354 snimeetimns,
3022 5302 3128 5343 non
3194 5292 3354 5346 modo
3410 5292 3537 5361 quia
3573 5292 3623 5345 id

2059 5380 2365 5447 argumenti
2389 5381 2752 5449 temporisque
2777 5380 2914 5434 ratio
2941 5382 3297 5449 postulat,scd
3319 5384 3479 5439 etiam
3501 5385 3627 5454 quia

2057 5469 2328 5540 posterIOr
2358 5470 2559 5538 prioris
2581 5470 2907 5541 γνησιότητα
2935 5472 3129 5526 asserit
3155 5482 3209 5526 et
3236 5477 3540 5532 confirmat.

2131 5559 2430 5632 Utriusque
2486 5574 2614 5617 vero
2678 5576 2796 5616 cm
2851 5563 3349 5631 interpretationem
3389 5568 3622 5629 edimus.

2064 5666 2226 5723 quam
2247 5653 2593 5709 concinmit
2621 5651 2825 5709 Fronto
2856 5652 3109 5711 Ducazus.
