4062 6166
365 299 462 355 779
1043 299 1081 354 S
1139 292 1420 353 JOANNIS
1459 289 1949 349 CIIRYSOSTOMI
1990 284 2312 345 ARClllEP.
2353 278 2900 339 CONSTANTINOP.

3479 272 3584 329 780

374 562 3577 616 ____________________________________________

625 3349 716 3412 (De
728 3349 900 3400 Christi
915 3349 1142 3412 precibus
1154 3354 1320 3400 contra
1331 3356 1601 3411 Anomteos,
1615 3355 1669 3398 υ(
1677 3351 1713 3412 .)

454 3459 504 3511 1.
556 3455 830 3511 llodierno
872 3455 959 3511 die
1005 3456 1291 3512 suscitatus
1342 3471 1372 3510 a
1417 3458 1641 3513 mortuis
1692 3456 1957 3525 Lazarus,

381 3548 669 3602 multorum
713 3548 869 3603 nobis
906 3548 1284 3618 variorumque
1320 3547 1691 3603 scandalorum
1733 3548 1961 3605 dissolu-

384 3642 584 3696 tionem
619 3640 875 3710 impertit.
920 3639 1043 3694 llaec
1076 3640 1218 3695 enim
1254 3640 1413 3694 lectio
1449 3641 1632 3696 nescio
1671 3656 1776 3712 quo
1807 3649 1961 3712 pacto

381 3731 651 3786 haereticis
669 3745 874 3797 ansam,
898 3738 951 3784 et
964 3729 1162 3785 Judaeis
1177 3731 1609 3786 contradictionis
1625 3733 1958 3788 occasionem

382 3821 571 3876 dedit:
602 3834 710 3874 non
745 3835 812 3875 ex
841 3821 918 3876 rei
962 3821 1204 3887 veritate,
1231 3820 1402 3886 absit,
1427 3822 1522 3877 sed
1543 3822 1611 3876 ob
1639 3822 1959 3879 malitiosum

382 3911 596 3967 illorum
621 3911 879 3966 animum.
908 3910 1181 3981 Siquidem
1213 3911 1364 3966 multi
1394 3927 1459 3967 ex
1488 3910 1754 3967 haereticis
1777 3913 1962 3969 dicunt

382 4002 612 4058 similem
654 4004 796 4059 Patri
835 4019 940 4059 non
982 4017 1102 4058 esse
1144 4003 1356 4058 Filium.
1384 4003 1521 4072 Quid
1564 4003 1669 4058 ita?
1699 4004 1957 4073 Quoniam

380 4095 608 4166 indiguit
634 4097 897 4166 precibus,
929 4097 1194 4167 inquiunt,
1214 4095 1458 4152 Christus
1482 4095 1548 4151 ad
1569 4095 1903 4151 excitandum
1926 4112 1963 4151 at

380 4187 609 4242 mortuis
646 4187 903 4243 Lazarum
937 4205 952 4246 :
981 4187 1081 4242 nisi
1127 4188 1268 4243 enim
1317 4196 1635 4258 apprecatus
1662 4196 1822 4253 esset,
1854 4187 1959 4242 La-

380 4296 565 4334 zarum
625 4296 731 4335 non
800 4281 1107 4336 excitasset.
1167 4281 1233 4335 Et
1293 4280 1381 4349 qui
1448 4279 1559 4334 lieri
1620 4280 1851 4349 poterit,
1901 4286 1961 4333 ut

382 4369 431 4423 is
469 4371 558 4440 qui
591 4379 835 4441 precatus
872 4378 954 4426 est
977 4412 992 4439 ,
1024 4371 1094 4425 sit
1130 4369 1321 4425 similis
1354 4370 1437 4437 ei,
1483 4369 1573 4440 qui
1612 4369 1956 4441 supplicatio-

381 4475 507 4515 nem
550 4460 797 4515 admisit?
824 4462 953 4516 Nam
1001 4462 1089 4515 hic
1128 4463 1343 4532 quidem
1390 4471 1669 4531 precatur,
1702 4462 1792 4516 ille
1830 4476 1959 4516 vero

377 4563 568 4618 preces
592 4550 935 4617 supplicantis
954 4550 1185 4605 admisit.
1206 4550 1580 4621 Blasphemant
1598 4560 1797 4618 autem,
1816 4550 1959 4621 quod

381 4656 490 4695 non
529 4640 824 4710 intelligant
847 4641 1312 4697 condescensionis
1338 4644 1505 4714 gratia
1535 4658 1723 4713 preces
1747 4644 1801 4699 et
1830 4657 1957 4713 pro~

380 4742 503 4803 pter
533 4732 854 4787 adstantium
904 4733 1315 4809 imbecillitatem
1354 4734 1501 4790 fusas
1540 4750 1678 4791 esse.
1722 4736 1955 4808 Alioqui,

379 4824 489 4891 dic,
517 4838 716 4894 quaeso,
763 4825 883 4895 quis
907 4824 1078 4894 major
1102 4835 1214 4891 est,
1252 4824 1343 4896 qui
1373 4826 1514 4880 lavat
1539 4825 1741 4896 pedes,
1770 4840 1838 4879 an
1868 4826 1959 4881 ille

379 4915 535 4985 cujus
582 4914 745 4985 pedes
805 4916 981 4971 lavat?
1036 4915 1266 4972 Omnino
1316 4918 1464 4972 illum
1518 4918 1774 4987 majorem
1836 4934 1957 4974 esse

378 5009 548 5075 dices,
580 5008 730 5079 cujus
758 5008 921 5078 pedes
944 5008 1072 5065 lavit
1096 5011 1139 5065 is
1163 5052 1178 5077 ,
1208 5013 1295 5081 qui
1325 5010 1533 5065 lavabat
1559 5009 1736 5081 (Joan.
1761 5012 1850 5067 15.
1878 5011 1955 5081 5).

455 5099 687 5155 Christus
711 5099 746 5154 .1
752 5101 867 5156 udae
888 5102 1037 5173 pedes
1063 5104 1203 5158 lavit.
1227 5104 1477 5178 —_Atqui
1500 5102 1647 5159 Judae
1673 5103 1959 5174 proditoris

382 5190 552 5257 pedes
578 5193 703 5248 lavit
731 5192 1017 5249 Salvator?
1043 5194 1303 5265 siquidem
1336 5209 1458 5249 cum
1494 5194 1766 5265 discipulis
1794 5202 1909 5250 crat
1940 5212 1954 5249 :

379 5283 501 5352 quis
522 5298 649 5353 ergo
668 5284 878 5355 major?
897 5302 1023 5340 num
1038 5283 1252 5342 Christo
1272 5286 1497 5343 Domino
1518 5288 1755 5358 proditor
1772 5286 1955 5353 Judas,

376 5374 807 5446 quandoquidem
827 5376 943 5447 ejus
960 5378 1121 5447 pedes
1139 5380 1266 5434 lavit
1280 5379 1559 5435 Christus?
1573 5379 1748 5434 Absit.
1770 5378 1957 5435 Utrum

389 5481 520 5523 vero
541 5466 827 5537 humilius,
861 5470 1039 5527 lavare
1079 5472 1273 5542 pedes,
1314 5487 1384 5527 an
1410 5471 1656 5542 precari?
1679 5470 1830 5527 Haud
1856 5470 1957 5525 du-

382 5559 533 5614 bium
560 5560 692 5630 quin
714 5558 875 5630 pedes
900 5561 1096 5618 lavare.
1130 5562 1229 5630 Qui
1246 5579 1373 5635 ergo
1400 5563 1545 5634 quod
1567 5571 1683 5618 erat
1708 5562 1959 5617 humilius

379 5652 560 5709 lacere
586 5670 696 5713 non
724 5657 1287 5729 recusavit,quomodo
1318 5658 1495 5714 facere
1522 5658 1664 5728 quod
1692 5665 1807 5713 erat
1833 5655 1959 5711 sub-

2074 3354 2256 3412 limius
2317 3362 2625 3415 recusaret?
2676 3359 2780 3415 Sed
2831 3360 3007 3416 omnia
3058 3369 3276 3432 propter
3325 3363 3642 3419 adstantium

2068 3446 2373 3504 Iudaeorum
2421 3450 2835 3508 imbecillitatem
2879 3452 3104 3521 flebant,
3158 3464 3214 3509 ut
3251 3470 3316 3511 ex
3362 3471 3643 3527 progressu

2069 3540 2332 3596 sermonis
2359 3543 2652 3612 apparebit.
2684 3543 2982 3610 Quinetiam
3007 3544 3175 3601 Judaei
3202 3547 3641 3603 contradictioni:

2067 3631 2190 3686 inde
2219 3634 2551 3688 occasionem
2582 3636 2902 3705 arripientes
2940 3636 3123 3692 dicunt
3152 3655 3165 3693 :
3197 3639 3285 3709 qui
3321 3639 3410 3705 lit,
3433 3649 3492 3694 ut
3519 3656 3642 3696 eum

2066 3720 2353 3776 Christiani
2403 3724 2567 3779 Deum
2606 3722 2869 3793 habeant,
2914 3728 3004 3797 qui
3052 3727 3229 3783 locum
3273 3729 3360 3783 ubi
3400 3740 3644 3787 mortuus

2061 3810 2270 3879 jacebat
2302 3813 2537 3869 Lazarus
2564 3815 2879 3884 ignorabat?
2906 3816 3332 3888 quandoquidem
3369 3821 3644 3877 sororibus

2066 3901 2253 3958 Lazari
2280 3904 2500 3959 Marthae
2524 3915 2577 3961 et
2603 3905 2780 3961 Mariae
2806 3906 3051 3964 Salvator
3074 3909 3284 3965 dicebat
3300 3951 3315 3977 ,
3348 3910 3445 3966 Ubi
3466 3913 3644 3982 posui-

2066 3994 2158 4048 stis
2184 4010 2300 4048 eum
2324 3994 2501 4067 (Joan.
2535 3996 2624 4050 11.
2661 3997 2788 4067 54η
2818 3997 2997 4067 Vides,
3038 3999 3226 4069 inquit,
3257 4000 3645 4071 ignorantiam?

2067 4082 2228 4139 Vides
2271 4085 2733 4142 imbecillitatem?
2760 4086 2922 4143 lllene
2945 4090 3033 4159 qui
3069 4091 3231 4146 etiam
3270 4092 3445 4146 locum
3486 4094 3641 4162 igno-

2064 4177 2221 4241 ravit,
2251 4185 2336 4232 est
2363 4178 2540 4233 Deus?
2584 4174 2656 4231 At
2679 4193 2777 4251 ego
2813 4180 2890 4236 sic
2923 4196 3017 4237 eos
3051 4167 3324 4253 alloquar,
3365 4200 3471 4240 non
3498 4186 3641 4255 quod

2065 4268 2137 4325 ita
2188 4273 2445 4337 sentiam,
2500 4272 2596 4330 sed
2652 4280 2712 4329 ut
2772 4288 2957 4329 eorum
3000 4274 3352 4345 objectionem
3410 4278 3641 4348 ignomi-

2066 4363 2218 4418 niose
2243 4364 2502 4432 rejiciam.

2135 4455 2393 4512 Probatur
2416 4456 2671 4513 Christum
2705 4475 2807 4514 non
2832 4459 3089 4531 ignorasse
3115 4462 3198 4514 ubi
3239 4470 3365 4515 esset
3392 4460 3639 4515 Lazarus.

2065 4577 2136 4590 -
2161 4547 2459 4618 lgnoravit,
2490 4550 2590 4617 ais,
2612 4550 2875 4617 Christus,
2901 4566 2935 4606 ο
2970 4551 3187 4619 Iudaee,
3216 4552 3335 4622 quia
3362 4552 3513 4617 dixit,
3545 4552 3643 4607 Ubi

2066 4643 2299 4712 posuistis
2323 4643 2477 4699 eum?
2504 4642 2685 4714 Itaque
2714 4644 2974 4714 ignoravit
3005 4645 3164 4699 etiam
3194 4646 3244 4699 in
3272 4645 3516 4715 paradiso
3545 4645 3642 4700 Pa-

2067 4741 2168 4801 ter,
2190 4735 2280 4789 ubi
2307 4734 2650 4789 absconditus
2670 4743 2813 4789 esset
2831 4734 3020 4789 Adam.
3052 4736 3317 4789 Circuibat
3332 4736 3473 4790 enim
3491 4750 3642 4804 quasr

2065 4839 2186 4881 eum
2216 4826 2267 4879 in
2297 4825 2542 4894 paradiso
2570 4841 2850 4896 quaerens,
2876 4841 2939 4881 ac
2974 4815 3156 4881 dicens
3187 4844 3200 4881 :
3238 4828 3399 4880 Adam
3436 4828 3522 4880 ubi
3557 4830 3648 4883 es?

2066 4921 2214 4989 quasi
2236 4920 2453 4984 diceret,
2475 4920 2563 4974 ubi
2585 4919 2927 4973 absconditus
2946 4920 3039 4972 es?
3063 4919 3235 4987 Quare
3257 4936 3360 4973 non
3393 4920 3536 4988 prius
3560 4920 3643 4973 lo-

2064 5023 2186 5064 cum
2204 5010 2354 5073 dixit,
2381 5026 2445 5065 ex
2462 5027 2567 5081 quo
2591 5026 2709 5065 cum
2738 5008 2928 5064 ﬁducia
2954 5027 3072 5065 cum
3103 5012 3213 5065 Duo
3241 5010 3648 5079 colloquebatnr

2070 5110 2268 5169 Adam?
2296 5109 2490 5171 Adam,
2509 5108 2598 5160 ubi
2608 5107 2695 5160 es?
2713 5104 2802 5159 Ille
2826 5117 2954 5158 vero
2975 5098 3141 5171 quid?
3165 5099 3353 5153 Vocem
3376 5106 3521 5150 tuam
3538 5108 3645 5147 au-

2072 5204 2175 5258 divi
2194 5204 2249 5256 in
2265 5200 2520 5271 paradiso
2531 5196 2928 5261 ambulantis,et
2944 5193 3117 5256 timui,
3135 5208 3194 5246 eo
3214 5189 3352 5261 quod
3370 5186 3542 5242 nudus
3555 5201 3643 5239 es-

2072 5312 2199 5355 sem,
2216 5302 2265 5347 et
2282 5291 2531 5346 abscondi
2551 5306 2630 5344 me
2646 5288 2795 5358 (Gen.
2817 5287 2869 5342 '5.
2889 5287 2942 5342 9.
2973 5284 3083 5356 10).
3105 5284 3162 5339 Si
3183 5284 3341 5347 hanc,
3385 5280 3642 5345 oJudaee,

2064 5390 2226 5431 vocas
2254 5377 2604 5446 ignorantiam
2625 5419 2639 5442 ,
2668 5377 2812 5432 illam
2842 5391 3053 5447 quoque
3092 5375 3443 5446 ignorantiam
3486 5388 3640 5427 voca.

2066 5467 2283 5523 Dicebat
2304 5468 2448 5523 enim
2469 5468 2714 5523 Christus
2738 5467 2958 5521 Marthae
2982 5476 3036 5520 et
3064 5467 3257 5531 Mariae,
3294 5463 3391 5520 Ubi
3409 5464 3644 5535 posuistis

2065 5578 2177 5616 eum
2196 5563 2222 5615 .’
2252 5562 2399 5617 Hanc
2440 5562 2600 5630 igitur
2630 5561 2980 5632 ignorantiam
3017 5560 3214 5615 vocas?
3241 5558 3377 5627 Quid
3406 5572 3533 5627 ergo
3558 5555 3642 5608 di-

2067 5670 2177 5723 ces,
2207 5670 2328 5711 cum
2349 5654 2585 5711 audieris
2611 5655 2776 5710 Deum
2805 5653 2971 5709 Caino
2991 5652 3277 5720 dicentem,
3305 5649 3401 5707 Ubi
3425 5658 3496 5703 est
3519 5647 3643 5701 Abct
