4062 6166
280 286 375 342 Ὶῖθ

341 582 3397 637 .______.________________________________________

1091 297 1176 356 DE
1210 298 1489 361 CHRISTI
1531 305 1898 367 PRECIBUS.
1939 311 2219 372 CONTRA
2259 318 2641 378 ANOMCEOS.
2685 322 2780 380 IX.

3415 327 3520 382 780

531 1379 892 1549 ΕΙΣ
1024 1379 1476 1552 ΤΟΝ
1606 1385 3260 1571 ΤΕΤΡΑΗΜΕΡΟΝ

1450 2047 2221 2189 ΛΑΖΑΡΟΝ
2255 2046 2335 2180 ⁸.

722 3160 876 3236 [525]
910 3165 1100 3234 Λόγος
1131 3163 1365 3233 ἔνατος.

323 3273 396 3322 α’.
415 3267 663 3340 Σήμερον
691 3267 758 3322 ἐκ
783 3268 991 3341 νεκρῶν
1014 3270 1364 3342 ἐγειρόμενος
1388 3270 1417 3324 6
1444 3269 1695 3343 Λάζαρος
1718 3272 1844 3325 πολ-

256 3358 361 3413 λῶν
375 3359 472 3414 καὶ
487 3360 759 3432 διαφόρων
780 3360 1092 3416 σκανδάλων
1107 3362 1207 3433 τὴν
1222 3362 1374 3418 λύσιν
1385 3365 1520 3435 ἡμῖν
1533 3364 1837 3437 χαρίζεται.

257 3454 365 3508 Καὶ
389 3452 499 3523 γὰρ
529 3454 631 3506 οὐκ
650 3448 746 3506 οἷδ’
775 3453 924 3517 ὅπως
957 3453 1020 3508 τὸ
1050 3455 1388 3530 ἀνάγνωσμα
1417 3457 1576 3511 τοῦτο
1602 3459 1697 3512 καί
1730 3460 1843 3522 τοῖς

253 3547 553 3617 αἱρετικοίς
587 3543 790 3598 δέδωκε
818 3545 989 3618 λαϐὴν
1027 3559 1077 3610 α,
1101 3548 1195 3602 καὶ
1227 3551 1343 3614 τοῖς
1388 3548 1667 3614 Ἰουδαίοις
1695 3550 1844 3602 ἀντι-

253 3638 442 3708 λογίας
479 3639 734 3711 ἀφορμὴν
752 3679 773 3705 ,
797 3639 900 3693 οὐκ
923 3639 982 3706 ἐξ
1022 3638 1313 3711 ἀληθείας,
1347 3640 1423 3712 μὴ
1450 3640 1664 3710 γένοιτο
1682 3681 1697 3707 ,
1725 3641 1840 3695 ἀλλ’

254 3731 317 3785 ὲκ
359 3730 462 3801 τῆς
492 3729 718 3784 ἐκείνων
753 3730 1084 3802 κακοτέχνου
1125 3729 1324 3804 ψυχῆς.
1365 3732 1556 3786 Πολλοὶ
1587 3732 1687 3804 μὲν
1732 3732 1843 3803 γὰρ

253 3819 363 3876 τῶν
411 3821 711 3894 αίρετικῶνι
745 3821 1021 3892 λέγουσιν,
1072 3824 1155 3877 ὅτι
1181 3827 1277 3893 οὐχ
1318 3825 1504 3895 ὅμοιος
1535 3827 1563 3878 6
1598 3825 1728 3889 Υἱὸς
1765 3825 1843 3897 τῷ

253 3913 456 3987 Πατρί.
492 3914 593 3969 Διά
620 3915 709 3981 τί;
737 3914 862 3969 Ὅτι
893 3915 1109 3988 ἐδεήθη,
1139 3916 1295 3988 φησὶ,
1321 3917 1634 3989 προσευχῆς
1651 3918 1686 3975 .6
1707 3919 1843 3988 Χρι-

255 4008 381 4070 στὸς
409 4009 494 4072 είς
529 4008 590 4062 τὸ
618 4009 828 4081 ἐγεῖραι
876 4009 968 4062 τὸν
1001 4009 1252 4082 Λάζαρον
1277 4027 1293 4041 ⁸
1329 4011 1378 4064 εί
1423 4010 1498 4082 μὴ
1533 4011 1643 4082 γὰρ
1676 4029 1843 4084 προσ-

254 4097 478 4171 ηύξατο,
517 4102 620 4155 οὐκ
648 4100 714 4156 ἃν
759 4101 951 4174 ἤγειρε
977 4101 1070 4156 τὸν
1098 4103 1368 4175 Λάζαρον.
1392 4105 1504 4158 Καὶ
1525 4103 1643 4169 πῶς
1665 4103 1840 4174 ἔσται,

257 4193 447 4265 φησὶν,
485 4193 670 4266 ὅμοιος
723 4196 754 4248 6
813 4193 1253 4266 προσευξάμενος
1283 4195 1362 4267 τῷ
1416 4196 1696 4269 δεξαμένῳ
1742 4197 1842 4269 τὴν

257 4285 506 4350 ίκεσίαν;
533 4287 562 4339 6
589 4285 687 4355 μὲν
711 4285 820 4358 γὰρ
855 4285 1241 4358 προσεύχεται,
1269 4289 1298 4341 6
1322 4287 1380 4340 δὲ
1401 4288 1501 4360 τὴν
1532 4289 1843 4361 προσευχὴν

259 4378 411 4449 παρά
444 4380 540 4434 τοῦ
582 4375 916 4441 ἱκετεύοντος
956 4377 1199 4442 ἐδέξατο.
1243 4378 1634 4452 Βλασφημοῦσι
1665 4383 1722 4435 δέ
1765 4381 1839 4452 μὴ

256 4468 508 4532 νοοῦντες
521 4468 672 4533 ὅπως
696 4469 1158 4538 συγκαταϐάσεως
1179 4465 1248 4541 ἦν
1278 4471 1371 4524 καὶ
1392 4473 1492 4543 τῆς
1513 4473 1622 4527 τῶν
1639 4473 1842 4546 παρόν-

256 4579 366 4616 των
396 4561 567 4615 ἓνεκα
606 4562 889 4626 ἀσθενείας
929 4564 963 4634 ἡ
1010 4565 1309 4636 προσευχή.
1351 4565 1527 4627 Ἐπεὶ,
1566 4565 1687 4619 είπέ
1731 4583 1842 4636 μοι,

257 4654 338 4718 τίς
364 4655 588 4726 μείζων,
617 4655 646 4707 6
669 4653 874 4708 νίπτων
900 4657 1029 4719 τοὺς
1055 4655 1244 4720 πόδας,
1264 4656 1296 4729 ἦ
1320 4657 1547 4723 ἐκεῖνος,
1571 4651 1632 4711 οὗ
1665 4640 1846 4712 νίπτεῖ

256 4749 383 4811 τοὺς
421 4746 626 4813 πόδας;
669 4746 896 4813 Πάντως
935 4749 1018 4802 ὅτι
1061 4748 1271 4813 ἐκεῖνος
1315 4747 1518 4821 μείζων
1587 4742 1647 4803 οὗ
1696 4750 1847 4821 ἕνιψε

257 4839 383 4903 τοὺς
411 4839 581 4902 πόδας
606 4839 634 4892 6
664 4839 890 4895 νίπτων.

339 4963 484 5018 Ἀλλ’
505 4964 536 5016 6
556 4963 744 5036 Σωτὴρ
758 4962 908 5034 ἐνιψε
919 4964 1048 5029 τοὺς
1070 4964 1234 5030 πόδας
1249 4965 1344 5019 τοῦ
1367 4967 1625 5039 προδότου
1659 4967 1846 5021 Ἰούδα·

261 5055 400 5125 μετά
435 5056 544 5127 γὰρ
572 5057 682 5111 τῶν
722 5056 984 5129 μαθητῶν
1013 5053 1103 5129 ἦν.
1131 5056 1227 5122 Τίς
1264 5059 1378 5130 ἄρα.
1401 5059 1624 5131 μείζων,
1657 5063 1685 5114 6
1719 5078 1853 5132 προ-

258 5148 420 5220 δότης
464 5149 666 5214 Ἰούδας
690 5150 793 5204 τοῦ.
812 5151 1086 5204 Δεσπότου
1130 5152 1394 5223 Χριστοῦ,
1419 5154 1650 5226 ἐπείπερ
1674 5157 1702 5209 6
1726 5156 1854 5225 Χρι-

262 5241 385 5305 στὸς
412 5240 564 5312 ἐνιψε
582 5243 710 5307 τοὺς
742 5244 906 5308 πόδας
935 5243 1138 5312 αὐτοῦ;
1170 5247 1262 5317 Μὴ
1290 5245 1522 5315 γένοιτο.
1559 5247 1623 5300 Τί
1652 5247 1709 5300 δέ
1743 5265 1856 5301 τα-

262 5335 579 5406 πεινότερόν
607 5337 748 5404 ἐστι,
777 5337 1018 5408 τδνίψαι
1061 5339 1190 5405 τοὺς
1231 5341 1421 5404 πόδας,
1464 5341 1498 5412 ἢ
1530 5341 1591 5394 τὸ
1619 5342 1854 5412 προσεύ-

265 5422 501 5494 ξασθαις
553 5428 774 5493 πάντως
805 5429 888 5484 ὅτι
919 5430 981 5483 τὸ
1010 5431 1162 5500 νίψαι
1186 5433 1313 5496 τοὺς
1352 5433 1538 5498 πόδας.
1593 5434 1652 5488 '0
1678 5430 1771 5488 οὖν
1796 5437 1856 5490 τὸ

262 5519 650 5590 ταπεινότερον
686 5521 762 5593 μὴ
814 5525 1302 5595 παραιτησάμενος
1347 5527 1592 5599 ποιῆσαι.
1641 5528 1759 5592 πῶς
1794 5530 1856 5583 τὸ

266 5606 602 5684 ύψηλότερον
638 5616 994 5688 παρῃτήσατο
1020 5617 1085 5671 ἂν
1114 5621 1338 5688 ποιῆσαι
1359 5637 1382 5685 ;,
1424 5620 1585 5675 Ἀλλὰ
1624 5624 1732 5677 πᾶν
1767 5623 1853 5678 διὰ

329 5739 684 5824 ξςιεῃεέξιίοίειιη
704 5760 817 5797 mss.
841 5749 1013 5813 Regiis
1031 5749 1153 5800 2032
1184 5759 1237 5800 et
1254 5750 1391 5802 2M7.

374 5803 470 5854 Αιιι
492 5805 690 5867 βλάϐην.

1946 3170 2045 3242 τὴν
2071 3171 2180 3226 τῶν
2212 3173 2498 3245 παρόντων
2541 3174 2828 3231 ἀσθένειαν
2867 3178 3084 3248 ἐγένετο
3133 3181 3422 3249 Ἰουδαίων,
3452 3184 3531 3249 ὡς

1944 3261 2150 3330 προῖὼν
2190 3263 2219 3314 6
2247 3263 2404 3334 λόγος
2451 3265 2749 3330 ἀποδείξει.
2801 3269 2964 3324 Ἀλλὰ
3011 3271 3106 3324 καὶ
3149 3273 3393 3328 Ἰουδαῖοι
3443 3276 3532 3328 λα-

1945 3353 2132 3419 δόντες
2164 3355 2416 3410 ἐντεῦθεν
2461 3358 2769 3429 ἀντιλογίας
2800 3361 3077 3434 ἀφορμὴν,
3120 3364 3376 3434 λέγουσι’
3411 3368 3531 3432 πῶς

1943 3444 2133 3499 τοῦτον
2170 3448 2220 3500 οἱ
2248 3449 2569 3521 Χριστιανοὶ
2605 3451 2740 3506 Θεὸν
2768 3452 2973 3524 ἔχουσι,
3003 3457 3094 3510 τὸν
3124 3457 3220 3511 καὶ
3250 3457 3341 3510 τὸν
3365 3456 3531 3511 τόπον

1943 3535 2306 3610 ἀγνοήσαντα,
2327 3539 2454 3594 ἔνθα
2471 3541 2749 3614 τεθνηκὼς
2771 3547 3057 3600 κατέκειτο
3080 3548 3360 3620 Λάζαρος;
3384 3550 3534 3602 ἐπει-

1943 3629 2119 3702 δήπερ
2152 3631 2336 3701 ἔλεγεν
2365 3635 2392 3687 6
2415 3635 2606 3705 Σωτὴρ
2635 3639 2755 3700 ταῖς
2785 3639 2913 3708 περὶ
2938 3639 3170 3710 Μάρθαν
3199 3641 3294 3695 καὶ
3314 3641 3534 3713 Μαρίαν

1945 3721 2200 3792 ἀδελφαῖς
2236 3725 2490 3799 Λαζάρου
2511 3766 2527 3792 ,
2575 3728 2702 3783 Ποῦ
2737 3731 3040 3784 τεθείκατε
3085 3733 3313 3795 αὑτόν;
3358 3727 3530 3796 Εἶδες.

1946 3814 2134 3883 φησιν,
2189 3818 2448 3886 ἄγνοιαν;
2497 3814 2638 3882 εἶδες
2676 3819 3002 3889 ἀσθένειαν;
3039 3824 3067 3874 6
3101 3823 3196 3875 καὶ
3245 3823 3338 3877 τὸν
3369 3825 3534 3878 τόπον

1944 3910 2246 3981 ἀγνοήσας,
2280 3904 2434 3974 οὗτος
2462 3911 2627 3977 Θεός;
2686 3912 2826 3966 Ἀλλ’
2856 3914 2966 3985 ἐρῶ
3013 3913 3151 3985 πρὸς
3179 3915 3374 3979 αὐτοὺς
3393 3957 3406 3981 ,
3436 3917 3534 3987 οὐχ

1944 4002 2117 4078 οὓτως
2152 4002 2312 4074 ἔχων,
2353 4002 2492 4058 ἀλλά
2527 4002 2625 4075 τὴν
2652 4003 2924 4060 ἀντίθεσιν
2958 4006 3138 4060 αὐτῶν
3172 4008 3534 4078 καταισχῦναι

1948 4093 2103 4166 βουλό
2110 4112 2290 4166 μενος.

2030 4235 2296 4307 Ἦγνόησε
2315 4275 2330 4300 ,
2360 4235 2562 4305 λέγεις,
2587 4238 2616 4291 6
2638 4235 2898 4308 Χριστὸς,
2924 4230 2969 4290 ὧ
3007 4235 3243 4302 Ἰουδαῑε,
3267 4235 3355 4291 διὰ
3375 4237 3436 4290 τὸ
3460 4241 3537 4292 εἰ-

1947 4327 2090 4392 πεῖν,
2126 4327 2254 4382 Ποῦ
2304 4329 2602 4385 τεθείκατε
2633 4330 2844 4394 αὐτάς
2887 4327 3095 4382 Οὐκοῦν
3116 4330 3213 4383 καὶ
3255 4331 3284 4382 6
3345 4329 3534 4400 Πατὴρ

1947 4420 2210 4491 ἠγνόησεν
2234 4421 2292 4474 ἐν
2327 4420 2408 4491 τῷ
2434 4421 2767 4492 παραδείσῳ,
2799 4421 2903 4476 ποῦ
2932 4422 3208 4493 κέκρυπτο
3248 4423 3276 4475 6
3323 4422 3493 4493 Ἀδάμ
3514 4436 3532 4455 °

1947 4514 2282 4585 περιήρχετο
2299 4512 2409 4586 γὰρ
2445 4513 2520 4576 ὡς
2539 4514 2817 4584 ἐπιζητῶν
2831 4515 2994 4570 αὐτὸν
3016 4516 3074 4569 ἐν
3096 4515 3176 4586 τῷ
3199 4513 3534 4586 παραδείσῳ,

1947 4605 2121 4675 λέγων
2140 4623 2154 4638 ο
2195 4605 2388 4677 Ἀδὰμ,
2413 4606 2531 4662 ποῦ
2551 4607 2610 4662 εἷ
2624 4624 2644 4672 ;
2668 4609 2790 4662 ἀντὶ
2803 4609 2920 4675 τοῦ,
2953 4607 3056 4660 ποῦ
3080 4607 3342 4678 ἐκρύϐηςς
3367 4606 3464 4660 Διά
3485 4605 3537 4660 τί

1948 4702 2009 4754 τὸ
2038 4699 2302 4774 πρότερον
2322 4703 2423 4756 οὐκ
2446 4699 2565 4756 εἷπε
2591 4703 2684 4756 τὸν
2703 4703 2886 4767 τόπον,
2909 4703 3031 4757 ὅθεν
3061 4704 3199 4774 μετὰ
3225 4704 3539 4776 παρρησίας

1950 4794 2232 4866 ὡμίλειτῷ
2255 4795 2374 4866 Θεῷ
2402 4798 2430 4848 6
2459 4795 2662 4866 Ἀδάμ;
2699 4783 2901 4865 Ἀδὰμ,
2920 4795 3038 4850 ποῦ
3063 4791 3135 4863 si;
3163 4796 3426 4858 Κάκεῖνος
3446 4794 3536 4860 τί;

1957 4886 2076 4957 Τῆς
2119 4887 2325 4958 φωνῆς
2373 4902 2491 4942 σου
2539 4887 2781 4958 ἤκουσα
2821 4887 3292 4956 περιπατοῦντος
3335 4887 3406 4940 ὲν
3457 4885 3539 4952 τῷ

1954 4979 2318 5048 παραδείσῳ,
2353 4979 2454 5035 καὶ
2480 4979 2810 5050 ἐφοϐήθην,
2848 4979 2938 5033 ὅτι
2982 4980 3212 5050 γυμνός
3252 4981 3390 5048 εἰμι,
3439 4977 3540 5032 καί

1951 5073 2234 5142 ἐκρύϐην.
2253 5074 2318 5128 Εἰ
2342 5073 2570 5146 ταύτην,
2604 5067 2649 5128 ὦ
2687 5073 2927 5139 Ἰουδαῖε,
2956 5074 3178 5144 ἄγνοιαν
3210 5062 3411 5138 καλεῖς,
3441 5071 3540 5124 κά-

1954 5166 2142 5238 κείνην
2191 5166 2418 5221 κάλεσον
2451 5167 2702 5237 ἄγνοιαν·
2750 5167 2904 5237 ἔλεγε
2955 5167 3064 5239 γὰρ
3093 5169 3122 5220 6
3159 5165 3393 5239 Χριστὸς
3422 5167 3538 5226 ταῖς

1957 5261 2087 5332 περὶ
2129 5261 2360 5331 Μάρθαν
2392 5261 2487 5316 καὶ
2520 5261 2772 5334 Μαρίαν,
2819 5260 2946 5315 Ποῦ
2977 5261 3276 5315 τεθείκατε
3316 5257 3563 5340 αὑτόνπ⁴

1956 5355 2173 5426 Ταύτην
2225 5349 2321 5408 οῦν
2364 5354 2585 5423 ἄγνοιαν
2624 5353 2843 5418 καλείς;
2894 5351 2960 5404 Τί
3009 5347 3102 5405 οὗν
3157 5352 3368 5420 λέγεις,
3412 5349 3540 5403 ὅταν

1955 5447 2196 5522 ἀκούσῃς
2222 5447 2318 5500 τοῦ
2347 5446 2483 5500 Θεοῦ
2538 5446 2788 5514 λέγοντος
2824 5444 2902 5514 τῷ
2944 5443 3102 5507 Κάῖν,
3136 5444 3263 5498 Ποῦ
3298 5444 3479 5498 Ἅϐελ
3507 5441 3540 5495 δ

1957 5540 2220 5611 ἀδελφός
2245 5555 2396 5604 σου;
2417 5538 2484 5592 Τί
2506 5537 2687 5605 λέγεις
2702 5537 2729 5577 ι)
2750 5553 2764 5603 ;
2787 5538 2835 5590 εἰ
2860 5535 3060 5607 ταύτην
3083 5535 3306 5604 ἄγνοιαν
3332 5536 3538 5600 καλεῖς,

2021 5757 2049 5868 l11
2072 5755 2488 5867 ῐίέέγῗιςςόθθεί.
2512 5759 2561 5806 iu
2588 5756 2781 5808 duobus
2799 5755 3078 5808 mss.Savii.
3109 5757 3158 5806 in
3181 5769 3333 5818 marg.
3360 5760 3413 5805 et
3439 5753 3539 5802 M0-

2043 5853 2054 5866 .
2112 5832 2137 5867 a
2175 5830 2276 5867 cn.

1963 5830 2054 5867 DCI.
2077 5830 2276 5867 nauem.
