4062 6166
294 327 394 386 τδῖ
1125 318 1215 375 DE
1251 316 1520 375 CHRISTI
1559 314 1919 383 PRECIBUS,
1960 315 2234 374 CONTRA
2274 320 2652 384 ANOMCEOS.
2692 325 2785 383 IX.

295 446 454 516 frater
475 446 597 494 Ml
615 437 767 513 (Gen.
790 437 843 493 ὁ.
865 436 949 507 9)?
969 433 1103 504 Quid
1126 434 1205 489 ais
1223 435 1267 489 η
1292 432 1348 490 Si
1371 433 1509 490 hanc
1530 430 1881 504 ignorantiam

303 548 482 600 rotas,
502 531 649 585 illam
673 544 885 600 quoque
907 527 1255 598 ignorantiam
1280 542 1431 581 voca.
1451 526 1645 595 Accipe
1657 524 1881 578 alteram

291 628 454 684 etiam
475 641 541 680 ex
561 623 835 692 Scriptura
857 636 1006 675 sacra
1029 620 1561 675 demonstrationem.
1586 616 1725 671 Dixit
1744 617 1883 670 Deus

293 717 548 779 Abrahae,
572 714 778 769 Clamor
805 711 1145 766 Sodomorum
1168 718 1215 764 et
1232 707 1528 763 Gomorrlue
1554 708 1684 761 venit
1698 707 1767 760 ad
1783 723 1880 760 me.

293 805 616 862 Descendens
642 804 798 873 igitur
819 799 993 855 uidebo
1013 841 1028 865 ,
1058 800 1100 852 si
1121 798 1394 852 secundum
1413 798 1681 851 clamorem
1710 813 1882 850 eorum

291 900 379 969 qui
414 898 549 955 venit
586 895 655 949 ad
689 910 801 959 me,
833 901 1287 946 consummantur:
1324 890 1407 944 sin
1441 899 1611 943 autem
1657 904 1789 954 non,
1828 898 1882 941 ut

307 985 601 1056 sciam(ld.
624 985 931 1057 l8.20.2l).
952 987 1059 1052 Qui
1074 989 1417 1043 novitomnia
1436 997 1729 1058 antequam
1746 987 1876 1041 ﬁant

302 1078 468 1152 (Dan.
516 1081 609 1134 t3.
649 1080 764 1149 42),
794 1080 887 1150 qui
918 1080 1081 1134 corda
1114 1089 1170 1134 et
1211 1096 1371 1137 rencs
1413 1089 1692 1135 scrutatur
1732 1080 1875 1135 Deus

308 1171 485 1243 (Psal.
530 1172 580 1225 7.
604 1172 716 1243 10),
738 1173 831 1243 qui
850 1171 1002 1227 novit
1017 1172 1375 1243 cOgitationes
1391 1173 1671 1227 hominum
1696 1170 1873 1241 (Psal.

302 1267 373 1322 93
402 1267 483 1319 .ll
496 1266 537 1335 ).
561 1266 713 1321 solus
729 1265 963 1329 dicebat,
988 1264 1317 1320 Descendens
1340 1266 1503 1335 igitur
1520 1264 1721 1331 videbo,
1739 1264 1786 1317 si
1801 1279 1878 1317 se~

300 1356 532 1410 eundum
548 1358 832 1411 clariorem
846 1358 1144 1427 eorum,qui
1162 1359 1296 1411 venit
1315 1360 1383 1411 ad
1402 1370 1877 1422 nte,consumman-

301 1457 388 1503 tur
407 1465 425 1502 :
450 1450 535 1503 sin
559 1458 735 1502 autem
758 1465 883 1513 non,
901 1458 959 1503 ut
975 1450 1164 1504 sciam.
1187 1446 1246 1502 Si
1273 1448 1403 1502 illud
1422 1457 1506 1503 est
1530 1444 1877 1519 ignorantia),

299 1540 401 1596 hoc
422 1556 645 1611 quoque
664 1541 769 1596 erit
787 1540 1056 1611 ignorare.
1082 1540 1246 1612 Atqui
1270 1556 1447 1611 neque
1468 1540 1767 1596 secundum
1786 1556 1873 1595 ve-

301 1641 388 1687 tus
405 1639 795 1686 testamentum
812 1631 974 1687 Pater
995 1633 1233 1704 ignorat,
1254 1649 1433 1703 neque
1451 1633 1751 1687 secundum
1776 1646 1877 1686 no—

298 1738 423 1779 vum
461 1731 850 1780 testamentum
881 1724 1075 1781 Filius.
1106 1725 1243 1792 Quid
1274 1734 1360 1781 est
1389 1726 1555 1797 igitur
1579 1724 1735 1787 illud,
1771 1723 1875 1778 De-

299 1816 544 1871 scendens
568 1815 777 1880 uidebo,
796 1821 845 1871 si
858 1816 1145 1871 secundum
1158 1818 1441 1871 clamorem
1460 1833 1663 1881 eorum,
1682 1817 1771 1886 qui
1792 1833 1874 1869 se-

297 1910 374 1964 nit
400 1910 470 1963 ad
500 1926 600 1970 me,
624 1919 1057 1964 consummantur
1082 1926 1101 1964 :
1123 1911 1207 1964 sin
1236 1920 1412 1964 autem
1436 1926 1559 1972 non,
1577 1919 1634 1962 ut
1660 1910 1828 1963 sciam
1847 1910 1875 1964 i‘

369 1988 493 2044 Non
534 1989 681 2059 facile
719 1987 1042 2043 credendum.
1068 2016 1141 2029 --
1167 1989 1401 2056 Rumor,
1446 1989 1648 2057 inquit,
1684 1989 1750 2043 ad
1788 2004 1873 2044 me

300 2080 545 2149 pervenit
572 2096 586 2134 :
626 2079 717 2134 sed
752 2080 1055 2134 accuratius
1083 2079 1208 2133 volo
1242 2094 1429 2133 rursus
1456 2080 1631 2149 reipsa
1659 2080 1873 2149 experi-

300 2180 536 2228 mentum
581 2185 801 2241 capere:
834 2185 939 2225 non
988 2171 1128 2240 quod
1168 2172 1406 2241 ignorem
1447 2186 1581 2239 ego,
1633 2171 1727 2228 sed
1769 2171 1872 2226 ho-

295 2264 469 2318 mines
495 2279 526 2317 a
554 2278 642 2317 me
666 2262 847 2318 doceri
878 2263 1058 2326 velim,
1091 2270 1149 2316 ut
1177 2277 1246 2316 ne
1275 2270 1476 2318 temere
1503 2262 1661 2317 ﬁdem
1696 2264 1872 2318 verbis

289 2356 598 2419 adhibeant,
627 2369 825 2424 neque,
850 2354 894 2409 si
915 2354 1032 2425 quis
1056 2353 1312 2408 adversus
1340 2354 1567 2409 alterum
1598 2353 1868 2423 quidpiam

289 2448 448 2514 dicat,
478 2447 637 2503 facile
675 2445 999 2502 credendum
1039 2459 1192 2509 esse,
1237 2459 1420 2499 verum
1451 2444 1539 2498 ubi
1580 2442 1726 2514 prius
1769 2443 1868 2512 ipsi

287 2538 573 2610 diligenter
613 2538 978 2608 palpaverint,
1025 2544 1080 2592 et
1134 2550 1247 2591 rem
1287 2535 1455 2604 ipsam
1503 2533 1870 2604 experimento

287 2629 601 2696 didicerint,
636 2638 749 2683 tum
774 2628 987 2683 demum
1023 2641 1146 2683 esse
1179 2624 1526 2681 credendum.
1553 2627 1729 2694 Atque
1769 2623 1871 2679 hac

285 2722 354 2778 de
379 2735 544 2778 causa
586 2722 647 2775 in
674 2721 778 2775 alio
807 2720 1099 2789 Scriptura!
1128 2718 1247 2773 loco
1271 2717 1486 2773 dicebat
1515 2735 1529 2771 :
1561 2716 1740 2771 Nolite
1762 2734 1870 2771 ere-

284 2816 402 2871 dere
426 2815 567 2869 omni
608 2814 755 2868 verba
780 2812 1062 2885 (Ecciisl9.
1096 2810 1209 2881 ιϐ).
1233 2810 1377 2866 Nihil
1405 2810 1547 2866 enim
1590 2810 1661 2864 ita
1704 2809 1865 2863 vitam

283 2906 563 2961 hominum
588 2904 787 2960 evertit
808 2912 864 2959 et
893 2901 1222 2973 pessumdat,
1247 2916 1311 2956 ac
1337 2901 1385 2956 si
1411 2901 1534 2971 quis
1561 2900 1745 2955 statim
1768 2900 1832 2954 iis
1850 2941 1865 2965 ,

282 3011 403 3066 qua:
431 2995 632 3065 passim
658 2994 940 3061 dicuntur,
973 2993 1131 3047 ﬁdem
1162 2992 1372 3047 habeat.
1411 2991 1523 3047 Hoc
1554 2993 1715 3047 etiam
1742 3006 1868 3060 pro-

280 3086 444 3155 pheta
470 3085 637 3140 David
666 3085 991 3155 prophetam
1019 3084 1233 3139 dicebat
1258 3101 1272 3138 :
1301 3082 1657 3137 Detrahean
1681 3092 1866 3137 secreto

280 3177 515 3246 proximo
534 3193 644 3241 suo,
673 3177 815 3245 [tunc
841 3176 1170 3248 persequebar
1194 3175 1362 3247 (Prol.
1394 3175 1515 3231 100.
1546 3175 1627 3245 5).

349 3268 407 3323 2.
451 3268 616 3323 Vides
644 3283 751 3338 quo
773 3276 929 3338 pacto
956 3268 1101 3322 nulla
1133 3266 1391 3322 acciderit
1420 3266 1716 3337 ignorantia
1743 3265 1866 3322 Sal-

278 3359 475 3426 vatori,
496 3375 618 3414 cum
649 3358 805 3424 dixit,
838 3358 937 3415 Ubi
960 3360 1198 3430 posuistis
1217 3374 1329 3413 eum
1346 3360 1372 3413 ?
1396 3359 1535 3413 sicut
1562 3373 1739 3428 neque
1760 3358 1863 3413 Pa-

277 3451 346 3505 tri
379 3465 501 3505 cum
523 3449 661 3504 dixit
680 3448 906 3517 Adamo,
941 3448 1040 3505 Ubi
1066 3466 1119 3504 es
1136 3451 1162 3504 ?
1185 3450 1268 3505 vel
1295 3450 1424 3505 Cain
1442 3489 1456 3513 ,
1502 3449 1601 3504 Ubi
1629 3460 1701 3504 est
1740 3449 1865 3504 Abel

276 3546 443 3613 frater
463 3551 578 3595 tuus
598 3542 624 3595 ?
648 3542 756 3606 vel,
789 3540 1107 3595 Descendens
1133 3540 1330 3608 videbo,
1381 3541 1425 3595 si
1446 3541 1723 3596 secundum
1758 3541 1862 3595 cla-

273 3648 468 3686 morem
494 3647 688 3695 eorum,
721 3632 804 3701 qui
833 3631 962 3685 venit
981 3631 1051 3684 ad
1076 3648 1173 3698 me,
1204 3640 1653 3687 consummantur:
1674 3631 1754 3686 sin
1780 3649 1865 3685 au-

273 3734 378 3779 tem
404 3740 528 3790 non,
556 3724 808 3777 utsciam.
835 3722 951 3778 Jam
994 3738 1121 3794 ergo
1156 3732 1366 3793 tempus
1409 3731 1491 3779 est
1533 3732 1591 3777 ut
1631 3738 1752 3778 cum
1795 3723 1861 3777 iis

272 3814 652 3885 cnnﬁigamus,
678 3814 768 3885 qui
794 3813 1063 3870 Christum
1091 3814 1276 3869 dicunt
1322 3825 1540 3885 prepter
1582 3815 1863 3871 imbecilli-

272 3916 442 3962 tatem
473 3921 685 3974 orasse,
711 3921 833 3962 cum
859 3906 1117 3962 Lazarum
1144 3907 1447 3962 suscitaret.
1476 3907 1747 3962 Attendite
1764 3906 1862 3961 ita—

270 3997 930 4070 que.dilecﬁssimi,quam
963 3997 1409 4068 diligentissime,
1461 4013 1664 4067 quaeso.
1719 3999 1859 4052 Mor-

273 4098 399 4143 tuus
427 4096 515 4142 est
540 4088 698 4158 igitur
722 4086 974 4153 Lazarus,
1002 4103 1101 4143 nec
1130 4089 1182 4143 in
1209 4089 1311 4144 illis
1340 4089 1472 4144 locis
1512 4100 1627 4145 erat
1664 4089 1817 4145 Iesus
1840 4132 1856 4157 ,

269 4180 368 4236 sed
391 4180 443 4234 in
464 4178 703 4243 Galilaza,
737 4179 975 4249 dixitque
997 4179 1269 4250 discipulis
1296 4181 1407 4236 suis
1431 4197 1445 4236 :
1474 4181 1700 4236 Lazarus
1729 4184 1859 4236 ami-

269 4289 361 4326 cus
388 4281 557 4325 noster
576 4270 757 4324 dormit
774 4269 989 4340 (Joann.
1018 4271 1106 4326 H.
1130 4272 1240 4343 ll).
1270 4271 1348 4327 llli
1369 4283 1544 4328 autem
1585 4283 1853 4345 putantes,

268 4362 417 4432 quod
441 4361 512 4417 de
537 4376 730 4416 somno
752 4361 867 4431 eius
894 4363 1222 4432 loqueretur,
1255 4362 1438 4419 dicunt
1476 4365 1549 4419 illi
1577 4383 1592 4419 :
1614 4362 1860 4433 Domine,

265 4455 311 4509 si
340 4454 548 4521 dormit,
575 4454 743 4508 salvus
760 4454 854 4507 erit
883 4453 988 4524 (Ib.
1018 4471 1066 4508 υ.
1086 4454 1196 4528 l2).
1226 4456 1362 4510 Dicit
1382 4458 1459 4512 eis
1482 4457 1638 4513 Jesus
1678 4475 1855 4513 mant-

268 4546 427 4613 teste,
459 4545 687 4599 Lazarus
732 4555 958 4600 mortuus
982 4556 1055 4602 est
1086 4546 1190 4619 (Ib.
1229 4565 1279 4603 υ.
1320 4550 1430 4620 14).
1473 4549 1631 4604 Venit
1663 4550 1856 4608 deinde

268 4639 519 4695 Salvator
541 4639 929 4712 ierosolymam
959 4642 1029 4698 ad
1056 4642 1230 4698 locum
1262 4644 1355 4699 ubi
1373 4644 1605 4700 Lazarus
1620 4646 1850 4713 iacebat,

268 4738 325 4785 et
352 4730 564 4785 obviam
591 4730 767 4799 prodit
796 4731 875 4786 illi
902 4746 1057 4787 soror
1082 4733 1290 4801 Lazari,
1320 4743 1373 4789 et
1398 4736 1470 4789 ait
1497 4725 1571 4789 illi
1612 4730 1855 4796 Domine,

266 4822 313 4874 si
338 4823 524 4893 fuisses
551 4822 655 4890 hic,
696 4824 853 4891 frater
872 4841 1013 4881 meus
1038 4842 1137 4880 non
1173 4830 1346 4895 fuisset
1374 4838 1599 4883 mortuus
1632 4828 1750 4899 (Ib.
1801 4846 1850 4884 υ.

264 4914 330 4969 2t
364 4915 405 4985 ).
451 4916 507 4972 Si
556 4914 743 4971 fuisses
769 4917 877 4971 hic.
904 4918 1116 4973 inﬁrma
1141 4932 1224 4989 es,
1246 4921 1457 4977 mulier.
1504 4921 1684 4977 Nescit
1712 4937 1857 4978 nunc

266 5006 461 5061 mulier
480 5006 773 5077 Christum,
797 5008 924 5064 licet
943 5025 1167 5080 corpore
1192 5026 1427 5081 prmscns
1450 5029 1553 5067 non
1581 5023 1743 5079 esset,
1771 5015 1855 5069 di-

265 5097 508 5151 vinitatis
529 5101 765 5167 potentia
793 5112 1110 5170 praesentem
1154 5102 1321 5160 fuisse
1346 5124 1359 5159 :
1393 5106 1487 5161 sed
1517 5123 1581 5162 ex
1610 5108 1851 5177 corporis

267 5189 550 5256 prmsentia
583 5190 818 5259 magistri
848 5192 1103 5249 virtutem
1128 5195 1365 5250 metitur.

338 5278 571 5333 Christus
593 5296 686 5334 cur
712 5294 943 5352 precatus
967 5287 1225 5355 fuerit.—
1246 5288 1381 5343 Dicit
1402 5290 1449 5344 ei
1480 5289 1705 5357 Martha,
1738 5291 1848 5347 Do-

263 5370 467 5435 νήπιε,ιί
488 5372 670 5440 fuisses
694 5373 793 5440 hic,
825 5374 987 5443 frater
1005 5393 1146 5432 meus
1170 5394 1270 5432 non
1294 5381 1471 5450 fuisset
1501 5391 1748 5436 mortuus.
1781 5383 1850 5437 Et

266 5476 401 5513 nunc
431 5463 558 5527 scio,
588 5465 781 5533 inquit»,
809 5466 927 5535 quia
967 5484 1291 5539 quascumque
1330 5472 1616 5541 poposceris
1648 5490 1680 5526 ιι
1718 5473 1846 5540 Deo,

269 5549 413 5605 dabit
429 5552 521 5606 tibi
542 5551 682 5608 Deus
709 5554 814 5627 (Ib.
838 5574 887 5611 υ.
912 5557 1028 5630 22).
1060 5559 1306 5617 Salvator
1355 5563 1514 5631 igitur
1559 5565 1847 5620 secundum

330 5687 345 5717 '
369 5689 806 5759 Deest,_
850 5694 897 5743 in
935 5695 1124 5747 duobus
1162 5706 1265 5749 Mss.
1306 5701 1591 5759 Quaevcrba
1621 5701 1758 5753 Sari].
1802 5704 1849 5755 in

262 5762 415 5815 marg.
438 5760 492 5802 et
514 5750 683 5804 Morel.
699 5750 894 5805 habent.

3472 337 3573 395 782

1996 431 2134 488 hanc
2163 436 2473 503 petitionem
2500 454 2691 510 preces
2736 441 2910 497 oil'crt.
2935 442 3120 515 Neque
3156 446 3297 502 enim
3326 452 3571 519 precibus

1991 525 2258 595 indigebat
2288 529 2447 597 Deus,
2472 539 2529 585 ut
2551 541 2817 589 mortuum
2844 536 3146 593 suscitaret.
3188 541 3382 596 Annon
3422 544 3565 598 enim

1988 614 2125 669 alios
2154 618 2315 673 etiam
2343 629 2585 676 mortuos
2612 624 2886 679 suscitavit
2913 626 3181 694 iQuando
3218 631 3294 685 illi
3339 639 3572 694 occurrit

1987 708 2201 776 quidam
2233 720 2500 779 mortuus,
2530 714 2620 783 qui
2668 716 2719 769 in
2760 726 2909 786 porta
2956 718 3185 775 civitatis
3226 722 3569 792 eﬁ‘erebatur,

1988 805 2360 860 tantummodo
2387 806 2617 861 loculum
2648 810 2854 880 tetigit,
2907 820 2962 867 et
3003 823 3270 870 mortuum
3313 819 3567 873 excitavit

1988 894 2118 967 (Luc
2173 898 2225 951 7.
2256 899 2367 969 Η).
2390 898 2525 953 Num
2548 901 2795 969 precibus
2824 914 2934 957 tum
2963 904 3203 976 indiguit,
3234 916 3291 962 ut
3309 910 3567 964 excitaret

1986 984 2337 1041 defunctum?
2390 987 2458 1041 Et
2501 989 2626 1043 alibi
2669 1007 2853 1047 rursus
2892 1001 3094 1049 tantum
3132 997 3295 1051 verbo
3332 1000 3566 1069 puellam

1985 1086 2067 1132 est
2094 1079 2397 1150 alloquutus
2416 1121 2432 1148 ,
2475 1080 2683 1136 Tulit/ta
2707 1081 2853 1138 Cumi
2882 1083 3071 1157 (Marc.
3104 1088 3161 1143 5.
3184 1090 3244 1143 Μ
3272 1088 3321 1161 ),
3346 1099 3401 1146 et
3440 1106 3568 1146 con-

1990 1166 2165 1223 festim
2195 1172 2409 1226 tradidit
2431 1188 2547 1226 eam
2578 1176 2888 1243 parentibus
2912 1178 3021 1232 suis
3045 1194 3248 1234 sanam.
3280 1181 3415 1236 Num
3445 1199 3569 1252 pre-

1984 1260 2134 1315 cibus
2167 1270 2276 1315 tum
2308 1263 2573 1335 indiguit?
2598 1264 2737 1333 Quid
2762 1279 2937 1323 autem
2960 1269 3028 1324 de
3054 1272 3307 1341 magistro
3333 1275 3567 1346 loquor?

1985 1352 2238 1423 Discipuli
2268 1356 2383 1425 ejus
2414 1357 2528 1411 solo
2558 1358 2722 1413 verbo
2743 1370 2983 1415 mortuos
3004 1364 3351 1420 suscitabant.
3377 1367 3563 1423 Petrus

1982 1458 2162 1499 nonne
2203 1445 2482 1500 Tabitham
2510 1448 2675 1503 verbo
2702 1450 2990 1505 excitavit?
3026 1452 3220 1508 Paulus
3250 1472 3428 1512 nonne
3453 1460 3563 1513 suis

1981 1534 2218 1589 vestibus
2243 1536 2393 1605 signa
2417 1538 2577 1592 multa
2599 1537 2723 1594 fecit
2740 1540 2766 1594 ‘l
2793 1542 2949 1596 Disce
2977 1543 3245 1614 quidpiam
3271 1546 3563 1603 mirabilius

1982 1625 2100 1681 istis
2128 1643 2142 1680 :
2168 1630 2532 1696 apostolorum
2561 1632 2749 1687 umbra
2778 1643 3020 1690 mortuos
3051 1638 3360 1694 suscitabat.
3425 1640 3564 1708 Effe-

1980 1719 2155 1772 rebant
2183 1720 2349 1785 enim,
2374 1722 2563 1793 inquit,
2587 1724 2640 1778 in
2665 1725 2886 1795 grabatis
2905 1736 3141 1797 tegrotos,
3169 1738 3224 1781 ut
3242 1731 3420 1784 saltem
3445 1748 3562 1785 um-

1980 1806 2070 1860 bra
2094 1807 2243 1862 Petri
2256 1810 2572 1867 obumbrarct
2610 1831 2908 1885 quamquam
2945 1817 3151 1871 illorum
3172 1861 3186 1883 ,
3218 1830 3265 1875 et
3300 1825 3564 1893 confestim

1979 1898 2326 1954 excitabantur
2361 1901 2497 1973 (Act.
2554 1904 2745 1969 5.15).
2783 1906 2916 1973 Quid
2960 1910 3125 1978 ergo?
3169 1912 3555 1981 Discipulorum

1977 1989 2167 2044 umbra
2192 2001 2429 2047 mortuos
2459 1995 2744 2061 excitabat,
2772 2006 2827 2051 et
2850 1999 3102 2069 magister
3144 2004 3388 2070 precibus
3436 2020 3564 2075 ege-

1978 2079 2088 2145 bat,
2115 2089 2173 2135 ut
2199 2093 2466 2137 mortuum
2497 2086 2797 2142 excitaret?
2832 2086 2937 2143 Sed
2963 2102 3177 2160 propter
3202 2096 3440 2151 mulieris
3470 2097 3565 2151 im-

1976 2169 2321 2228 becillitatem
2346 2174 2564 2231 adhibet
2597 2193 2781 2245 preces
2807 2179 3069 2236 Salvator.
3125 2185 3375 2240 Aitenim
3425 2189 3556 2257 ipsi.

1976 2259 2213 2329 Domine,
2237 2265 2281 2317 si
2310 2265 2494 2333 fuisses
2519 2266 2621 2333 hic,
2640 2268 2802 2337 frater
2828 2287 2965 2325 meus
2982 2288 3083 2326 non
3099 2275 3276 2342 fuisset
3296 2288 3563 2334 mortuus:

1974 2365 2022 2408 et
2041 2372 2177 2411 nunc
2194 2357 2318 2424 scio,
2340 2359 2459 2425 quia
2482 2371 2807 2431 quaecumque
2836 2366 3124 2433 poposceris
3151 2383 3183 2420 a
3229 2367 3336 2423 Deo
3352 2411 3366 2436 ,
3419 2372 3561 2426 dabit

1975 2447 2065 2501 tibi
2095 2447 2253 2502 Deus.
2287 2449 2570 2505 Postulasti
2594 2467 2802 2522 preces,
2831 2455 2900 2509 do
2930 2471 3135 2525 preces.
3166 2458 3455 2529 Expositns
3475 2474 3559 2518 est

1975 2538 2095 2595 fons
2124 2556 2139 2605 ;
2171 2540 2546 2613 quodcumque
2579 2543 2790 2600 tandem
2821 2561 2914 2601 vas
2943 2547 3031 2618 qui
3059 2551 3317 2617 attulerit,
3373 2554 3559 2625 implet

1974 2631 2123 2687 illud.
2155 2633 2210 2689 Si
2234 2649 2482 2705 magnum
2511 2636 2687 2701 fuerit,
2714 2653 2961 2708 magnum
2984 2643 3145 2696 sumit
3172 2660 3185 2695 :
3218 2643 3262 2697 si
3284 2646 3561 2715 exiguum,

1972 2724 2136 2779 sumit
2161 2725 2433 2796 exiguum.
2466 2726 2592 2783 Haec
2611 2728 2770 2798 igitur
2801 2745 2990 2799 preces
3014 2734 3319 2802 postulavit,
3352 2747 3405 2790 ct
3434 2736 3559 2791 Sal-

1973 2826 2124 2871 vator
2150 2833 2337 2887 preces
2355 2823 2640 2876 concessit.
2671 2824 2820 2879 Alius
2845 2824 2997 2887 dixit,
3036 2826 3153 2880 Non
3194 2845 3306 2882 sum
3346 2831 3556 2900 dignus,

1971 2916 2025 2959 ut
2050 2908 2205 2961 intres
2226 2910 2317 2962 sub
2342 2920 2524 2965 tectum
2549 2928 2735 2980 meum,
2763 2914 2853 2967 sed
2874 2925 3068 2969 tantum
3094 2919 3174 2971 dic
3214 2921 3389 2986 verba,
3433 2922 3557 2976 Fiat

1973 2997 2090 3062 tibi,
2139 3007 2189 3052 et
2226 3001 2491 3055 sanabitur
2513 3019 2637 3072 puer
2663 3020 2805 3057 meus
2834 3020 2853 3058 :
2884 3015 2990 3059 tum
3018 3008 3145 3061 dixit
3171 3010 3218 3061 ei
3247 3010 3487 3066 Salvator
3527 3030 3552 3069 ξ

1972 3087 2275 3146 Secundum
2291 3093 2443 3161 ﬁdem
2463 3102 2601 3148 tuam
2630 3096 2721 3164 ﬁat
2742 3096 2830 3149 tibi
2857 3097 3069 3167 (Matth.
3097 3100 3149 3155 8.
3169 3102 3221 3155 8.
3268 3103 3379 3173 15).
3402 3104 3557 3157 Alius

1970 3181 2145 3238 dixit:
2179 3183 2335 3251 Veni,
2367 3199 2497 3240 sana
2525 3187 2687 3242 ﬁliam
2721 3204 2892 3243 meam
2921 3207 2933 3243 :
2967 3198 3079 3245 tum
3104 3192 3178 3245 ait
3205 3193 3308 3260 illi,
3354 3195 3559 3263 Sequar

1970 3281 2018 3328 te
2063 3273 2168 3347 (Ib.
2197 3275 2251 3332 9.
2303 3276 2389 3332 18.
2436 3277 2545 3347 l9).
2602 3278 2782 3348 Itaque
2831 3291 2986 3349 prout
3030 3297 3090 3337 se
3142 3282 3339 3339 habent
3379 3285 3551 3339 homi-

1970 3381 2099 3420 num
2123 3368 2443 3435 voluntates,
2472 3371 2732 3427 medelam
2758 3371 2976 3427 adhibet
3002 3374 3259 3430 medicus.
3288 3377 3403 3430 Alia
3432 3394 3552 3432 rur-

1969 3471 2062 3513 sus
2091 3459 2227 3513 clam
2251 3461 2552 3517 vestimenti
2584 3463 2699 3533 ejus
2748 3464 3010 3519 ﬁmbriam
3059 3468 3249 3536 tetigit,
3302 3478 3359 3523 et
3412 3470 3554 3523 clam

1968 3550 2230 3605 medelam
2285 3551 2515 3609 obtinuit
2566 3552 2673 3623 (Ib.
2718 3570 2767 3609 ν.
2798 3555 2889 3611 20.
2934 3557 3068 3629 sqq.)
3113 3575 3127 3612 :
3184 3560 3554 3629 unusquisque

1966 3652 2125 3714 prout
2163 3644 2434 3713 credebat,
2481 3647 2641 3702 etiam
2692 3649 2980 3705 sanitatem
3021 3651 3388 3720 recuperabat.
3443 3652 3551 3708 Ista

1969 3737 2101 3791 dicit
2129 3755 2141 3790 :
2175 3738 2308 3803 scio,
2338 3739 2460 3808 quia
2486 3754 2834 3810 quaecumque
2866 3743 3171 3811 poposceris
3193 3759 3219 3795 a
3250 3743 3428 3808 Patre,
3449 3743 3548 3798 da~

1965 3826 2045 3882 bit
2069 3827 2161 3881 tibi
2183 3828 2358 3894 Pater,
2383 3829 2700 3898 etquoniam
2729 3845 2913 3899 preces
2938 3833 3298 3899 postulaverat
3320 3833 3551 3899 Martha,

1964 3933 2152 3988 preces
2174 3920 2246 3974 illi
2273 3921 2537 3975 concessit
2563 3921 2826 3988 Salvator,
2851 3938 2954 3975 non
2984 3923 3124 3992 quod
3152 3924 3265 3992 ipse
3296 3927 3548 3995 precibus

1964 4009 2247 4080 indigeret,
2279 4009 2372 4066 sed
2404 4011 2545 4080 quod
2575 4012 2813 4066 mulieris
2841 4012 3131 4066 inﬁrmitati
3164 4029 3367 4068 morem
3395 4030 3549 4083 gere-

1963 4109 2067 4165 ret,
2093 4117 2257 4173 seque
2285 4102 2394 4156 Deo
2420 4118 2523 4155 non
2545 4102 2815 4156 adversari
2838 4102 3166 4168 ostenderet,
3190 4118 3370 4158 verum
3392 4105 3547 4174 quid-

1963 4190 2089 4260 quid
2122 4191 2235 4259 ipse
2262 4189 2470 4258 fecerit,
2499 4190 2600 4247 hoc
2625 4192 2784 4246 etiam
2816 4192 2927 4247 ﬁeri
2967 4208 2996 4245 a
3044 4194 3219 4247 Patre.
3273 4193 3545 4250 Formavit

1965 4281 2106 4336 Deus
2137 4280 2406 4336 hominem
2433 4296 2462 4334 a
2492 4281 2755 4351 principio
2784 4298 2797 4335 :
2831 4282 2932 4336 fuit
2963 4283 3238 4353 utriusque
3258 4299 3548 4341 commune

1963 4375 2291 4443 ﬁgmentum.
2321 4374 2597 4429 Faciamus
2613 4375 2778 4441 enim,
2807 4376 2995 4445 inquit,
3026 4376 3277 4430 hominem
3304 4378 3372 4430 ad
3406 4379 3545 4431 ima-

1960 4469 2126 4539 ginem
2166 4477 2213 4521 et
2257 4468 2635 4521 similitudinem
2656 4478 2878 4521 nostram
2909 4467 3059 4538 (Gen.
3086 4469 3135 4521 l.
3167 4467 3303 4542 26
3336 4470 3549 4525 Rursus

1960 4561 2222 4615 latronem
2255 4558 2421 4613 voluit
2450 4559 2500 4612 in
2534 4558 2837 4628 paradisum
2882 4558 3267 4622 intromittere,
3314 4570 3367 4615 et
3408 4576 3541 4615 con:-

1961 4648 2135 4704 i’estim
2162 4648 2384 4703 verbum
2436 4648 2685 4718 protulit,
2730 4662 2793 4702 ac
2838 4647 3098 4703 latronem
3141 4649 3191 4702 in
3235 4651 3547 4720 paradisum

1961 4741 2284 4809 introduxit,
2335 4757 2507 4812 neque
2567 4740 2813 4811 precibus
2855 4740 3115 4811 indiguit:
3166 4741 3374 4795 tametsi
3420 4752 3546 4810 post

1962 4834 2225 4890 Adamum
2259 4847 2450 4887 omnes
2479 4832 2732 4887 Dominus
2760 4833 2828 4887 ab
2857 4832 3003 4886 aditu
3034 4832 3172 4885 illius
3196 4838 3421 4885 arceret.
3448 4832 3547 4886 Po-

1959 4926 2068 4980 suit
2091 4926 2233 4982 enim
2264 4925 2567 4980 ﬂammeum
2593 4925 2824 4995 gladium
2853 4925 2918 4979 ad
2944 4924 3348 4979 custodiendum
3376 4940 3533 4994 para.-

1958 5019 2133 5075 disum
2183 5018 2289 5090 (Ib.
2316 5020 2368 5075 5.
2392 5017 2486 5091 24)
2519 5036 2535 5074 :
2566 5027 2620 5073 at
2649 5017 2895 5073 Christus
2947 5018 3262 5072 auctoritate
3291 5031 3389 5071 sua
3444 5030 3537 5085 par

1958 5113 2197 5167 radisum
2225 5113 2455 5181 aperuit,
2501 5119 2556 5165 et
2584 5110 2843 5165 latronem
2900 5107 3189 5163 introduxit
3239 5106 3389 5179 (Luc.
3444 5107 3534 5161 25.

1958 5202 2072 5276 45).
2122 5202 2445 5270 Latronem,
2478 5202 2719 5268 Domine,
2767 5200 2821 5255 in
2874 5198 3176 5270 paradisum
3210 5197 3543 5253 introducist

1961 5295 2122 5351 Pater
2148 5304 2271 5351 tuus
2293 5295 2546 5351 eli-unum
2576 5303 2846 5363 precariam
2874 5291 3134 5345 Adamum
3162 5291 3318 5359 ejecit
3343 5306 3374 5347 e
3394 5305 3547 5361 para-

1958 5386 2096 5455 diso,
2124 5395 2181 5443 et
2209 5398 2266 5442 tu
2289 5387 2549 5441 latronem
2582 5383 2917 5439 introducis?
2941 5398 3062 5437 eum
3100 5383 3188 5452 qui
3235 5382 3382 5437 mille
3425 5397 3545 5435 map-

1959 5480 2152 5543 lorum,
2200 5478 2345 5532 mille
2369 5478 2630 5532 scelerum
2675 5489 2799 5530 reus
2838 5474 2989 5528 erat?
3027 5482 3081 5527 et
3116 5473 3428 5542 simpliciter
3466 5474 3545 5528 ita

1958 5582 2178 5642 propter
2205 5586 2362 5625 unam
2388 5583 2573 5624 vocem
2605 5568 2655 5622 in
2690 5566 2990 5637 paradisum
3041 5580 3161 5621 eum
3208 5564 3542 5619 introducis?

1958 5665 2069 5733 Ego
2098 5677 2227 5719 vero
2253 5661 2533 5716 introduco.
2564 5677 2576 5713 :
2607 5673 2735 5714 nam
2775 5671 2875 5713 nec
2915 5655 3040 5712 illud
3088 5656 3289 5727 absque
3328 5671 3413 5710 me
3452 5654 3537 5710 ia-

1958 5763 2098 5808 ctum
2126 5762 2233 5816 est,
2261 5766 2432 5820 neque
2455 5750 2594 5804 istud
2625 5748 2823 5819 absque
2851 5746 3008 5803 Patre
3029 5762 3151 5803 meo
3182 5765 3192 5798 :
3224 5745 3326 5802 sed
3350 5754 3405 5800 et
3432 5745 3530 5798 hoc
