4062 6166
407 384 514 441 785
1120 379 1177 436 S.
1218 376 1497 435 JOANNIS
1535 375 2003 434 CHRYSOSTOM!
2042 373 2361 431 ARCﬂlEP.
2405 373 2937 431 CONS'I'ANTINOP.
3569 367 3697 425 γει·-

409 515 587 556 meum
615 507 718 567 est,
741 507 794 553 et
823 498 949 552 illud
971 506 1053 552 est
1079 481 1253 552 Patris
1283 495 1408 550 mei.
1443 493 1550 565 Ego
1571 494 1701 548 enim
1724 493 1778 547 in
1809 492 1989 559 Patre,

407 603 454 646 et
483 591 639 646 Pater
665 589 720 643 in
744 606 820 643 me
846 587 1026 661 (Joan.
1061 589 1145 642 14.
1177 586 1246 642 10
1271 584 1314 657 )·.

479 684 535 737 5.
561 684 734 752 Atque
764 689 821 734 ut
845 679 1028 735 videas
1049 677 1304 733 orationis
1333 691 1494 745 opera
1522 691 1626 728 non
1658 675 1818 729 fuisse
1842 688 1991 727 mor-

410 782 557 826 tuum
604 771 926 836 excitatum,
977 767 1100 822 audi
1150 767 1467 822 oralionem.‘
1510 765 1646 832 Quid
1689 765 1830 820 enim
1875 764 1990 818 ait?

416 863 620 918 Gratias
645 880 740 934 ago
772 863 877 925 tibi,
908 860 1086 926 Pater,
1131 859 1368 928 quoniam
1406 859 1589 912 audisti
1633 875 1712 912 me
1737 856 1848 930 (Id.
1901 857 1987 910 Η.

409 953 522 1028 Η).
549 955 685 1021 Quid
713 953 879 1023 ergo?
909 951 1150 1006 Hzeecine
1181 951 1385 1021 species
1425 959 1505 1004 est
1530 946 1830 1004 orationis?
1875 950 1991 1002 hare

406 1046 577 1101 forma
605 1042 1049 1113 supplicationis?
1074 1039 1278 1096 Gratias
1297 1057 1392 1112 ago
1419 1041 1525 1108 tibi,
1548 1041 1784 1112 quoniam
1805 1039 1993 1093 audisti

405 1153 506 1190 me.
536 1132 645 1207 Ego
671 1145 858 1200 autem,
886 1133 1076 1204 inquit,
1108 1131 1344 1199 sciebam,
1373 1133 1490 1202 quia
1517 1147 1714 1200 semper
1743 1147 1820 1184 me
1844 1129 1992 1183 audis

407 1225 515 1290 (Ib.
538 1243 584 1280 υ.
613 1225 730 1295 42).
756 1225 811 1280 Si
839 1239 968 1294 ergo
996 1226 1122 1287 scis,
1159 1223 1379 1277 Domine
1397 1265 1414 1290 ,
1445 1237 1656 1292 semper
1684 1220 1854 1275 audiri
1883 1231 1932 1274 te
1959 1235 1990 1274 a

409 1321 585 1383 Patre,
612 1333 708 1374 cur
735 1318 800 1373 de
828 1319 892 1372 iis
922 1333 1040 1387 quae
1069 1317 1173 1370 scis
1198 1316 1408 1370 Patrem
1434 1312 1786 1383 interpellas?
1825 1311 1991 1381 Equi-

405 1410 527 1464 dem
568 1413 682 1464 scio
701 1450 716 1473 ,
747 1407 945 1478 inquit,
973 1408 1095 1477 quia
1134 1421 1346 1475 semper
1370 1405 1519 1459 audit
1547 1420 1631 1459 me
1657 1403 1814 1458 Pater
1843 1421 1857 1455 :
1884 1401 1991 1456 Sed

407 1513 612 1574 prapter
641 1502 910 1573 popuium,
952 1502 1039 1572 qui
1079 1502 1397 1566 circumstat,
1440 1499 1580 1563 dixi,
1612 1507 1665 1550 ut
1690 1506 1992 1567 cognoscant

406 1609 607 1658 omnes,
635 1593 753 1662 quia
781 1602 836 1645 tu
885 1608 965 1645 me
1017 1591 1195 1645 misisti
1243 1589 1262 1660 (
1285 1588 1424 1643 Ibid.
1448 1589 1491 1660 ).
1517 1588 1653 1642 Num
1681 1588 1839 1658 igitur
1865 1601 1991 1657 pro-

409 1691 527 1752 pter
550 1681 856 1737 defunctum
885 1681 1100 1736 oravit?
1136 1696 1263 1736 num
1293 1680 1627 1752 supplicavit,
1661 1688 1718 1733 ut
1744 1694 1990 1748 resurge-

406 1780 488 1826 ret
516 1771 789 1826 Lazarus?
816 1787 945 1826 num
976 1771 1128 1837 dixit,
1152 1770 1329 1835 Pater,
1356 1771 1556 1840 impera
1589 1770 1745 1823 morti
1775 1778 1834 1822 ut
1863 1768 1991 1822 obc-

406 1865 554 1920 diat?
597 1881 723 1920 num
762 1866 929 1931 dixit,
965 1867 1156 1934 Pater,
1200 1866 1400 1936 impera
1440 1865 1682 1931 inferno,
1713 1873 1773 1918 ut
1808 1872 1990 1933 portas

407 1972 512 2013 non
531 1958 793 2026 occludat,
817 1958 910 2013 sed
935 1967 1177 2029 prompte
1199 1967 1466 2013 mortuum
1493 1957 1715 2014 reddat?
1741 1956 1848 2013 Sed
1872 1972 1992 2026 pra-

406 2060 517 2118 pter
543 2050 786 2121 populum
811 2031 944 2104 hunc
968 2051 1373 2104 circumstantem
1403 2049 1510 2104 dixi
1527 2091 1542 2115 ,
1576 2049 1778 2120 inquit,
1821 2058 1873 2102 ut
1900 2064 1990 2101 co-

405 2150 643 2210 gnoscant
683 2157 853 2195 omnes
870 2183 885 2207 ,
925 2143 1042 2209 quia
1073 2150 1126 2194 tu
1155 2157 1235 2195 me
1258 2141 1458 2194 misisti.
1486 2139 1601 2193 Non
1627 2155 1753 2209 ergo
1779 2139 1986 2209 signum

405 2238 488 2284 est
526 2229 576 2284 id
616 2229 757 2298 quod
782 2230 982 2298 geritur
1000 2272 1014 2296 ,
1039 2230 1132 2285 sed
1155 2230 1431 2284 instructio
1452 2244 1635 2284 eorum
1656 2230 1742 2298 qui
1771 2229 1986 2284 adsunt.

479 2319 554 2373 0b
579 2320 810 2388 inﬁdeles
838 2320 1094 2373 adstantes
1124 2321 1283 2373 oravit
1311 2317 1562 2374 Christus.
1582 2348 1655 2359 —
1674 2319 1853 2384 Vides,
1883 2335 1989 2390 quo

407 2419 560 2480 pacto
586 2427 690 2464 non
715 2420 932 2480 propter
959 2419 1224 2465 mortuum
1254 2411 1442 2465 ﬁerent
1481 2427 1665 2481 preces
1686 2453 1698 2476 ,
1731 2413 1826 2468 sed
1863 2427 1990 2481 pro-

407 2512 526 2572 pter
551 2501 793 2557 ittﬁdeles
821 2503 907 2571 qui
937 2502 1178 2568 aderant,
1213 2501 1281 2557 Ut
1307 2511 1628 2572 cognoscant,
1660 2503 1848 2571 inquit,
1871 2504 1991 2572 quia

405 2604 458 2648 tu
487 2611 567 2650 me
590 2595 789 2648 misisti.
817 2595 885 2648 Et
910 2610 1015 2664 quo
1040 2603 1198 2664 pacto
1225 2594 1337 2648 fieri
1363 2593 1576 2664 poterit,
1608 2593 1750 2648 dicet
1775 2595 1987 2664 aliquis,

406 2696 463 2740 ut
505 2701 888 2757 cognoscamus
937 2695 988 2740 te
1033 2686 1100 2740 ab
1148 2686 1239 2739 illo
1287 2687 1505 2740 missum
1555 2686 1717 2742 esse?
1762 2687 1991 2743 Attende

405 2790 588 2845 quaeso
617 2776 914 2844 diligenter.
947 2776 1106 2842 Ecce,
1139 2775 1335 2846 inquit,
1368 2777 1578 2845 propria
1607 2791 1722 2830 mea
1753 2777 1990 2831 auctori-

408 2874 516 2920 tate
559 2875 824 2920 mortuum
865 2880 1031 2921 evoco
1068 2882 1082 2920 :
1113 2881 1239 2920 cccc
1282 2867 1493 2936 propria
1537 2874 1800 2936 potestate
1829 2867 1989 2922 morti

409 2960 618 3027 impero
651 2976 666 3013 :
697 2958 905 3012 Patrem
946 2973 1078 3012 voco
1120 2966 1368 3027 patrem:
1401 2965 1456 3012 ct
1483 2958 1739 3012 Lazarum
1768 2973 1932 3014 evoco
1959 2974 1991 3012 c

406 3047 672 3118 sepulcro.
717 3047 775 3103 Si
823 3049 1052 3118 primum
1083 3047 1210 3102 illud
1252 3064 1440 3103 verum
1479 3063 1585 3102 non
1629 3058 1744 3113 est,
1791 3064 1859 3104 ne
1891 3049 2010 3102 hoc”

408 3136 500 3191 flat
525 3135 815 3192 secundum
850 3156 864 3192 :
896 3137 976 3191 sin
1003 3148 1180 3192 autem
1211 3152 1338 3193 vere
1362 3138 1522 3193 Pater
1546 3147 1628 3193 est
1656 3147 1824 3208 pater,
1858 3138 1990 3194 obe-

404 3227 513 3283 diat
556 3239 799 3284 mortuus
846 3229 912 3284 ad
959 3246 1148 3285 eorum
1194 3231 1283 3300 qui
1328 3230 1523 3285 adsunt
1563 3230 1986 3286 instructionem.

404 3320 540 3388 Quid
586 3322 727 3375 cnim
790 3321 1034 3377 Christus
1099 3321 1350 3376 dicebat?
1397 3321 1629 3387 Lazare,
1680 3323 1792 3376 veni
1852 3323 1991 3391 foras

405 3409 511 3479 (Ib.
534 3409 648 3483 45).
687 3411 910 3480 Quando
938 3413 1096 3466 ﬁebat
1135 3413 1328 3477 oratio,
1371 3427 1478 3467 non
1507 3413 1803 3467 resurrexit
1841 3427 1988 3466 mor-

408 3512 530 3556 tuus
558 3521 573 3557 :
604 3503 694 3556 sed
721 3503 934 3573 quando
957 3504 1109 3568 dixit,
1141 3503 1352 3569 Lazare,
1381 3506 1490 3557 ueni
1514 3508 1673 3574 foras,
1701 3511 1825 3558 tunc
1848 3519 1991 3556 mor-

407 3603 528 3646 tuus
571 3594 878 3647 resurrexit.
925 3593 967 3648 Ο
1011 3609 1256 3662 magnam
1301 3595 1488 3648 mortis
1534 3593 1904 3664 tyrannidem!
1946 3590 1991 3646 Ο

409 3698 651 3751 magnam
675 3684 1009 3752 tyrannidem
1031 3685 1244 3738 virtutis
1271 3684 1433 3748 illius,
1457 3700 1574 3752 qua:
1597 3685 1824 3737 animam
1849 3683 1990 3736 illam

408 3773 713 3826 detinebat!
763 3772 806 3826 Ο
847 3773 1081 3840 inferne,
1127 3773 1260 3826 facta
1292 3783 1372 3827 est
1403 3775 1573 3827 oratio
1593 3816 1608 3839 ,
1641 3783 1694 3827 et
1723 3785 1989 3828 mortuum

410 3881 515 3921 non
555 3863 818 3918 dimittis?
864 3864 1203 3934 Nequaquam
1229 3905 1244 3930 ,
1289 3865 1474 3934 inquit.
1524 3866 1635 3930 Qua
1679 3865 1746 3918 de
1789 3864 1990 3919 causa?

2100 491 2229 560 Quia
2261 505 2366 545 non
2389 490 2572 560 jussus
2599 507 2715 546 sum
2746 493 3032 548 dimittere.
3063 493 3253 549 Custos
3277 508 3394 548 sum
3429 501 3691 564 carceris,

2097 589 2184 660 qui
2213 605 2362 643 reum
2393 588 2480 644 hic
2505 589 2754 644 detineo:
2785 589 2885 644 nisi
2904 589 3084 659 jussus
3113 589 3321 653 fuerim,
3354 590 3542 660 inquit.
3566 607 3682 646 non

2096 680 2356 735 dimittam
2388 698 2402 732 :
2433 679 2692 749 siquidem
2720 681 2889 734 oratio
2916 695 3020 734 non
3051 689 3268 750 propter
3293 696 3400 746 me,
3428 681 3520 736 sed
3550 697 3690 752 μω

2095 782 2211 841 pter
2231 786 2325 826 eos
2349 772 2439 841 qui
2465 771 2686 825 aderant
2714 771 2973 836 infideles,
2999 780 3081 826 cst
3105 770 3264 825 facta.
3293 771 3424 825 Nam
3450 787 3548 842 ego
3584 777 3687 830 nisi

2095 863 2222 917 mihi
2255 863 2412 916 fuerit
2453 864 2804 932 imperatum,
2846 879 2996 918 reum
3028 879 3133 919 non
3163 862 3448 917 dimittam.
3483 863 3685 920 Vocem

2093 961 2376 1020 esSpecto,
2422 965 2480 1007 ut
2513 955 2743 1008 animam
2773 953 3058 1008 dimittam.
3107 953 3335 1022 Lazare,
3379 955 3490 1008 ueni
3517 957 3674 1026 foras,-

2095 1043 2314 1097 Audivit
2342 1053 2664 1112 prteceptum
2685 1042 3012 1098 dominicum
3035 1052 3294 1111 mortuus,
3322 1054 3377 1101 et
3395 1047 3678 1104 confestim

2095 1134 2243 1205 leges
2272 1135 2459 1188 mortis
2485 1133 2722 1188 violavit.
2747 1134 3076 1189 Erubescant
3099 1135 3353 1201 hmretici,
3380 1145 3433 1191 et
3459 1147 3683 1206 pereant

2094 1242 2123 1280 a
2149 1227 2282 1281 facie
2307 1235 2484 1280 terrm.
2508 1224 2650 1280 Satis
2669 1225 2809 1280 enim
2838 1241 2902 1280 ex
2931 1225 3046 1294 ipso
3069 1224 3356 1295 Scriptura:
3381 1234 3525 1282 textu
3550 1242 3684 1282 con-

2095 1326 2200 1371 stat
2230 1332 2333 1372 non
2374 1315 2441 1370 ad
2490 1323 2759 1370 mortuum
2805 1314 3170 1369 suscitandum
3214 1318 3512 1371 orationem
3559 1331 3682 1372 esse

2094 1407 2280 1462 factam
2301 1448 2316 1472 ,
2348 1406 2442 1462 scd
2476 1415 2533 1460 ut
2559 1421 2764 1471 eorum,
2793 1405 2883 1474 qui
2911 1404 3166 1470 aderant,
3195 1405 3485 1460 infidelium
3527 1407 3679 1460 inlir-

2095 1501 2260 1555 mitati
2300 1499 2692 1555 consuleretur.
2733 1497 2959 1562 Lazare,
3003 1499 3113 1552 veni
3153 1501 3310 1568 foras.
3353 1498 3526 1562 Quare
3552 1513 3680 1552 vero

2095 1601 2361 1647 mortuum
2391 1591 2700 1645 nominatim
2726 1590 2974 1644 vocavit?
3013 1591 3220 1658 Quaeris
3249 1599 3300 1644 tu
3330 1592 3539 1660 quare?
3574 1590 3678 1656 Ne,

2094 1684 2139 1738 si
2178 1683 2474 1738 absolutam
2509 1697 2694 1736 vocem
2715 1681 2792 1736 ad
2833 1690 3074 1736 mortuos
3113 1681 3438 1749 direxisset,
3468 1697 3678 1749 omnes,

2092 1774 2180 1844 qui
2206 1774 2255 1826 in
2281 1772 2542 1843 sepulcris
2562 1781 2734 1840 erant,
2762 1773 3040 1840 excitaret,
3069 1771 3267 1827 idcirco
3288 1772 3436 1840 dicit,
3460 1772 3678 1841 Lazare,

2093 1867 2202 1921 veni
2231 1869 2388 1938 foras.
2422 1866 2499 1920 Te
2524 1881 2687 1919 unum
2715 1879 2898 1919 coram
2931 1864 3034 1919 hoc
3067 1863 3261 1933 populo
3285 1864 3495 1918 interim
3520 1879 3680 1921 revo—

2093 1971 2188 2025 co,
2235 1966 2292 2012 ut
2325 1956 2426 2012 hac
2453 1956 2505 2010 in
2536 1965 2687 2026 parte
2715 1955 2984 2025 specimen
3022 1955 3231 2010 virtutis
3258 1954 3556 2011 futurorum
3581 1971 3680 2011 ex.-

2093 2051 2327 2105 hiheam.
2373 2051 2484 2120 Ego
2521 2049 2662 2104 enim
2691 2049 2781 2119 qui
2823 2064 2986 2104 unum
3015 2048 3272 2116 excitavi,
3299 2057 3466 2103 totum
3493 2051 3676 2105 orbem

2093 2153 2353 2197 terrarum
2391 2140 2656 2195 excitabo.
2684 2139 2797 2210 Ego
2825 2139 3018 2210 quippe
3044 2156 3157 2193 sum
3181 2139 3477 2192 resurrectio
3505 2148 3551 2193 et
3574 2139 3678 2191 vita

2096 2229 2271 2300 (Joan.
2303 2231 2388 2284 11.
2413 2228 2527 2299 25).
2549 2228 2762 2296 Lazare,
2780 2229 2890 2282 veni
2909 2232 3047 2300 foras
3064 2227 3167 2300 (Ib.
3193 2245 3241 2282 υ.
3261 2227 3376 2297 45).
3396 2228 3461 2282 Ει
3484 2228 3682 2298 prodiit

2091 2329 2336 2376 mortuus
2367 2321 2559 2390 ligatus
2587 2320 2750 2390 pedes
2776 2329 2831 2376 et
2869 2333 3058 2374 manus
3087 2319 3301 2374 institis.
3329 2320 3373 2374 Ο
3398 2335 3509 2374 rem
3535 2320 3682 2375 inso-

2093 2416 2238 2468 litam
2264 2423 2318 2468 et
2347 2413 2682 2468 mirabilem!
2730 2412 2829 2479 Qui
2871 2427 2902 2466 a
2943 2413 3132 2467 mortis
3177 2412 3402 2467 vinculis
3443 2411 3678 2467 animam

2093 2504 2284 2571 solvit,
2316 2505 2403 2574 qui
2445 2502 2591 2558 fores
2634 2502 2825 2557 inferni
2856 2501 3143 2573 perfregit,
3176 2503 3265 2572 qui
3299 2511 3478 2572 portas
3507 2517 3678 2558 mreas

2095 2606 2147 2650 et
2175 2603 2350 2650 vectes
2393 2595 2599 2650 ferreos
2623 2594 2910 2658 contrivit,
2939 2603 2998 2648 et
3024 2594 3254 2647 animam
3286 2607 3315 2645 a
3345 2592 3533 2647 mortis
3561 2593 3682 2647 vin-

2095 2688 2230 2742 culis
2255 2686 2531 2752 liberavit,
2573 2701 2678 2742 non
2705 2687 2876 2756 potuit
2903 2687 3065 2741 etiam
3109 2685 3316 2740 institas
3345 2685 3539 2739 mortui
3565 2687 3680 2740 sol-

2098 2776 2262 2830 vere?
2289 2775 2428 2830 Sane
2456 2775 2629 2846 potuit
2654 2792 2668 2828 :
2693 2775 2789 2830 sed
2816 2775 3016 2830 Judmis
3037 2775 3264 2845 imperat
3291 2775 3498 2830 solvant
3529 2776 3686 2829 insti-

2100 2875 2180 2922 tas
2203 2908 2218 2933 ,
2246 2882 2376 2937 quas
2419 2866 2519 2936 ipsi
2549 2867 2730 2936 prius,
2768 2865 2894 2920 dum
2924 2866 3068 2920 illum
3098 2866 3343 2936 sepulcro
3366 2865 3681 2934 conderent,

2095 2960 2456 3026 strinxerant,
2494 2967 2548 3012 ut
2579 2972 2794 3012 suorum
2823 2957 3152 3012 vinculorum
3192 2957 3383 3012 indicia
3423 2973 3683 3028 recogno-

2095 3058 2268 3116 scant,
2297 3059 2354 3103 ut
2378 3049 2744 3118 experimento
2765 3048 2992 3114 discant,
3023 3063 3087 3104 ex
3117 3048 3182 3103 iis
3206 3063 3325 3119 quae
3350 3049 3448 3118 ipsi
3474 3051 3684 3118 prasti-

2097 3145 2276 3209 terint,
2310 3143 2569 3197 Lazarum
2593 3157 2715 3196 eum
2746 3155 2867 3196 esse
2891 3156 3050 3211 quem
3092 3141 3191 3211 ipsi
3216 3141 3463 3210 sepulcro
3491 3141 3682 3196 condi-

2093 3235 2269 3290 derint
2317 3235 2361 3300 ⁸,
2399 3242 2453 3288 et
2495 3233 2764 3288 Christum
2807 3247 2964 3297 esse,
3022 3232 3112 3302 qui
3170 3233 3462 3287 secundum
3509 3232 3684 3287 Patris

2095 3325 2485 3396 beneplacitum
2516 3325 2567 3378 in
2608 3323 2864 3379 mundum
2889 3324 3132 3388 advenit,
3178 3323 3266 3394 qui
3295 3324 3414 3378 vita:
3436 3339 3500 3379 ac
3533 3326 3685 3380 necis

2097 3417 2256 3472 habet
2300 3423 2636 3486 potestatem.
2671 3414 2775 3484 Ipsi
2815 3414 2982 3485 gloria
3009 3421 3065 3468 et
3092 3413 3376 3483 imperium
3420 3429 3519 3468 una
3558 3430 3682 3468 cum

2096 3508 2251 3562 Patre
2289 3515 2380 3562 tuo
2405 3506 2538 3560 initii
2575 3515 2792 3576 experte
2812 3544 2827 3570 ,
2871 3504 3132 3575 simulque
3161 3515 3347 3560 sancto
3375 3520 3438 3561 ac
3464 3504 3681 3561 viviﬁco

2096 3599 2296 3668 Spiritu
2322 3606 2434 3667 tuo,
2459 3612 2602 3652 nunc
2628 3607 2682 3653 et
2705 3611 2937 3666 semper,
2964 3605 3018 3651 et
3043 3597 3095 3650 in
3123 3597 3318 3652 saecula
3339 3597 3680 3652 saeculorum.

2097 3694 2291 3747 Amen.

2161 3810 2178 3840 ί
2213 3807 2354 3858 savii.
2380 3809 2428 3869 in
2447 3820 2598 3869 marg.
2624 3806 2769 3867 addit,
2796 3817 2946 3869 neque
2969 3802 3484 3865 reatitatem-tanquam
3527 3801 3683 3866 phan-

2098 3878 2254 3921 tasma
2275 3868 2536 3932 divulgent.

411 4004 3672 4029 _____________________________________.__._________.——_.

410 4112 576 4175 QU‘OD
619 4112 744 4155 NON
787 4112 1019 4156 DICERE
1062 4111 1142 4153 ET
1170 4111 1255 4155 AD
1298 4109 1474 4154 ALIOS
1517 4110 1833 4165 BFFEBRE,
1877 4108 2018 4160 QUE
2062 4106 2309 4161 SCIMUS,
2356 4103 2788 4148 PAUPEBIORES
2832 4102 2948 4146 NOS
2979 4101 3240 4156 BEDDIT,
3274 4100 3353 4142 ET
3395 4096 3680 4142 GBATIAM

487 4214 872 4258 EXSTINGUIT
942 4217 958 4255 2

486 4317 829 4371 FACIEBAT;
887 4317 967 4358 ET
1033 4315 1094 4357 IN
1153 4313 1432 4357 VETERIS.
1492 4313 1668 4356 LEGIS
1736 4311 1990 4354 EMENDA

2096 4311 2246 4354 INEM
2313 4312 2328 4350 2

1019 4214 1101 4256 ΕΤ
1143 4212 1208 4255 IN
1261 4211 1520 4268 PBECES,
1568 4211 1795 4263 QUIBUS
1846 4188 2150 4254 CHRISTUS
2194 4211 2310 4255 EST
2363 4208 2538 4264 USUS,
2594 4207 2675 4250 ET
2725 4205 3243 4260 AUCTORITATEM,
3291 4203 3415 4255 QUA
3473 4200 3676 4244 OMNIA

2397 4310 2478 4354 ΕΤ
2543 4307 2714 4362 QUOD
2769 4305 3155 4352 INCARNATIO
3211 4299 3682 4357 EQUALITA'I‘EK

488 4418 684 4462 IPSIUS
729 4418 860 4462 CUM
902 4417 1107 4460 PATRE
1151 4415 1278 4458 NON
1322 4415 1574 4469 MINUIT,
1623 4415 1748 4456 SED.
1784 4411 2156 4457 CONFIRMAT
2196 4411 2446 4455 POTIUS.

1520 4538 2537 4613 WWMW‘

985 4699 1200 4740 IIOIILIA
1239 4700 1451 4739 DECIMA.

484 4779 537 4833 ί.
577 4775 954 4848 Superioribus
1005 4775 1192 4829 diebus
1240 4773 1448 4828 abunde
1496 4773 1547 4827 in
1598 4772 1794 4828 celebri
1849 4780 1990 4828 coetu

411 4870 700 4925 conciones
738 4866 1049 4932 habuimus,
1083 4866 1207 4920 dum
1236 4863 1524 4934 apostolica
1553 4865 1841 4918 certamina
1877 4872 1989 4917 tra-

408 4970 712 5024 ctaremus,
745 4967 799 5012 ct
826 4959 1176 5028 spiritualium
1217 4967 1359 5013 recte
1398 4959 1660 5014 factorum
1688 4956 1990 5012 narratione

409 5067 509 5107 nos
539 5051 970 5105 oblectaremus:
1007 5049 1116 5118 jam
1158 5064 1284 5104 vero
1329 5057 1538 5119 tempus
1580 5059 1694 5115 est,
1739 5057 1798 5103 nt
1837 5048 1989 5104 vobis

411 5142 648 5196 debitum
678 5141 1064 5210 persolvamus.
1100 5139 1307 5194 Etenim
1340 5139 1468 5193 nihil
1499 5149 1608 5206 est,
1650 5139 1791 5209 quod
1821 5140 1986 5210 impe—

415 5233 525 5287 diat
553 5250 566 5285 :
595 5241 756 5301 atque
789 5230 1030 5301 equidem
1071 5231 1263 5286 oblitos
1291 5246 1410 5286 esse
1432 5245 1529 5286 vos
1553 5232 1663 5286 seio
1691 5231 1988 5286 debitorum

409 5339 688 5390 meorum,
729 5322 870 5392 quod
910 5331 1015 5375 tam
1059 5322 1211 5376 multi
1251 5321 1366 5376 dies
1411 5322 1848 5377 intercesserint:
1882 5336 1990 5376 non

408 5423 584 5468 tamen
612 5428 676 5468 ea
708 5413 905 5469 idcirco
941 5413 1157 5478 celabo,
1198 5413 1293 5469 sed
1319 5428 1379 5468 ea
1409 5412 1561 5471 vobis
1599 5428 1788 5483 magna
1826 5412 1990 5466 animi

413 5505 688 5558 alacritate
717 5504 1034 5572 persolvam.
1061 5503 1116 5558 ld
1143 5519 1272 5558 vero
1307 5503 1462 5572 facio,
1495 5518 1600 5558 non
1627 5503 1823 5569 solum,
1849 5501 1990 5572 quod

410 5593 566 5649 home
597 5595 718 5650 fidei
749 5596 850 5649 sim
875 5596 1114 5662 debitor,
1142 5595 1234 5650 sed
1265 5596 1422 5650 etiam
1449 5595 1590 5666 quod
1620 5594 1831 5648 utilitati
1856 5608 1991 5648 mea:

409 5687 706 5741 consulam.
743 5685 877 5740 Nam
917 5687 968 5740 in
1005 5686 1369 5756 corporalibus
1393 5687 1605 5758 quidem
1632 5686 1990 5742 contractibus

398 5773 471 5845 ei,
502 5773 596 5845 qui
626 5786 866 5832 mutuum
895 5779 1152 5848 sumpsit,
1181 5779 1310 5834 utile
1335 5786 1438 5845 est,
1461 5778 1506 5832 si
1537 5777 1584 5832 is
1605 5779 1692 5847 qui
1722 5784 1991 5832 mutuatus

2101 4687 2182 4732 est
2204 4718 2217 4741 ,
2249 4676 2591 4731 obliviscatur
2620 4691 2633 4728 :
2666 4671 2760 4727 sed
2787 4672 2841 4726 in
2882 4668 3242 4740 spiritualibus
3272 4667 3440 4737 pactis
3477 4667 3525 4720 ci
3545 4708 3559 4731 ,
3594 4667 3682 4736 qui

2099 4768 2337 4824 debitum
2363 4766 2700 4820 exsoluturus
2725 4771 2841 4828 est,
2885 4761 3164 4817 utilitatem
3209 4761 3343 4829 parit
3370 4758 3682 4825 maximam,

2099 4861 2142 4914 si
2171 4861 2260 4930 qni
2298 4858 2563 4927 accepturi
2590 4865 2747 4922 sunt,
2786 4854 3085 4910 debitorum
3111 4859 3369 4922 perpetuo
3394 4850 3685 4905 recorden-

2098 4959 2206 5007 tur.
2251 4949 2525 5020 Siquidem
2551 4957 2734 5002 mutua
2765 4947 2988 5015 pecunia
3030 4945 3272 4999 restituta
3315 4941 3518 4996 deserit
3558 4956 3682 4995 eum

2099 5042 2189 5111 qui
2230 5040 2520 5110 persolvit,
2559 5047 2614 5092 et
2649 5035 2715 5090 ad
2743 5051 2864 5090 eum
2897 5033 3120 5099 transit,
3150 5032 3238 5102 qui
3269 5032 3491 5100 recipit,
3523 5040 3690 5099 atque

2099 5133 2255 5188 unius
2299 5130 2596 5193 imminuit,
2628 5127 2847 5182 alterius
2876 5135 3032 5195 anget
3074 5123 3346 5178 facultates
3378 5141 3391 5176 :
3425 5123 3476 5176 itt
3520 5122 3687 5191 spiri-

2101 5225 2329 5280 tualibus
2363 5238 2493 5279 vero
2517 5239 2624 5276 non
2651 5220 2776 5276 item
2803 5236 2818 5273 :
2848 5219 2940 5274 sed
2973 5217 3085 5272 ﬁeri
3109 5225 3285 5286 potest
3311 5223 3369 5269 ut
3393 5229 3506 5270 rem
3535 5213 3694 5268 dehi-

2100 5328 2207 5371 tam
2235 5328 2290 5370 et
2316 5327 2679 5387 persowamus
2708 5321 2762 5366 et
2795 5310 3120 5365 retineamus
3151 5325 3165 5361 :
3197 5306 3444 5377 quodque
3478 5306 3686 5376 permi-

2100 5425 2215 5464 rum
2243 5417 2345 5472 est,
2378 5417 2487 5462 tum
2515 5407 2743 5461 maxime
2769 5404 2912 5458 illam
2940 5402 3218 5467 habemus,
3257 5415 3376 5455 cum
3407 5399 3526 5452 aliis
3560 5414 3673 5466 pcr-

2098 5500 2432 5554 solverimus.

2169 5589 2430 5644 Dissimile
2450 5589 2670 5642 debitum
2699 5587 2944 5657 pecuniae,
2968 5595 3015 5639 et
3043 5583 3595 5654 spiritualiunrrerum.
3614 5609 3683 5621 -

2097 5681 2152 5737 Si
2177 5681 2318 5736 enim
2348 5678 2612 5733 defossam
2642 5679 2694 5732 in
2733 5686 2910 5732 mente
2937 5685 3192 5746 perpetuo
3217 5671 3513 5727 custodiam
3533 5711 3548 5737 ,
3582 5683 3686 5724 nec

2104 5773 2196 5828 ulli
2216 5771 2625 5838 communicem,
2656 5770 2912 5825 minuitur
2937 5768 3063 5824 mihi
3093 5768 3318 5832 lucrum,
3346 5763 3559 5818 decedit
3581 5757 3685 5810 ali-
