  <div class='ocr_page' id='page_1' title='image "/cluster/home/n/w/nwhite01/storage/ocr_20150623/48/mdp.39015032114640/264.png"; bbox 0 0 4062 6166; ppageno 0'>
   <div class='ocr_carea' id='block_1_1' title="bbox 312 303 418 358">
    <p class='ocr_par' dir='ltr' id='par_1_1' title="bbox 312 303 418 358">
     <span class='ocr_line' id='line_1_1' title="bbox 312 303 418 358; baseline -0.019 0"><span class='ocrx_word' id='word_1_1' title='bbox 312 303 418 358; x_wconf 75' lang='lat'>783</span> 
     </span>
    </p>
   </div>
   <div class='ocr_carea' id='block_1_2' title="bbox 309 408 1897 485">
    <p class='ocr_par' dir='ltr' id='par_1_2' title="bbox 309 408 1897 485">
     <span class='ocr_line' id='line_1_2' title="bbox 309 408 1897 485; baseline -0.003 -17"><span class='ocrx_word' id='word_1_2' title='bbox 309 416 464 485; x_wconf 82' lang='grc' dir='ltr'>ἐμὸν,</span> <span class='ocrx_word' id='word_1_3' title='bbox 514 413 736 466; x_wconf 84' lang='grc' dir='ltr'>κάκεῖνο</span> <span class='ocrx_word' id='word_1_4' title='bbox 774 410 867 464; x_wconf 78' lang='grc' dir='ltr'>τοῦ</span> <span class='ocrx_word' id='word_1_5' title='bbox 913 410 1127 482; x_wconf 83' lang='grc' dir='ltr'>Πατρός</span> <span class='ocrx_word' id='word_1_6' title='bbox 1161 427 1284 480; x_wconf 92' lang='grc' dir='ltr'>μου.</span> <span class='ocrx_word' id='word_1_7' title='bbox 1348 409 1498 478; x_wconf 78' lang='grc' dir='ltr'>Ἐγὼ</span> <span class='ocrx_word' id='word_1_8' title='bbox 1541 409 1650 479; x_wconf 77' lang='grc' dir='ltr'>γὰρ</span> <span class='ocrx_word' id='word_1_9' title='bbox 1696 408 1768 462; x_wconf 81' lang='grc' dir='ltr'>ἐν</span> <span class='ocrx_word' id='word_1_10' title='bbox 1816 410 1897 478; x_wconf 83' lang='grc' dir='ltr'>τῷ</span> 
     </span>
    </p>
   </div>
   <div class='ocr_carea' id='block_1_3' title="bbox 309 493 1218 566">
    <p class='ocr_par' dir='ltr' id='par_1_3' title="bbox 309 493 1218 566">
     <span class='ocr_line' id='line_1_3' title="bbox 309 493 1218 566; baseline -0.01 -13"><span class='ocrx_word' id='word_1_11' title='bbox 309 497 512 566; x_wconf 84' lang='grc' dir='ltr'>Πατρί,</span> <span class='ocrx_word' id='word_1_12' title='bbox 543 493 644 549; x_wconf 82' lang='grc' dir='ltr'>καί</span> <span class='ocrx_word' id='word_1_13' title='bbox 677 498 709 548; x_wconf 89' lang='grc' dir='ltr'><em>ὀ</em></span> <span class='ocrx_word' id='word_1_14' title='bbox 732 493 936 561; x_wconf 75' lang='grc' dir='ltr'>Πατὴρ</span> <span class='ocrx_word' id='word_1_15' title='bbox 970 493 1041 546; x_wconf 89' lang='grc' dir='ltr'>ἐν</span> <span class='ocrx_word' id='word_1_16' title='bbox 1065 493 1218 561; x_wconf 71' lang='grc' dir='ltr'>ἐμοί.</span> 
     </span>
    </p>
   </div>
   <div class='ocr_carea' id='block_1_4' title="bbox 379 573 1899 652">
    <p class='ocr_par' dir='ltr' id='par_1_4' title="bbox 379 573 1899 652">
     <span class='ocr_line' id='line_1_4' title="bbox 379 573 1899 652; baseline 0.006 -29"><span class='ocrx_word' id='word_1_17' title='bbox 379 589 448 651; x_wconf 67' lang='grc' dir='ltr'>γ’,</span> <span class='ocrx_word' id='word_1_18' title='bbox 477 578 628 652; x_wconf 71' lang='lat'>[528]</span> <span class='ocrx_word' id='word_1_19' title='bbox 665 578 776 632; x_wconf 84' lang='lat' dir='ltr'><strong><em>Kal</em></strong></span> <span class='ocrx_word' id='word_1_20' title='bbox 810 577 893 630; x_wconf 81' lang='grc' dir='ltr'>ἵνα</span> <span class='ocrx_word' id='word_1_21' title='bbox 928 575 1066 646; x_wconf 73' lang='grc' dir='ltr'>ἴδῃς,</span> <span class='ocrx_word' id='word_1_22' title='bbox 1096 576 1176 628; x_wconf 84' lang='grc' dir='ltr'>ὅτι</span> <span class='ocrx_word' id='word_1_23' title='bbox 1203 576 1303 628; x_wconf 87' lang='grc' dir='ltr'>οὐκ</span> <span class='ocrx_word' id='word_1_24' title='bbox 1330 573 1549 643; x_wconf 77' lang='grc' dir='ltr'>ἐγένετο</span> <span class='ocrx_word' id='word_1_25' title='bbox 1589 578 1899 648; x_wconf 84' lang='grc' dir='ltr'>προσευχῆς</span> 
     </span>
    </p>
   </div>
   <div class='ocr_carea' id='block_1_5' title="bbox 307 658 1898 738">
    <p class='ocr_par' dir='ltr' id='par_1_5' title="bbox 307 658 1898 738">
     <span class='ocr_line' id='line_1_5' title="bbox 307 658 1898 738; baseline -0.009 -19"><span class='ocrx_word' id='word_1_26' title='bbox 307 666 467 738; x_wconf 68' lang='grc' dir='ltr'>ἔργον</span> <span class='ocrx_word' id='word_1_27' title='bbox 497 665 556 716; x_wconf 86' lang='grc' dir='ltr'>τὸ</span> <span class='ocrx_word' id='word_1_28' title='bbox 603 661 901 730; x_wconf 81' lang='grc' dir='ltr'>ἀναστῆναι</span> <span class='ocrx_word' id='word_1_29' title='bbox 943 659 1036 712; x_wconf 83' lang='grc' dir='ltr'>τὸν</span> <span class='ocrx_word' id='word_1_30' title='bbox 1067 659 1263 729; x_wconf 83' lang='grc' dir='ltr'>νεκρὸν</span> <span class='ocrx_word' id='word_1_31' title='bbox 1283 699 1297 723; x_wconf 90' lang='grc'>,</span> <span class='ocrx_word' id='word_1_32' title='bbox 1339 658 1568 713; x_wconf 81' lang='grc' dir='ltr'>ἄκουσον</span> <span class='ocrx_word' id='word_1_33' title='bbox 1598 661 1697 730; x_wconf 83' lang='grc' dir='ltr'>τῆς</span> <span class='ocrx_word' id='word_1_34' title='bbox 1727 678 1898 733; x_wconf 85' lang='grc' dir='ltr'>προσ-</span> 
     </span>
    </p>
   </div>
   <div class='ocr_carea' id='block_1_6' title="bbox 308 739 1900 818">
    <p class='ocr_par' dir='ltr' id='par_1_6' title="bbox 308 739 1900 818">
     <span class='ocr_line' id='line_1_6' title="bbox 308 739 1900 818; baseline 0.005 -30"><span class='ocrx_word' id='word_1_35' title='bbox 308 749 495 818; x_wconf 72' lang='grc' dir='ltr'>ευχῆς,</span> <span class='ocrx_word' id='word_1_36' title='bbox 530 745 594 798; x_wconf 86' lang='grc' dir='ltr'>Τί</span> <span class='ocrx_word' id='word_1_37' title='bbox 638 743 748 816; x_wconf 82' lang='grc' dir='ltr'>γάρ</span> <span class='ocrx_word' id='word_1_38' title='bbox 793 758 992 812; x_wconf 85' lang='grc' dir='ltr'>φησιν;</span> <span class='ocrx_word' id='word_1_39' title='bbox 1026 739 1383 809; x_wconf 79' lang='grc' dir='ltr'>Εὐχάριστῶ</span> <span class='ocrx_word' id='word_1_40' title='bbox 1416 758 1537 804; x_wconf 91' lang='grc' dir='ltr'>σοι,</span> <span class='ocrx_word' id='word_1_41' title='bbox 1567 741 1780 811; x_wconf 81' lang='grc' dir='ltr'>Πάτερ,</span> <span class='ocrx_word' id='word_1_42' title='bbox 1811 743 1900 796; x_wconf 83' lang='grc' dir='ltr'>ὅτι</span> 
     </span>
    </p>
   </div>
   <div class='ocr_carea' id='block_1_7' title="bbox 307 821 1895 898">
    <p class='ocr_par' dir='ltr' id='par_1_7' title="bbox 307 821 1895 898">
     <span class='ocr_line' id='line_1_7' title="bbox 307 821 1895 898; baseline -0.003 -15"><span class='ocrx_word' id='word_1_43' title='bbox 307 829 582 898; x_wconf 78' lang='grc' dir='ltr'>ἤκουσάς</span> <span class='ocrx_word' id='word_1_44' title='bbox 612 846 754 898; x_wconf 83' lang='grc' dir='ltr'>μου.</span> <span class='ocrx_word' id='word_1_45' title='bbox 793 824 857 880; x_wconf 85' lang='grc' dir='ltr'>Τί</span> <span class='ocrx_word' id='word_1_46' title='bbox 887 821 1016 890; x_wconf 80' lang='grc' dir='ltr'>οὖν;</span> <span class='ocrx_word' id='word_1_47' title='bbox 1051 825 1210 878; x_wconf 81' lang='grc' dir='ltr'>τοῦτο</span> <span class='ocrx_word' id='word_1_48' title='bbox 1250 827 1562 896; x_wconf 82' lang='grc' dir='ltr'>προσευχῆς</span> <span class='ocrx_word' id='word_1_49' title='bbox 1591 821 1730 889; x_wconf 71' lang='grc' dir='ltr'>εἶδός</span> <span class='ocrx_word' id='word_1_50' title='bbox 1758 828 1895 891; x_wconf 86' lang='grc' dir='ltr'>ἐστι,</span> 
     </span>
    </p>
   </div>
   <div class='ocr_carea' id='block_1_8' title="bbox 307 907 1900 977">
    <p class='ocr_par' dir='ltr' id='par_1_8' title="bbox 307 907 1900 977">
     <span class='ocr_line' id='line_1_8' title="bbox 307 907 1900 977; baseline -0.003 -10"><span class='ocrx_word' id='word_1_51' title='bbox 307 915 465 968; x_wconf 78' lang='grc' dir='ltr'>τοῦτο</span> <span class='ocrx_word' id='word_1_52' title='bbox 496 913 668 975; x_wconf 80' lang='grc' dir='ltr'>τύπος</span> <span class='ocrx_word' id='word_1_53' title='bbox 695 910 940 976; x_wconf 85' lang='grc' dir='ltr'>ίκεσίας;</span> <span class='ocrx_word' id='word_1_54' title='bbox 977 907 1331 977; x_wconf 86' lang='grc' dir='ltr'>Εὐχαριστῶ</span> <span class='ocrx_word' id='word_1_55' title='bbox 1353 924 1472 973; x_wconf 90' lang='grc' dir='ltr'>σοι,</span> <span class='ocrx_word' id='word_1_56' title='bbox 1506 909 1594 962; x_wconf 84' lang='grc' dir='ltr'>ὅτι</span> <span class='ocrx_word' id='word_1_57' title='bbox 1625 907 1900 977; x_wconf 81' lang='grc' dir='ltr'>ἤκουσάς</span> 
     </span>
    </p>
   </div>
   <div class='ocr_carea' id='block_1_9' title="bbox 303 992 1899 1069">
    <p class='ocr_par' dir='ltr' id='par_1_9' title="bbox 303 992 1899 1069">
     <span class='ocr_line' id='line_1_9' title="bbox 303 992 1899 1069; baseline -0.003 -17"><span class='ocrx_word' id='word_1_58' title='bbox 303 1017 443 1069; x_wconf 80' lang='grc' dir='ltr'>μου.</span> <span class='ocrx_word' id='word_1_59' title='bbox 511 996 660 1066; x_wconf 72' lang='grc' dir='ltr'>Ἐγὼ</span> <span class='ocrx_word' id='word_1_60' title='bbox 711 996 814 1059; x_wconf 83' lang='grc' dir='ltr'>δὲ,</span> <span class='ocrx_word' id='word_1_61' title='bbox 855 996 1056 1064; x_wconf 75' lang='grc' dir='ltr'>φησὶν,</span> <span class='ocrx_word' id='word_1_62' title='bbox 1105 992 1276 1062; x_wconf 72' lang='grc' dir='ltr'>ᾔδειν</span> <span class='ocrx_word' id='word_1_63' title='bbox 1327 993 1417 1046; x_wconf 84' lang='grc' dir='ltr'>ὅτι</span> <span class='ocrx_word' id='word_1_64' title='bbox 1477 992 1736 1048; x_wconf 87' lang='grc' dir='ltr'>πάντοτέ</span> <span class='ocrx_word' id='word_1_65' title='bbox 1779 1011 1899 1064; x_wconf 83' lang='grc' dir='ltr'>μου</span> 
     </span>
    </p>
   </div>
   <div class='ocr_carea' id='block_1_10' title="bbox 306 1070 1898 1147">
    <p class='ocr_par' dir='ltr' id='par_1_10' title="bbox 306 1070 1898 1147">
     <span class='ocr_line' id='line_1_10' title="bbox 306 1070 1898 1147; baseline -0.004 -11"><span class='ocrx_word' id='word_1_66' title='bbox 306 1083 565 1147; x_wconf 78' lang='grc' dir='ltr'>ἀκούεις.</span> <span class='ocrx_word' id='word_1_67' title='bbox 597 1081 662 1133; x_wconf 89' lang='grc' dir='ltr'>Εί</span> <span class='ocrx_word' id='word_1_68' title='bbox 710 1076 803 1134; x_wconf 83' lang='grc' dir='ltr'>οὖν</span> <span class='ocrx_word' id='word_1_69' title='bbox 839 1073 1021 1142; x_wconf 70' lang='grc' dir='ltr'>οἶδας,</span> <span class='ocrx_word' id='word_1_70' title='bbox 1051 1070 1096 1128; x_wconf 82' lang='grc' dir='ltr'>ὧ</span> <span class='ocrx_word' id='word_1_71' title='bbox 1153 1075 1356 1146; x_wconf 86' lang='grc' dir='ltr'>Κύριε,</span> <span class='ocrx_word' id='word_1_72' title='bbox 1391 1077 1474 1128; x_wconf 79' lang='grc' dir='ltr'>ὅτι</span> <span class='ocrx_word' id='word_1_73' title='bbox 1524 1076 1755 1129; x_wconf 89' lang='grc' dir='ltr'>πάντοτέ</span> <span class='ocrx_word' id='word_1_74' title='bbox 1805 1094 1898 1130; x_wconf 90' lang='grc' dir='ltr'>σου</span> 
     </span>
    </p>
   </div>
   <div class='ocr_carea' id='block_1_11' title="bbox 306 1153 1895 1234">
    <p class='ocr_par' dir='ltr' id='par_1_11' title="bbox 306 1153 1895 1234">
     <span class='ocr_line' id='line_1_11' title="bbox 306 1153 1895 1234; baseline -0.004 -16"><span class='ocrx_word' id='word_1_75' title='bbox 306 1164 494 1219; x_wconf 85' lang='grc' dir='ltr'>ἀκούει</span> <span class='ocrx_word' id='word_1_76' title='bbox 516 1167 544 1218; x_wconf 98' lang='lat'>6</span> <span class='ocrx_word' id='word_1_77' title='bbox 567 1163 780 1234; x_wconf 83' lang='grc' dir='ltr'>Πατὴρ,</span> <span class='ocrx_word' id='word_1_78' title='bbox 802 1161 854 1215; x_wconf 92' lang='grc' dir='ltr'>τί</span> <span class='ocrx_word' id='word_1_79' title='bbox 875 1161 1062 1215; x_wconf 85' lang='grc' dir='ltr'>λοιπὸν</span> <span class='ocrx_word' id='word_1_80' title='bbox 1089 1159 1220 1229; x_wconf 74' lang='grc' dir='ltr'>περὶ</span> <span class='ocrx_word' id='word_1_81' title='bbox 1241 1153 1316 1212; x_wconf 85' lang='grc' dir='ltr'>ὧν</span> <span class='ocrx_word' id='word_1_82' title='bbox 1339 1155 1484 1222; x_wconf 73' lang='grc' dir='ltr'>οἶδας</span> <span class='ocrx_word' id='word_1_83' title='bbox 1512 1159 1895 1229; x_wconf 84' lang='grc' dir='ltr'>παρενοχλεῖς;</span> 
     </span>
    </p>
   </div>
   <div class='ocr_carea' id='block_1_12' title="bbox 320 1241 1902 1318">
    <p class='ocr_par' dir='ltr' id='par_1_12' title="bbox 320 1241 1902 1318">
     <span class='ocr_line' id='line_1_12' title="bbox 320 1241 1902 1318; baseline -0.005 -15"><span class='ocrx_word' id='word_1_84' title='bbox 320 1247 462 1317; x_wconf 85' lang='grc' dir='ltr'>Ἐγὼ</span> <span class='ocrx_word' id='word_1_85' title='bbox 490 1248 612 1318; x_wconf 85' lang='grc' dir='ltr'>μὲν,</span> <span class='ocrx_word' id='word_1_86' title='bbox 645 1247 830 1317; x_wconf 81' lang='grc' dir='ltr'>φησὶν,</span> <span class='ocrx_word' id='word_1_87' title='bbox 863 1241 979 1298; x_wconf 74' lang='grc' dir='ltr'>οἶδα</span> <span class='ocrx_word' id='word_1_88' title='bbox 1007 1244 1088 1296; x_wconf 83' lang='grc' dir='ltr'>ὅτι</span> <span class='ocrx_word' id='word_1_89' title='bbox 1125 1243 1355 1297; x_wconf 91' lang='grc' dir='ltr'>πάντοτέ</span> <span class='ocrx_word' id='word_1_90' title='bbox 1383 1259 1488 1312; x_wconf 81' lang='grc' dir='ltr'>μου</span> <span class='ocrx_word' id='word_1_91' title='bbox 1518 1243 1706 1296; x_wconf 90' lang='grc' dir='ltr'>ἀκούει</span> <span class='ocrx_word' id='word_1_92' title='bbox 1739 1246 1767 1296; x_wconf 94' lang='lat'>6</span> <span class='ocrx_word' id='word_1_93' title='bbox 1795 1245 1902 1296; x_wconf 88' lang='grc' dir='ltr'>Πα-</span> 
     </span>
    </p>
   </div>
   <div class='ocr_carea' id='block_1_13' title="bbox 306 1323 1902 1404">
    <p class='ocr_par' dir='ltr' id='par_1_13' title="bbox 306 1323 1902 1404">
     <span class='ocr_line' id='line_1_13' title="bbox 306 1323 1902 1404; baseline -0.004 -17"><span class='ocrx_word' id='word_1_94' title='bbox 306 1333 430 1404; x_wconf 78' lang='grc' dir='ltr'>τὴρ,</span> <span class='ocrx_word' id='word_1_95' title='bbox 475 1331 650 1386; x_wconf 75' lang='grc' dir='ltr'><em>Ἀλλὰ</em></span> <span class='ocrx_word' id='word_1_96' title='bbox 679 1329 776 1384; x_wconf 84' lang='grc' dir='ltr'>διὰ</span> <span class='ocrx_word' id='word_1_97' title='bbox 801 1329 908 1382; x_wconf 85' lang='grc' dir='ltr'>τὸν</span> <span class='ocrx_word' id='word_1_98' title='bbox 948 1325 1315 1395; x_wconf 81' lang='grc' dir='ltr'>περιεστῶτα</span> <span class='ocrx_word' id='word_1_99' title='bbox 1355 1325 1544 1395; x_wconf 77' lang='grc' dir='ltr'>ὄχλον</span> <span class='ocrx_word' id='word_1_100' title='bbox 1582 1323 1775 1391; x_wconf 76' lang='grc' dir='ltr'>εἶπον,</span> <span class='ocrx_word' id='word_1_101' title='bbox 1801 1327 1902 1380; x_wconf 83' lang='grc' dir='ltr'>ἵνα</span> 
     </span>
    </p>
   </div>
   <div class='ocr_carea' id='block_1_14' title="bbox 307 1407 1900 1486">
    <p class='ocr_par' dir='ltr' id='par_1_14' title="bbox 307 1407 1900 1486">
     <span class='ocr_line' id='line_1_14' title="bbox 307 1407 1900 1486; baseline -0.004 -17"><span class='ocrx_word' id='word_1_102' title='bbox 307 1415 494 1486; x_wconf 73' lang='grc' dir='ltr'>γνῶσι</span> <span class='ocrx_word' id='word_1_103' title='bbox 526 1413 783 1478; x_wconf 87' lang='grc' dir='ltr'>πάντες,</span> <span class='ocrx_word' id='word_1_104' title='bbox 823 1411 911 1465; x_wconf 86' lang='grc' dir='ltr'>ὅτι</span> <span class='ocrx_word' id='word_1_105' title='bbox 947 1411 1028 1464; x_wconf 90' lang='grc' dir='ltr'>σύ</span> <span class='ocrx_word' id='word_1_106' title='bbox 1073 1427 1150 1480; x_wconf 79' lang='grc' dir='ltr'>με</span> <span class='ocrx_word' id='word_1_107' title='bbox 1193 1407 1580 1469; x_wconf 81' lang='grc' dir='ltr'>ἀπέστειλας.</span> <span class='ocrx_word' id='word_1_108' title='bbox 1605 1409 1696 1480; x_wconf 88' lang='grc' dir='ltr'>Μή</span> <span class='ocrx_word' id='word_1_109' title='bbox 1730 1426 1782 1462; x_wconf 89' lang='grc' dir='ltr'>τι</span> <span class='ocrx_word' id='word_1_110' title='bbox 1812 1408 1900 1462; x_wconf 82' lang='grc' dir='ltr'>διὰ</span> 
     </span>
    </p>
   </div>
   <div class='ocr_carea' id='block_1_15' title="bbox 308 1491 1902 1570">
    <p class='ocr_par' dir='ltr' id='par_1_15' title="bbox 308 1491 1902 1570">
     <span class='ocr_line' id='line_1_15' title="bbox 308 1491 1902 1570; baseline -0.004 -18"><span class='ocrx_word' id='word_1_111' title='bbox 308 1500 395 1552; x_wconf 73' lang='grc' dir='ltr'>τὸν</span> <span class='ocrx_word' id='word_1_112' title='bbox 423 1498 614 1570; x_wconf 78' lang='grc' dir='ltr'>νεκρὸν</span> <span class='ocrx_word' id='word_1_113' title='bbox 659 1494 1034 1566; x_wconf 83' lang='grc' dir='ltr'>προσηύξατο;</span> <span class='ocrx_word' id='word_1_114' title='bbox 1077 1492 1152 1564; x_wconf 82' lang='grc' dir='ltr'>μὴ</span> <span class='ocrx_word' id='word_1_115' title='bbox 1189 1492 1467 1545; x_wconf 82' lang='grc' dir='ltr'>ἱκέτευσεν</span> <span class='ocrx_word' id='word_1_116' title='bbox 1500 1491 1589 1545; x_wconf 78' lang='grc' dir='ltr'>ἵνα</span> <span class='ocrx_word' id='word_1_117' title='bbox 1627 1493 1833 1562; x_wconf 84' lang='grc' dir='ltr'>ἀναστῇ</span> <span class='ocrx_word' id='word_1_118' title='bbox 1873 1493 1902 1545; x_wconf 92' lang='lat'>6</span> 
     </span>
    </p>
   </div>
   <div class='ocr_carea' id='block_1_16' title="bbox 308 1573 1900 1652">
    <p class='ocr_par' dir='ltr' id='par_1_16' title="bbox 308 1573 1900 1652">
     <span class='ocr_line' id='line_1_16' title="bbox 308 1573 1900 1652; baseline -0.006 -15"><span class='ocrx_word' id='word_1_119' title='bbox 308 1584 594 1652; x_wconf 73' lang='grc' dir='ltr'>Λάζαροςς</span> <span class='ocrx_word' id='word_1_120' title='bbox 656 1580 730 1650; x_wconf 82' lang='grc' dir='ltr'>μὴ</span> <span class='ocrx_word' id='word_1_121' title='bbox 764 1573 920 1630; x_wconf 80' lang='grc' dir='ltr'>εἷπε·</span> <span class='ocrx_word' id='word_1_122' title='bbox 968 1576 1186 1646; x_wconf 80' lang='grc' dir='ltr'>Πάτερ,</span> <span class='ocrx_word' id='word_1_123' title='bbox 1243 1573 1500 1627; x_wconf 86' lang='grc' dir='ltr'>κέλευσον</span> <span class='ocrx_word' id='word_1_124' title='bbox 1541 1573 1634 1626; x_wconf 83' lang='grc' dir='ltr'>τὸν</span> <span class='ocrx_word' id='word_1_125' title='bbox 1674 1573 1900 1628; x_wconf 85' lang='grc' dir='ltr'>θάνατον</span> 
     </span>
    </p>
   </div>
   <div class='ocr_carea' id='block_1_17' title="bbox 311 1655 1902 1732">
    <p class='ocr_par' dir='ltr' id='par_1_17' title="bbox 311 1655 1902 1732">
     <span class='ocr_line' id='line_1_17' title="bbox 311 1655 1902 1732; baseline -0.006 -13"><span class='ocrx_word' id='word_1_126' title='bbox 311 1665 653 1728; x_wconf 83' lang='grc' dir='ltr'>ὐπακοῦσαι;</span> <span class='ocrx_word' id='word_1_127' title='bbox 693 1661 768 1732; x_wconf 86' lang='grc' dir='ltr'>μὴ</span> <span class='ocrx_word' id='word_1_128' title='bbox 804 1656 925 1712; x_wconf 83' lang='grc' dir='ltr'>εῐπε</span> <span class='ocrx_word' id='word_1_129' title='bbox 953 1700 966 1723; x_wconf 94' lang='grc'>,</span> <span class='ocrx_word' id='word_1_130' title='bbox 1000 1659 1220 1730; x_wconf 88' lang='grc' dir='ltr'>Πάτερ,</span> <span class='ocrx_word' id='word_1_131' title='bbox 1259 1656 1516 1710; x_wconf 84' lang='grc' dir='ltr'>κέλευσον</span> <span class='ocrx_word' id='word_1_132' title='bbox 1556 1655 1634 1725; x_wconf 81' lang='grc' dir='ltr'>τῷ</span> <span class='ocrx_word' id='word_1_133' title='bbox 1668 1655 1790 1728; x_wconf 75' lang='grc' dir='ltr'>ᾄδῃ,</span> <span class='ocrx_word' id='word_1_134' title='bbox 1827 1656 1902 1728; x_wconf 81' lang='grc' dir='ltr'>μὴ</span> 
     </span>
    </p>
   </div>
   <div class='ocr_carea' id='block_1_18' title="bbox 311 1739 1902 1816">
    <p class='ocr_par' dir='ltr' id='par_1_18' title="bbox 311 1739 1902 1816">
     <span class='ocr_line' id='line_1_18' title="bbox 311 1739 1902 1816; baseline -0.005 -14"><span class='ocrx_word' id='word_1_135' title='bbox 311 1749 405 1812; x_wconf 88' lang='grc' dir='ltr'>τάς</span> <span class='ocrx_word' id='word_1_136' title='bbox 455 1747 631 1810; x_wconf 81' lang='grc' dir='ltr'>πύλας</span> <span class='ocrx_word' id='word_1_137' title='bbox 679 1743 1016 1816; x_wconf 78' lang='grc' dir='ltr'>ἀποκλείσῃ,</span> <span class='ocrx_word' id='word_1_138' title='bbox 1058 1741 1193 1794; x_wconf 88' lang='grc' dir='ltr'>ἀλλά</span> <span class='ocrx_word' id='word_1_139' title='bbox 1245 1739 1543 1811; x_wconf 83' lang='grc' dir='ltr'>προθύμως</span> <span class='ocrx_word' id='word_1_140' title='bbox 1574 1739 1668 1792; x_wconf 84' lang='grc' dir='ltr'>τὸν</span> <span class='ocrx_word' id='word_1_141' title='bbox 1710 1739 1902 1810; x_wconf 77' lang='grc' dir='ltr'>νεκρὸν</span> 
     </span>
    </p>
   </div>
   <div class='ocr_carea' id='block_1_19' title="bbox 312 1823 1904 1896">
    <p class='ocr_par' dir='ltr' id='par_1_19' title="bbox 312 1823 1904 1896">
     <span class='ocr_line' id='line_1_19' title="bbox 312 1823 1904 1896; baseline -0.006 -10"><span class='ocrx_word' id='word_1_142' title='bbox 312 1830 627 1896; x_wconf 75' lang='grc' dir='ltr'>ἀποδοῦναι;</span> <span class='ocrx_word' id='word_1_143' title='bbox 653 1829 838 1884; x_wconf 76' lang='grc' dir='ltr'><em>Ἀλλὰ</em></span> <span class='ocrx_word' id='word_1_144' title='bbox 857 1827 952 1880; x_wconf 85' lang='grc' dir='ltr'>διὰ</span> <span class='ocrx_word' id='word_1_145' title='bbox 970 1826 1076 1896; x_wconf 86' lang='grc' dir='ltr'>τὸν</span> <span class='ocrx_word' id='word_1_146' title='bbox 1097 1823 1461 1892; x_wconf 81' lang='grc' dir='ltr'>περιεστῶτα</span> <span class='ocrx_word' id='word_1_147' title='bbox 1475 1823 1692 1876; x_wconf 86' lang='grc' dir='ltr'>τοῦτον</span> <span class='ocrx_word' id='word_1_148' title='bbox 1716 1823 1904 1890; x_wconf 78' lang='grc' dir='ltr'>ὄχλον</span> 
     </span>
    </p>
   </div>
   <div class='ocr_carea' id='block_1_20' title="bbox 315 1906 1902 1984">
    <p class='ocr_par' dir='ltr' id='par_1_20' title="bbox 315 1906 1902 1984">
     <span class='ocr_line' id='line_1_20' title="bbox 315 1906 1902 1984; baseline -0.008 -16"><span class='ocrx_word' id='word_1_149' title='bbox 315 1912 505 1976; x_wconf 78' lang='grc' dir='ltr'>εἶπον,</span> <span class='ocrx_word' id='word_1_150' title='bbox 551 1915 734 1984; x_wconf 68' lang='grc' dir='ltr'>φησιν,</span> <span class='ocrx_word' id='word_1_151' title='bbox 786 1912 887 1964; x_wconf 83' lang='grc' dir='ltr'>ἵνα</span> <span class='ocrx_word' id='word_1_152' title='bbox 933 1907 1122 1979; x_wconf 76' lang='grc' dir='ltr'>γνῶσι</span> <span class='ocrx_word' id='word_1_153' title='bbox 1169 1906 1415 1972; x_wconf 85' lang='grc' dir='ltr'>πάντες,</span> <span class='ocrx_word' id='word_1_154' title='bbox 1452 1906 1540 1958; x_wconf 88' lang='grc' dir='ltr'>ὅτι</span> <span class='ocrx_word' id='word_1_155' title='bbox 1573 1906 1653 1958; x_wconf 87' lang='grc' dir='ltr'><em>σύ</em></span> <span class='ocrx_word' id='word_1_156' title='bbox 1673 1921 1750 1973; x_wconf 78' lang='grc' dir='ltr'>με</span> <span class='ocrx_word' id='word_1_157' title='bbox 1787 1907 1902 1958; x_wconf 85' lang='grc' dir='ltr'>άπ-</span> 
     </span>
    </p>
   </div>
   <div class='ocr_carea' id='block_1_21' title="bbox 317 1989 1899 2061">
    <p class='ocr_par' dir='ltr' id='par_1_21' title="bbox 317 1989 1899 2061">
     <span class='ocr_line' id='line_1_21' title="bbox 317 1989 1899 2061; baseline -0.007 -10"><span class='ocrx_word' id='word_1_158' title='bbox 317 1997 612 2060; x_wconf 69' lang='grc' dir='ltr'>έστειλας.</span> <span class='ocrx_word' id='word_1_159' title='bbox 649 1993 857 2048; x_wconf 75' lang='grc' dir='ltr'>Οὐκοῦν</span> <span class='ocrx_word' id='word_1_160' title='bbox 918 1993 1018 2046; x_wconf 89' lang='grc' dir='ltr'>οὐκ</span> <span class='ocrx_word' id='word_1_161' title='bbox 1073 1991 1190 2044; x_wconf 78' lang='grc' dir='ltr'>ἐστι</span> <span class='ocrx_word' id='word_1_162' title='bbox 1233 1991 1294 2043; x_wconf 86' lang='grc' dir='ltr'>τὸ</span> <span class='ocrx_word' id='word_1_163' title='bbox 1321 1989 1616 2061; x_wconf 80' lang='grc' dir='ltr'>’γινόμενον</span> <span class='ocrx_word' id='word_1_164' title='bbox 1647 1991 1899 2060; x_wconf 85' lang='grc' dir='ltr'>σημεῖον,</span> 
     </span>
    </p>
   </div>
   <div class='ocr_carea' id='block_1_22' title="bbox 321 2074 1258 2149">
    <p class='ocr_par' dir='ltr' id='par_1_22' title="bbox 321 2074 1258 2149">
     <span class='ocr_line' id='line_1_22' title="bbox 321 2074 1258 2149; baseline -0.009 -15"><span class='ocrx_word' id='word_1_165' title='bbox 321 2081 452 2134; x_wconf 85' lang='grc' dir='ltr'>ἀλλά</span> <span class='ocrx_word' id='word_1_166' title='bbox 482 2081 779 2149; x_wconf 83' lang='grc' dir='ltr'>κατήχησις</span> <span class='ocrx_word' id='word_1_167' title='bbox 807 2077 917 2130; x_wconf 88' lang='grc' dir='ltr'>τῶν</span> <span class='ocrx_word' id='word_1_168' title='bbox 952 2074 1258 2146; x_wconf 83' lang='grc' dir='ltr'>παρόντων.</span> 
     </span>
    </p>
   </div>
   <div class='ocr_carea' id='block_1_23' title="bbox 374 2153 1899 2229">
    <p class='ocr_par' dir='ltr' id='par_1_23' title="bbox 374 2153 1899 2229">
     <span class='ocr_line' id='line_1_23' title="bbox 374 2153 1899 2229; baseline -0.007 -12"><span class='ocrx_word' id='word_1_169' title='bbox 374 2161 544 2226; x_wconf 80' lang='grc' dir='ltr'>-Εἷδες</span> <span class='ocrx_word' id='word_1_170' title='bbox 570 2163 682 2225; x_wconf 86' lang='grc' dir='ltr'>πῶς</span> <span class='ocrx_word' id='word_1_171' title='bbox 708 2162 807 2214; x_wconf 89' lang='grc' dir='ltr'>οὐκ</span> <span class='ocrx_word' id='word_1_172' title='bbox 841 2159 1058 2228; x_wconf 88' lang='grc' dir='ltr'>ἐγένετο</span> <span class='ocrx_word' id='word_1_173' title='bbox 1085 2159 1117 2228; x_wconf 79' lang='grc' dir='ltr'>ἡ</span> <span class='ocrx_word' id='word_1_174' title='bbox 1148 2155 1422 2229; x_wconf 80' lang='grc' dir='ltr'>προσευχὴ</span> <span class='ocrx_word' id='word_1_175' title='bbox 1449 2153 1536 2208; x_wconf 87' lang='grc' dir='ltr'>διά</span> <span class='ocrx_word' id='word_1_176' title='bbox 1560 2153 1652 2206; x_wconf 84' lang='grc' dir='ltr'>τὸν</span> <span class='ocrx_word' id='word_1_177' title='bbox 1685 2154 1899 2224; x_wconf 76' lang='grc' dir='ltr'>νεκρὸν,</span> 
     </span>
    </p>
   </div>
   <div class='ocr_carea' id='block_1_24' title="bbox 321 2237 1900 2314">
    <p class='ocr_par' dir='ltr' id='par_1_24' title="bbox 321 2237 1900 2314">
     <span class='ocr_line' id='line_1_24' title="bbox 321 2237 1900 2314; baseline -0.008 -13"><span class='ocrx_word' id='word_1_178' title='bbox 321 2247 452 2301; x_wconf 85' lang='grc' dir='ltr'>ἀλλά</span> <span class='ocrx_word' id='word_1_179' title='bbox 472 2246 558 2299; x_wconf 75' lang='grc' dir='ltr'>διὰ</span> <span class='ocrx_word' id='word_1_180' title='bbox 583 2246 704 2308; x_wconf 83' lang='grc' dir='ltr'>τούς</span> <span class='ocrx_word' id='word_1_181' title='bbox 733 2243 1007 2314; x_wconf 83' lang='grc' dir='ltr'>παρόντας</span> <span class='ocrx_word' id='word_1_182' title='bbox 1034 2241 1320 2302; x_wconf 79' lang='grc' dir='ltr'>ἀπίστους,</span> <span class='ocrx_word' id='word_1_183' title='bbox 1345 2239 1447 2294; x_wconf 76' lang='grc' dir='ltr'>ἵνα</span> <span class='ocrx_word' id='word_1_184' title='bbox 1474 2237 1683 2307; x_wconf 66' lang='grc' dir='ltr'>γνῶσι,</span> <span class='ocrx_word' id='word_1_185' title='bbox 1711 2237 1900 2307; x_wconf 77' lang='grc' dir='ltr'>φησὶν,</span> 
     </span>
    </p>
   </div>
   <div class='ocr_carea' id='block_1_25' title="bbox 315 2319 1900 2397">
    <p class='ocr_par' dir='ltr' id='par_1_25' title="bbox 315 2319 1900 2397">
     <span class='ocr_line' id='line_1_25' title="bbox 315 2319 1900 2397; baseline -0.008 -15"><span class='ocrx_word' id='word_1_186' title='bbox 315 2330 401 2382; x_wconf 80' lang='grc' dir='ltr'>ὅτι</span> <span class='ocrx_word' id='word_1_187' title='bbox 439 2330 520 2382; x_wconf 86' lang='grc' dir='ltr'>σύ</span> <span class='ocrx_word' id='word_1_188' title='bbox 553 2345 629 2397; x_wconf 82' lang='grc' dir='ltr'>με</span> <span class='ocrx_word' id='word_1_189' title='bbox 676 2327 1063 2390; x_wconf 78' lang='grc' dir='ltr'>ἀπέστειλας.</span> <span class='ocrx_word' id='word_1_190' title='bbox 1101 2323 1214 2375; x_wconf 85' lang='lat' dir='ltr'><strong><em>Kal</em></strong></span> <span class='ocrx_word' id='word_1_191' title='bbox 1263 2321 1381 2385; x_wconf 88' lang='grc' dir='ltr'>πῶς</span> <span class='ocrx_word' id='word_1_192' title='bbox 1433 2321 1632 2391; x_wconf 78' lang='grc' dir='ltr'>ἔχομεν</span> <span class='ocrx_word' id='word_1_193' title='bbox 1659 2319 1900 2387; x_wconf 88' lang='grc' dir='ltr'>γνῶναι,</span> 
     </span>
    </p>
   </div>
   <div class='ocr_carea' id='block_1_26' title="bbox 313 2399 1900 2483">
    <p class='ocr_par' dir='ltr' id='par_1_26' title="bbox 313 2399 1900 2483">
     <span class='ocr_line' id='line_1_26' title="bbox 313 2399 1900 2483; baseline -0.008 -17"><span class='ocrx_word' id='word_1_194' title='bbox 313 2413 497 2483; x_wconf 75' lang='grc' dir='ltr'>φησὶν,</span> <span class='ocrx_word' id='word_1_195' title='bbox 523 2412 607 2464; x_wconf 81' lang='grc' dir='ltr'>ὅτι</span> <span class='ocrx_word' id='word_1_196' title='bbox 633 2409 795 2472; x_wconf 85' lang='grc' dir='ltr'>αὐτός</span> <span class='ocrx_word' id='word_1_197' title='bbox 830 2425 886 2462; x_wconf 86' lang='grc' dir='ltr'>σε</span> <span class='ocrx_word' id='word_1_198' title='bbox 913 2406 1234 2470; x_wconf 88' lang='grc' dir='ltr'>ἀπέστειλε;</span> <span class='ocrx_word' id='word_1_199' title='bbox 1273 2404 1542 2476; x_wconf 86' lang='grc' dir='ltr'>Πρόσεχε,</span> <span class='ocrx_word' id='word_1_200' title='bbox 1571 2399 1900 2473; x_wconf 86' lang='grc' dir='ltr'>παρακαλῶ,</span> 
     </span>
    </p>
   </div>
   <div class='ocr_carea' id='block_1_27' title="bbox 316 2483 1903 2566">
    <p class='ocr_par' dir='ltr' id='par_1_27' title="bbox 316 2483 1903 2566">
     <span class='ocr_line' id='line_1_27' title="bbox 316 2483 1903 2566; baseline -0.009 -18"><span class='ocrx_word' id='word_1_201' title='bbox 316 2495 452 2566; x_wconf 82' lang='grc' dir='ltr'>μετά</span> <span class='ocrx_word' id='word_1_202' title='bbox 488 2494 672 2565; x_wconf 83' lang='grc' dir='ltr'>πάσης</span> <span class='ocrx_word' id='word_1_203' title='bbox 706 2490 1016 2562; x_wconf 76' lang='grc' dir='ltr'>ἀκριϐείας.</span> <span class='ocrx_word' id='word_1_204' title='bbox 1063 2489 1218 2554; x_wconf 77' lang='grc' dir='ltr'>Ἰδοὺ,</span> <span class='ocrx_word' id='word_1_205' title='bbox 1247 2486 1403 2558; x_wconf 77' lang='grc' dir='ltr'>φησὶ,</span> <span class='ocrx_word' id='word_1_206' title='bbox 1441 2485 1580 2556; x_wconf 85' lang='grc' dir='ltr'>μετά</span> <span class='ocrx_word' id='word_1_207' title='bbox 1620 2485 1728 2566; x_wconf 85' lang='grc' dir='ltr'>τῆς</span> <span class='ocrx_word' id='word_1_208' title='bbox 1763 2483 1903 2554; x_wconf 81' lang='grc' dir='ltr'>ἐμῆς</span> 
     </span>
    </p>
   </div>
   <div class='ocr_carea' id='block_1_28' title="bbox 313 2565 1904 2645">
    <p class='ocr_par' dir='ltr' id='par_1_28' title="bbox 313 2565 1904 2645">
     <span class='ocr_line' id='line_1_28' title="bbox 313 2565 1904 2645; baseline -0.009 -13"><span class='ocrx_word' id='word_1_209' title='bbox 313 2579 603 2641; x_wconf 83' lang='grc' dir='ltr'>αὐθεντίας</span> <span class='ocrx_word' id='word_1_210' title='bbox 643 2577 794 2630; x_wconf 87' lang='grc' dir='ltr'>καλῶ</span> <span class='ocrx_word' id='word_1_211' title='bbox 822 2575 913 2629; x_wconf 69' lang='grc' dir='ltr'>τὶν</span> <span class='ocrx_word' id='word_1_212' title='bbox 942 2573 1136 2645; x_wconf 88' lang='grc' dir='ltr'>νεκρόν</span> <span class='ocrx_word' id='word_1_213' title='bbox 1158 2588 1170 2603; x_wconf 79' lang='grc' dir='ltr'><strong><em>ο</em></strong></span> <span class='ocrx_word' id='word_1_214' title='bbox 1215 2571 1324 2625; x_wconf 84' lang='grc' dir='ltr'>ίδού</span> <span class='ocrx_word' id='word_1_215' title='bbox 1368 2573 1432 2640; x_wconf 82' lang='grc' dir='ltr'>τῇ</span> <span class='ocrx_word' id='word_1_216' title='bbox 1464 2569 1642 2640; x_wconf 75' lang='grc' dir='ltr'>οἰκείᾳ</span> <span class='ocrx_word' id='word_1_217' title='bbox 1685 2565 1904 2638; x_wconf 79' lang='grc' dir='ltr'>ἐξουσίᾳ</span> 
     </span>
    </p>
   </div>
   <div class='ocr_carea' id='block_1_29' title="bbox 312 2651 1900 2731">
    <p class='ocr_par' dir='ltr' id='par_1_29' title="bbox 312 2651 1900 2731">
     <span class='ocr_line' id='line_1_29' title="bbox 312 2651 1900 2731; baseline -0.01 -14"><span class='ocrx_word' id='word_1_218' title='bbox 312 2665 586 2717; x_wconf 86' lang='grc' dir='ltr'>ἐπιτάττω</span> <span class='ocrx_word' id='word_1_219' title='bbox 610 2660 690 2731; x_wconf 84' lang='grc' dir='ltr'>τῷ</span> <span class='ocrx_word' id='word_1_220' title='bbox 738 2660 990 2728; x_wconf 86' lang='grc' dir='ltr'>Θανάτῳ·</span> <span class='ocrx_word' id='word_1_221' title='bbox 1037 2655 1190 2711; x_wconf 88' lang='grc' dir='ltr'>καλῶ</span> <span class='ocrx_word' id='word_1_222' title='bbox 1233 2654 1325 2707; x_wconf 85' lang='grc' dir='ltr'>τὸν</span> <span class='ocrx_word' id='word_1_223' title='bbox 1378 2653 1601 2723; x_wconf 82' lang='grc' dir='ltr'>Πατέρα</span> <span class='ocrx_word' id='word_1_224' title='bbox 1653 2651 1900 2720; x_wconf 73' lang='grc' dir='ltr'>πατέρα’</span> 
     </span>
    </p>
   </div>
   <div class='ocr_carea' id='block_1_30' title="bbox 312 2733 1904 2813">
    <p class='ocr_par' dir='ltr' id='par_1_30' title="bbox 312 2733 1904 2813">
     <span class='ocr_line' id='line_1_30' title="bbox 312 2733 1904 2813; baseline -0.008 -13"><span class='ocrx_word' id='word_1_225' title='bbox 312 2747 461 2801; x_wconf 83' lang='grc' dir='ltr'>καλῶ</span> <span class='ocrx_word' id='word_1_226' title='bbox 490 2746 587 2799; x_wconf 68' lang='grc' dir='ltr'>καὶ</span> <span class='ocrx_word' id='word_1_227' title='bbox 620 2745 709 2797; x_wconf 77' lang='grc' dir='ltr'>τὸν</span> <span class='ocrx_word' id='word_1_228' title='bbox 740 2742 990 2813; x_wconf 78' lang='grc' dir='ltr'>Λάζαρον</span> <span class='ocrx_word' id='word_1_229' title='bbox 1025 2742 1088 2793; x_wconf 88' lang='grc' dir='ltr'>ἐκ</span> <span class='ocrx_word' id='word_1_230' title='bbox 1116 2738 1211 2791; x_wconf 83' lang='grc' dir='ltr'>τοῦ</span> <span class='ocrx_word' id='word_1_231' title='bbox 1241 2739 1438 2807; x_wconf 85' lang='grc' dir='ltr'>τάφου.</span> <span class='ocrx_word' id='word_1_232' title='bbox 1477 2737 1541 2790; x_wconf 65' lang='lat' dir='ltr'>Et</span> <span class='ocrx_word' id='word_1_233' title='bbox 1574 2736 1674 2788; x_wconf 86' lang='grc' dir='ltr'>οὐκ</span> <span class='ocrx_word' id='word_1_234' title='bbox 1701 2735 1814 2786; x_wconf 83' lang='grc' dir='ltr'>ἐστι</span> <span class='ocrx_word' id='word_1_235' title='bbox 1841 2733 1904 2787; x_wconf 83' lang='grc' dir='ltr'>τὸ</span> 
     </span>
    </p>
   </div>
   <div class='ocr_carea' id='block_1_31' title="bbox 312 2815 1905 2902">
    <p class='ocr_par' dir='ltr' id='par_1_31' title="bbox 312 2815 1905 2902">
     <span class='ocr_line' id='line_1_31' title="bbox 312 2815 1905 2902; baseline -0.011 -18"><span class='ocrx_word' id='word_1_236' title='bbox 312 2831 532 2902; x_wconf 88' lang='grc' dir='ltr'>πρῶτον</span> <span class='ocrx_word' id='word_1_237' title='bbox 561 2826 780 2898; x_wconf 83' lang='grc' dir='ltr'>ἀληθὲς,</span> <span class='ocrx_word' id='word_1_238' title='bbox 829 2825 962 2896; x_wconf 82' lang='grc' dir='ltr'>μηδὲ</span> <span class='ocrx_word' id='word_1_239' title='bbox 1000 2823 1160 2876; x_wconf 79' lang='grc' dir='ltr'>τοῦτο</span> <span class='ocrx_word' id='word_1_240' title='bbox 1200 2820 1476 2889; x_wconf 83' lang='grc' dir='ltr'>γενέσθω’</span> <span class='ocrx_word' id='word_1_241' title='bbox 1513 2821 1562 2872; x_wconf 87' lang='grc' dir='ltr'>εί</span> <span class='ocrx_word' id='word_1_242' title='bbox 1599 2818 1656 2871; x_wconf 84' lang='grc' dir='ltr'>δέ</span> <span class='ocrx_word' id='word_1_243' title='bbox 1684 2815 1905 2902; x_wconf 77' lang='grc' dir='ltr'>ἀληθῶς</span> 
     </span>
    </p>
   </div>
   <div class='ocr_carea' id='block_1_32' title="bbox 311 2899 1905 2984">
    <p class='ocr_par' dir='ltr' id='par_1_32' title="bbox 311 2899 1905 2984">
     <span class='ocr_line' id='line_1_32' title="bbox 311 2899 1905 2984; baseline -0.01 -16"><span class='ocrx_word' id='word_1_244' title='bbox 311 2917 340 2968; x_wconf 93' lang='lat'>6</span> <span class='ocrx_word' id='word_1_245' title='bbox 359 2899 565 2984; x_wconf 30' lang='grc' dir='ltr'>*Πατὴρ</span> <span class='ocrx_word' id='word_1_246' title='bbox 590 2912 794 2982; x_wconf 75' lang='grc' dir='ltr'>πατὴρ,</span> <span class='ocrx_word' id='word_1_247' title='bbox 829 2905 1154 2962; x_wconf 82' lang='grc' dir='ltr'>ὑπακουέτω</span> <span class='ocrx_word' id='word_1_248' title='bbox 1184 2905 1279 2958; x_wconf 71' lang='grc' dir='ltr'>καὶ</span> <span class='ocrx_word' id='word_1_249' title='bbox 1317 2906 1344 2957; x_wconf 90' lang='lat'>6</span> <span class='ocrx_word' id='word_1_250' title='bbox 1383 2903 1574 2975; x_wconf 79' lang='grc' dir='ltr'>νεκρὸς</span> <span class='ocrx_word' id='word_1_251' title='bbox 1602 2900 1738 2984; x_wconf 83' lang='grc' dir='ltr'>πρὸς</span> <span class='ocrx_word' id='word_1_252' title='bbox 1763 2899 1905 2952; x_wconf 88' lang='grc' dir='ltr'>διδα-</span> 
     </span>
    </p>
   </div>
   <div class='ocr_carea' id='block_1_33' title="bbox 314 2983 1903 3065">
    <p class='ocr_par' dir='ltr' id='par_1_33' title="bbox 314 2983 1903 3065">
     <span class='ocr_line' id='line_1_33' title="bbox 314 2983 1903 3065; baseline -0.011 -13"><span class='ocrx_word' id='word_1_253' title='bbox 314 2997 543 3052; x_wconf 87' lang='grc' dir='ltr'>σκαλίαν</span> <span class='ocrx_word' id='word_1_254' title='bbox 587 2995 696 3049; x_wconf 90' lang='grc' dir='ltr'>τῶν</span> <span class='ocrx_word' id='word_1_255' title='bbox 738 2993 1043 3065; x_wconf 83' lang='grc' dir='ltr'>παρόντων.</span> <span class='ocrx_word' id='word_1_256' title='bbox 1075 2989 1140 3041; x_wconf 89' lang='grc' dir='ltr'>Τί</span> <span class='ocrx_word' id='word_1_257' title='bbox 1185 2988 1296 3060; x_wconf 91' lang='grc' dir='ltr'>γάρ</span> <span class='ocrx_word' id='word_1_258' title='bbox 1343 2990 1372 3040; x_wconf 89' lang='lat'>6</span> <span class='ocrx_word' id='word_1_259' title='bbox 1419 2985 1655 3058; x_wconf 85' lang='grc' dir='ltr'>Χριστὸς</span> <span class='ocrx_word' id='word_1_260' title='bbox 1711 2983 1903 3052; x_wconf 77' lang='grc' dir='ltr'>ἐλεγε;</span> 
     </span>
    </p>
   </div>
   <div class='ocr_carea' id='block_1_34' title="bbox 313 3067 1907 3150">
    <p class='ocr_par' dir='ltr' id='par_1_34' title="bbox 313 3067 1907 3150">
     <span class='ocr_line' id='line_1_34' title="bbox 313 3067 1907 3150; baseline -0.01 -14"><span class='ocrx_word' id='word_1_261' title='bbox 313 3081 562 3150; x_wconf 86' lang='grc' dir='ltr'>Λάζαρε,</span> <span class='ocrx_word' id='word_1_262' title='bbox 594 3078 770 3148; x_wconf 83' lang='grc' dir='ltr'>δεῦρο</span> <span class='ocrx_word' id='word_1_263' title='bbox 802 3077 936 3141; x_wconf 80' lang='grc' dir='ltr'>ἐξω.</span> <span class='ocrx_word' id='word_1_264' title='bbox 973 3076 1103 3127; x_wconf 88' lang='grc' dir='ltr'>Ὅτε</span> <span class='ocrx_word' id='word_1_265' title='bbox 1138 3073 1362 3141; x_wconf 91' lang='grc' dir='ltr'>γέγονεν</span> <span class='ocrx_word' id='word_1_266' title='bbox 1395 3072 1427 3140; x_wconf 85' lang='grc' dir='ltr'><strong>ή</strong></span> <span class='ocrx_word' id='word_1_267' title='bbox 1463 3068 1770 3142; x_wconf 81' lang='grc' dir='ltr'>προσευχὴ,</span> <span class='ocrx_word' id='word_1_268' title='bbox 1807 3067 1907 3120; x_wconf 92' lang='grc' dir='ltr'>οὐκ</span> 
     </span>
    </p>
   </div>
   <div class='ocr_carea' id='block_1_35' title="bbox 311 3150 1904 3235">
    <p class='ocr_par' dir='ltr' id='par_1_35' title="bbox 311 3150 1904 3235">
     <span class='ocr_line' id='line_1_35' title="bbox 311 3150 1904 3235; baseline -0.011 -16"><span class='ocrx_word' id='word_1_269' title='bbox 311 3167 518 3235; x_wconf 79' lang='grc' dir='ltr'>ἀνέστη</span> <span class='ocrx_word' id='word_1_270' title='bbox 547 3167 576 3218; x_wconf 92' lang='lat'>6</span> <span class='ocrx_word' id='word_1_271' title='bbox 601 3165 795 3234; x_wconf 89' lang='grc' dir='ltr'>νεκρός</span> <span class='ocrx_word' id='word_1_272' title='bbox 815 3177 829 3191; x_wconf 85' lang='grc'><strong>·</strong></span> <span class='ocrx_word' id='word_1_273' title='bbox 858 3159 974 3216; x_wconf 90' lang='grc' dir='ltr'>ἀλλ’</span> <span class='ocrx_word' id='word_1_274' title='bbox 1005 3159 1095 3211; x_wconf 85' lang='grc' dir='ltr'>ὅτε</span> <span class='ocrx_word' id='word_1_275' title='bbox 1124 3153 1266 3222; x_wconf 73' lang='grc' dir='ltr'>εἷπε,</span> <span class='ocrx_word' id='word_1_276' title='bbox 1297 3152 1540 3221; x_wconf 81' lang='grc' dir='ltr'>Λάζαρε,</span> <span class='ocrx_word' id='word_1_277' title='bbox 1569 3150 1745 3219; x_wconf 84' lang='grc' dir='ltr'>δεῦρο</span> <span class='ocrx_word' id='word_1_278' title='bbox 1768 3150 1904 3235; x_wconf 71' lang='grc' dir='ltr'>ἔξω,</span> 
     </span>
    </p>
   </div>
   <div class='ocr_carea' id='block_1_36' title="bbox 309 3231 1908 3317">
    <p class='ocr_par' dir='ltr' id='par_1_36' title="bbox 309 3231 1908 3317">
     <span class='ocr_line' id='line_1_36' title="bbox 309 3231 1908 3317; baseline -0.013 -12"><span class='ocrx_word' id='word_1_279' title='bbox 309 3251 436 3304; x_wconf 84' lang='grc' dir='ltr'>τότε</span> <span class='ocrx_word' id='word_1_280' title='bbox 470 3231 672 3317; x_wconf 79' lang='grc' dir='ltr'>ἀνέστη</span> <span class='ocrx_word' id='word_1_281' title='bbox 702 3231 731 3301; x_wconf 84' lang='lat'>6</span> <span class='ocrx_word' id='word_1_282' title='bbox 784 3245 994 3316; x_wconf 87' lang='grc' dir='ltr'>νεκρός.</span> <span class='ocrx_word' id='word_1_283' title='bbox 1033 3244 1098 3295; x_wconf 86' lang='grc' dir='ltr'><strong>Ὢ</strong></span> <span class='ocrx_word' id='word_1_284' title='bbox 1130 3239 1388 3312; x_wconf 70' lang='grc' dir='ltr'>τυραννὶς</span> <span class='ocrx_word' id='word_1_285' title='bbox 1433 3235 1524 3290; x_wconf 79' lang='grc' dir='ltr'>τοῦ</span> <span class='ocrx_word' id='word_1_286' title='bbox 1566 3235 1795 3288; x_wconf 82' lang='grc' dir='ltr'>θανάτου</span> <span class='ocrx_word' id='word_1_287' title='bbox 1819 3231 1908 3317; x_wconf 41' lang='grc' dir='ltr'>(ὢ</span> 
     </span>
    </p>
   </div>
   <div class='ocr_carea' id='block_1_37' title="bbox 307 3315 1907 3406">
    <p class='ocr_par' dir='ltr' id='par_1_37' title="bbox 307 3315 1907 3406">
     <span class='ocr_line' id='line_1_37' title="bbox 307 3315 1907 3406; baseline -0.012 -20"><span class='ocrx_word' id='word_1_288' title='bbox 307 3333 571 3406; x_wconf 75' lang='grc' dir='ltr'>τυραννὶς</span> <span class='ocrx_word' id='word_1_289' title='bbox 593 3315 696 3400; x_wconf 70' lang='grc' dir='ltr'>τῆς</span> <span class='ocrx_word' id='word_1_290' title='bbox 724 3315 1005 3400; x_wconf 82' lang='grc' dir='ltr'>δυνάμεως</span> <span class='ocrx_word' id='word_1_291' title='bbox 1048 3323 1264 3394; x_wconf 76' lang='grc' dir='ltr'>ἐκείνης</span> <span class='ocrx_word' id='word_1_292' title='bbox 1296 3323 1395 3392; x_wconf 83' lang='grc' dir='ltr'>τῆς</span> <span class='ocrx_word' id='word_1_293' title='bbox 1431 3318 1772 3406; x_wconf 75' lang='grc' dir='ltr'>κατεχούσης</span> <span class='ocrx_word' id='word_1_294' title='bbox 1806 3315 1907 3406; x_wconf 70' lang='grc' dir='ltr'>τὴν</span> 
     </span>
    </p>
   </div>
   <div class='ocr_carea' id='block_1_38' title="bbox 309 3399 1906 3488">
    <p class='ocr_par' dir='ltr' id='par_1_38' title="bbox 309 3399 1906 3488">
     <span class='ocr_line' id='line_1_38' title="bbox 309 3399 1906 3488; baseline -0.012 -17"><span class='ocrx_word' id='word_1_295' title='bbox 309 3399 528 3488; x_wconf 72' lang='grc' dir='ltr'>ψυχήν·</span> <span class='ocrx_word' id='word_1_296' title='bbox 565 3416 610 3468; x_wconf 84' lang='grc' dir='ltr'>ῶ</span> <span class='ocrx_word' id='word_1_297' title='bbox 654 3399 780 3486; x_wconf 69' lang='grc' dir='ltr'>ᾇδη,</span> <span class='ocrx_word' id='word_1_298' title='bbox 815 3409 1093 3483; x_wconf 82' lang='grc' dir='ltr'>προσευχὴ</span> <span class='ocrx_word' id='word_1_299' title='bbox 1129 3407 1336 3476; x_wconf 85' lang='grc' dir='ltr'>γέγονε,</span> <span class='ocrx_word' id='word_1_300' title='bbox 1383 3405 1478 3458; x_wconf 73' lang='grc' dir='ltr'>καὶ</span> <span class='ocrx_word' id='word_1_301' title='bbox 1509 3403 1608 3488; x_wconf 86' lang='grc' dir='ltr'>οὐκ</span> <span class='ocrx_word' id='word_1_302' title='bbox 1651 3399 1906 3465; x_wconf 83' lang='grc' dir='ltr'>ἀπολύεις</span> 
     </span>
    </p>
   </div>
   <div class='ocr_carea' id='block_1_39' title="bbox 312 3485 1910 3569">
    <p class='ocr_par' dir='ltr' id='par_1_39' title="bbox 312 3485 1910 3569">
     <span class='ocr_line' id='line_1_39' title="bbox 312 3485 1910 3569; baseline -0.011 -15"><span class='ocrx_word' id='word_1_303' title='bbox 312 3485 673 3569; x_wconf 30' lang='grc' dir='ltr'>τὸν-νεκρόνς</span> <span class='ocrx_word' id='word_1_304' title='bbox 705 3497 867 3567; x_wconf 70' lang='grc' dir='ltr'>Οὐχὶ,</span> <span class='ocrx_word' id='word_1_305' title='bbox 912 3493 1066 3564; x_wconf 84' lang='grc' dir='ltr'>φησί.</span> <span class='ocrx_word' id='word_1_306' title='bbox 1103 3491 1202 3542; x_wconf 87' lang='grc' dir='ltr'>Διά</span> <span class='ocrx_word' id='word_1_307' title='bbox 1239 3489 1322 3554; x_wconf 89' lang='grc' dir='ltr'>τί;</span> <span class='ocrx_word' id='word_1_308' title='bbox 1359 3488 1482 3541; x_wconf 88' lang='grc' dir='ltr'>Ὅτι</span> <span class='ocrx_word' id='word_1_309' title='bbox 1530 3487 1591 3538; x_wconf 94' lang='grc' dir='ltr'>οὐ</span> <span class='ocrx_word' id='word_1_310' title='bbox 1643 3485 1910 3569; x_wconf 80' lang='grc' dir='ltr'>προσετά-</span> 
     </span>
    </p>
   </div>
   <div class='ocr_carea' id='block_1_40' title="bbox 313 3567 1910 3657">
    <p class='ocr_par' dir='ltr' id='par_1_40' title="bbox 313 3567 1910 3657">
     <span class='ocr_line' id='line_1_40' title="bbox 313 3567 1910 3657; baseline -0.012 -19"><span class='ocrx_word' id='word_1_311' title='bbox 313 3579 478 3657; x_wconf 86' lang='grc' dir='ltr'>χθην.</span> <span class='ocrx_word' id='word_1_312' title='bbox 506 3567 738 3650; x_wconf 79' lang='grc' dir='ltr'>Δέσμιός</span> <span class='ocrx_word' id='word_1_313' title='bbox 782 3581 897 3650; x_wconf 89' lang='grc' dir='ltr'>είμι</span> <span class='ocrx_word' id='word_1_314' title='bbox 931 3574 1118 3631; x_wconf 83' lang='grc' dir='ltr'>αὐτόθι</span> <span class='ocrx_word' id='word_1_315' title='bbox 1150 3572 1396 3642; x_wconf 78' lang='grc' dir='ltr'>κατέχων</span> <span class='ocrx_word' id='word_1_316' title='bbox 1440 3570 1532 3624; x_wconf 86' lang='grc' dir='ltr'>τὸν</span> <span class='ocrx_word' id='word_1_317' title='bbox 1568 3567 1869 3622; x_wconf 84' lang='grc' dir='ltr'>ὑπεύθυνον</span> <span class='ocrx_word' id='word_1_318' title='bbox 1893 3579 1910 3595; x_wconf 74' lang='grc'><strong><em>⁸</em></strong></span> 
     </span>
    </p>
   </div>
   <div class='ocr_carea' id='block_1_41' title="bbox 1083 292 2741 362">
    <p class='ocr_par' dir='ltr' id='par_1_41' title="bbox 1083 292 2741 362">
     <span class='ocr_line' id='line_1_41' title="bbox 1083 292 2741 362; baseline 0.002 -14"><span class='ocrx_word' id='word_1_319' title='bbox 1083 293 1171 349; x_wconf 90' lang='lat' dir='ltr'>DE</span> <span class='ocrx_word' id='word_1_320' title='bbox 1206 292 1482 350; x_wconf 74' lang='lat' dir='ltr'>CHRISTI</span> <span class='ocrx_word' id='word_1_321' title='bbox 1523 293 1886 362; x_wconf 77' lang='lat' dir='ltr'>PRECIBUS,</span> <span class='ocrx_word' id='word_1_322' title='bbox 1928 296 2208 353; x_wconf 80' lang='lat' dir='ltr'><strong>CONTRA</strong></span> <span class='ocrx_word' id='word_1_323' title='bbox 2247 296 2628 354; x_wconf 68' lang='lat' dir='ltr'>ANOMGEOS.</span> <span class='ocrx_word' id='word_1_324' title='bbox 2674 298 2741 352; x_wconf 75' lang='grc' dir='ltr'>Χ.</span> 
     </span>
    </p>
   </div>
   <div class='ocr_carea' id='block_1_42' title="bbox 3475 293 3578 349">
    <p class='ocr_par' dir='ltr' id='par_1_42' title="bbox 3475 293 3578 349">
     <span class='ocr_line' id='line_1_42' title="bbox 3475 293 3578 349; baseline 0.019 -2"><span class='ocrx_word' id='word_1_325' title='bbox 3475 293 3578 349; x_wconf 66' lang='grc'>784</span> 
     </span>
    </p>
   </div>
   <div class='ocr_carea' id='block_1_43' title="bbox 2000 411 3580 490">
    <p class='ocr_par' dir='ltr' id='par_1_43' title="bbox 2000 411 3580 490">
     <span class='ocr_line' id='line_1_43' title="bbox 2000 411 3580 490; baseline 0.006 -25"><span class='ocrx_word' id='word_1_326' title='bbox 2000 411 2096 466; x_wconf 80' lang='grc' dir='ltr'>ἐὰν</span> <span class='ocrx_word' id='word_1_327' title='bbox 2129 413 2204 484; x_wconf 81' lang='grc' dir='ltr'>μὴ</span> <span class='ocrx_word' id='word_1_328' title='bbox 2233 413 2578 486; x_wconf 88' lang='grc' dir='ltr'>προσταχθῶ,</span> <span class='ocrx_word' id='word_1_329' title='bbox 2606 414 2792 483; x_wconf 60' lang='grc' dir='ltr'>φησιν,</span> <span class='ocrx_word' id='word_1_330' title='bbox 2815 414 2912 467; x_wconf 86' lang='grc' dir='ltr'>οὐκ</span> <span class='ocrx_word' id='word_1_331' title='bbox 2941 415 3162 469; x_wconf 80' lang='grc' dir='ltr'>ἀπολύω</span> <span class='ocrx_word' id='word_1_332' title='bbox 3182 433 3195 448; x_wconf 86' lang='grc'><strong>·</strong></span> <span class='ocrx_word' id='word_1_333' title='bbox 3222 418 3254 488; x_wconf 82' lang='grc' dir='ltr'><strong>ὴ</strong></span> <span class='ocrx_word' id='word_1_334' title='bbox 3282 419 3392 489; x_wconf 86' lang='grc' dir='ltr'>γὰρ</span> <span class='ocrx_word' id='word_1_335' title='bbox 3414 436 3580 490; x_wconf 83' lang='grc' dir='ltr'>προσ-</span> 
     </span>
    </p>
   </div>
   <div class='ocr_carea' id='block_1_44' title="bbox 1999 497 3580 572">
    <p class='ocr_par' dir='ltr' id='par_1_44' title="bbox 1999 497 3580 572">
     <span class='ocr_line' id='line_1_44' title="bbox 1999 497 3580 572; baseline 0.005 -25"><span class='ocrx_word' id='word_1_336' title='bbox 1999 497 2154 568; x_wconf 83' lang='grc' dir='ltr'>ευχὴ,</span> <span class='ocrx_word' id='word_1_337' title='bbox 2185 499 2371 568; x_wconf 69' lang='grc' dir='ltr'>φησιν,</span> <span class='ocrx_word' id='word_1_338' title='bbox 2406 499 2467 551; x_wconf 88' lang='grc' dir='ltr'>οὐ</span> <span class='ocrx_word' id='word_1_339' title='bbox 2501 498 2568 550; x_wconf 84' lang='grc' dir='ltr'>δι’</span> <span class='ocrx_word' id='word_1_340' title='bbox 2599 498 2700 568; x_wconf 86' lang='grc' dir='ltr'>ἐμὲ</span> <span class='ocrx_word' id='word_1_341' title='bbox 2729 497 2974 566; x_wconf 85' lang='grc' dir='ltr'>γέγονεν,</span> <span class='ocrx_word' id='word_1_342' title='bbox 3007 499 3144 552; x_wconf 83' lang='grc' dir='ltr'>ἀλλά</span> <span class='ocrx_word' id='word_1_343' title='bbox 3173 499 3261 552; x_wconf 90' lang='grc' dir='ltr'>διά</span> <span class='ocrx_word' id='word_1_344' title='bbox 3288 502 3412 563; x_wconf 82' lang='grc' dir='ltr'>τούς</span> <span class='ocrx_word' id='word_1_345' title='bbox 3441 519 3580 572; x_wconf 80' lang='grc' dir='ltr'>παρ⁴</span> 
     </span>
    </p>
   </div>
   <div class='ocr_carea' id='block_1_45' title="bbox 1999 579 3583 655">
    <p class='ocr_par' dir='ltr' id='par_1_45' title="bbox 1999 579 3583 655">
     <span class='ocr_line' id='line_1_45' title="bbox 1999 579 3583 655; baseline 0.004 -23"><span class='ocrx_word' id='word_1_346' title='bbox 1999 579 2158 644; x_wconf 90' lang='grc' dir='ltr'>όντας</span> <span class='ocrx_word' id='word_1_347' title='bbox 2197 581 2479 645; x_wconf 85' lang='grc' dir='ltr'>ἀπίστους.</span> <span class='ocrx_word' id='word_1_348' title='bbox 2512 581 2653 651; x_wconf 86' lang='grc' dir='ltr'>Ἐγὼ</span> <span class='ocrx_word' id='word_1_349' title='bbox 2681 582 2812 654; x_wconf 84' lang='grc' dir='ltr'>γὰρ,</span> <span class='ocrx_word' id='word_1_350' title='bbox 2852 583 2946 636; x_wconf 87' lang='grc' dir='ltr'>ἐὰν</span> <span class='ocrx_word' id='word_1_351' title='bbox 2993 583 3067 654; x_wconf 86' lang='grc' dir='ltr'>μὴ</span> <span class='ocrx_word' id='word_1_352' title='bbox 3101 584 3450 655; x_wconf 89' lang='grc' dir='ltr'>προσταχθῶ,</span> <span class='ocrx_word' id='word_1_353' title='bbox 3481 587 3583 639; x_wconf 89' lang='grc' dir='ltr'>οὐκ</span> 
     </span>
    </p>
   </div>
   <div class='ocr_carea' id='block_1_46' title="bbox 1999 662 3583 737">
    <p class='ocr_par' dir='ltr' id='par_1_46' title="bbox 1999 662 3583 737">
     <span class='ocr_line' id='line_1_46' title="bbox 1999 662 3583 737; baseline 0.003 -21"><span class='ocrx_word' id='word_1_354' title='bbox 1999 662 2222 716; x_wconf 86' lang='grc' dir='ltr'>ἀπολύω</span> <span class='ocrx_word' id='word_1_355' title='bbox 2250 663 2341 717; x_wconf 81' lang='grc' dir='ltr'>τὸν</span> <span class='ocrx_word' id='word_1_356' title='bbox 2385 664 2724 718; x_wconf 82' lang='grc' dir='ltr'>ὑπεύθυνον·</span> <span class='ocrx_word' id='word_1_357' title='bbox 2784 666 3036 736; x_wconf 87' lang='grc' dir='ltr'>ἀναμένω</span> <span class='ocrx_word' id='word_1_358' title='bbox 3080 665 3178 736; x_wconf 85' lang='grc' dir='ltr'>τὴν</span> <span class='ocrx_word' id='word_1_359' title='bbox 3229 668 3452 737; x_wconf 78' lang='grc' dir='ltr'>φωνὴν,</span> <span class='ocrx_word' id='word_1_360' title='bbox 3495 669 3583 722; x_wconf 81' lang='grc' dir='ltr'>ἵνα</span> 
     </span>
    </p>
   </div>
   <div class='ocr_carea' id='block_1_47' title="bbox 1999 745 3582 818">
    <p class='ocr_par' dir='ltr' id='par_1_47' title="bbox 1999 745 3582 818">
     <span class='ocr_line' id='line_1_47' title="bbox 1999 745 3582 818; baseline 0.004 -21"><span class='ocrx_word' id='word_1_361' title='bbox 1999 745 2258 799; x_wconf 88' lang='grc' dir='ltr'>ἀπολύσω</span> <span class='ocrx_word' id='word_1_362' title='bbox 2295 747 2394 818; x_wconf 81' lang='grc' dir='ltr'>τὴν</span> <span class='ocrx_word' id='word_1_363' title='bbox 2422 746 2619 818; x_wconf 79' lang='grc' dir='ltr'>ψυχήν.</span> <span class='ocrx_word' id='word_1_364' title='bbox 2655 747 2904 817; x_wconf 79' lang='grc' dir='ltr'>Λάζαρε,</span> <span class='ocrx_word' id='word_1_365' title='bbox 2944 749 3121 817; x_wconf 77' lang='grc' dir='ltr'>δεῦρο</span> <span class='ocrx_word' id='word_1_366' title='bbox 3167 749 3302 814; x_wconf 80' lang='grc' dir='ltr'>ἔξω.</span> <span class='ocrx_word' id='word_1_367' title='bbox 3345 751 3582 804; x_wconf 75' lang='grc' dir='ltr'>Ἤκουσε</span> 
     </span>
    </p>
   </div>
   <div class='ocr_carea' id='block_1_48' title="bbox 1999 827 3583 904">
    <p class='ocr_par' dir='ltr' id='par_1_48' title="bbox 1999 827 3583 904">
     <span class='ocr_line' id='line_1_48' title="bbox 1999 827 3583 904; baseline 0.004 -24"><span class='ocrx_word' id='word_1_368' title='bbox 1999 827 2092 881; x_wconf 79' lang='grc' dir='ltr'>τοῦ</span> <span class='ocrx_word' id='word_1_369' title='bbox 2121 829 2442 883; x_wconf 85' lang='grc' dir='ltr'>δεσποτικοῦ</span> <span class='ocrx_word' id='word_1_370' title='bbox 2479 830 2908 900; x_wconf 88' lang='grc' dir='ltr'>προστάγματος</span> <span class='ocrx_word' id='word_1_371' title='bbox 2952 834 2980 884; x_wconf 90' lang='lat'>6</span> <span class='ocrx_word' id='word_1_372' title='bbox 3011 831 3224 904; x_wconf 84' lang='grc' dir='ltr'>νεκρὸς,</span> <span class='ocrx_word' id='word_1_373' title='bbox 3255 833 3349 886; x_wconf 76' lang='grc' dir='ltr'>καὶ</span> <span class='ocrx_word' id='word_1_374' title='bbox 3380 832 3583 897; x_wconf 88' lang='grc' dir='ltr'>εὐθέως</span> 
     </span>
    </p>
   </div>
   <div class='ocr_carea' id='block_1_49' title="bbox 1999 910 3582 984">
    <p class='ocr_par' dir='ltr' id='par_1_49' title="bbox 1999 910 3582 984">
     <span class='ocr_line' id='line_1_49' title="bbox 1999 910 3582 984; baseline 0.001 -20"><span class='ocrx_word' id='word_1_375' title='bbox 1999 910 2094 964; x_wconf 79' lang='grc' dir='ltr'>τοῦ</span> <span class='ocrx_word' id='word_1_376' title='bbox 2126 911 2355 965; x_wconf 88' lang='grc' dir='ltr'>θανάτου</span> <span class='ocrx_word' id='word_1_377' title='bbox 2383 912 2509 976; x_wconf 82' lang='grc' dir='ltr'>τοὺς</span> <span class='ocrx_word' id='word_1_378' title='bbox 2537 911 2734 982; x_wconf 86' lang='grc' dir='ltr'>νόμους</span> <span class='ocrx_word' id='word_1_379' title='bbox 2765 913 3090 984; x_wconf 79' lang='grc' dir='ltr'>παρέλυσεν.</span> <span class='ocrx_word' id='word_1_380' title='bbox 3129 913 3582 984; x_wconf 81' lang='grc' dir='ltr'>Αίσχυνέσθωσαν</span> 
     </span>
    </p>
   </div>
   <div class='ocr_carea' id='block_1_50' title="bbox 2000 995 3588 1068">
    <p class='ocr_par' dir='ltr' id='par_1_50' title="bbox 2000 995 3588 1068">
     <span class='ocr_line' id='line_1_50' title="bbox 2000 995 3588 1068; baseline 0.001 -21"><span class='ocrx_word' id='word_1_381' title='bbox 2000 997 2050 1048; x_wconf 88' lang='grc' dir='ltr'>οί</span> <span class='ocrx_word' id='word_1_382' title='bbox 2089 995 2394 1065; x_wconf 74' lang='grc' dir='ltr'>αἱρετικοὶ,</span> <span class='ocrx_word' id='word_1_383' title='bbox 2448 995 2546 1047; x_wconf 79' lang='grc' dir='ltr'>καὶ</span> <span class='ocrx_word' id='word_1_384' title='bbox 2593 995 2981 1050; x_wconf 87' lang='grc' dir='ltr'>ἀπολέσθωσαν</span> <span class='ocrx_word' id='word_1_385' title='bbox 3009 996 3116 1049; x_wconf 85' lang='grc' dir='ltr'>ἀπὸ</span> <span class='ocrx_word' id='word_1_386' title='bbox 3160 995 3454 1068; x_wconf 86' lang='grc' dir='ltr'>προσώπου</span> <span class='ocrx_word' id='word_1_387' title='bbox 3485 996 3588 1066; x_wconf 76' lang='grc' dir='ltr'>τῆς</span> 
     </span>
    </p>
   </div>
   <div class='ocr_carea' id='block_1_51' title="bbox 1999 1076 3587 1150">
    <p class='ocr_par' dir='ltr' id='par_1_51' title="bbox 1999 1076 3587 1150">
     <span class='ocr_line' id='line_1_51' title="bbox 1999 1076 3587 1150; baseline -0.001 -17"><span class='ocrx_word' id='word_1_388' title='bbox 1999 1079 2122 1148; x_wconf 82' lang='grc' dir='ltr'>γῆς.</span> <span class='ocrx_word' id='word_1_389' title='bbox 2155 1078 2268 1132; x_wconf 85' lang='lat' dir='ltr'><strong><em>Kal</em></strong></span> <span class='ocrx_word' id='word_1_390' title='bbox 2297 1076 2408 1148; x_wconf 84' lang='grc' dir='ltr'>γὰρ</span> <span class='ocrx_word' id='word_1_391' title='bbox 2438 1077 2718 1142; x_wconf 81' lang='grc' dir='ltr'>ἀπέδειξεν</span> <span class='ocrx_word' id='word_1_392' title='bbox 2743 1080 2772 1131; x_wconf 93' lang='lat'>6</span> <span class='ocrx_word' id='word_1_393' title='bbox 2798 1078 2976 1148; x_wconf 89' lang='grc' dir='ltr'>λόγος,</span> <span class='ocrx_word' id='word_1_394' title='bbox 3018 1080 3102 1132; x_wconf 82' lang='grc' dir='ltr'>ὅτι</span> <span class='ocrx_word' id='word_1_395' title='bbox 3145 1079 3205 1131; x_wconf 90' lang='grc' dir='ltr'>οὐ</span> <span class='ocrx_word' id='word_1_396' title='bbox 3249 1080 3337 1132; x_wconf 86' lang='grc' dir='ltr'>διὰ</span> <span class='ocrx_word' id='word_1_397' title='bbox 3366 1079 3464 1150; x_wconf 82' lang='grc' dir='ltr'>τὴν</span> <span class='ocrx_word' id='word_1_398' title='bbox 3489 1079 3587 1133; x_wconf 83' lang='grc' dir='ltr'>τοῦ</span> 
     </span>
    </p>
   </div>
   <div class='ocr_carea' id='block_1_52' title="bbox 2001 1160 3588 1234">
    <p class='ocr_par' dir='ltr' id='par_1_52' title="bbox 2001 1160 3588 1234">
     <span class='ocr_line' id='line_1_52' title="bbox 2001 1160 3588 1234; baseline 0.002 -20"><span class='ocrx_word' id='word_1_399' title='bbox 2001 1160 2198 1232; x_wconf 87' lang='grc' dir='ltr'>νεκροῦ</span> <span class='ocrx_word' id='word_1_400' title='bbox 2228 1161 2528 1215; x_wconf 84' lang='grc' dir='ltr'>ἀνάστασιν</span> <span class='ocrx_word' id='word_1_401' title='bbox 2554 1161 2780 1230; x_wconf 79' lang='grc' dir='ltr'>γέγονεν</span> <span class='ocrx_word' id='word_1_402' title='bbox 2808 1165 2842 1234; x_wconf 82' lang='grc' dir='ltr'>ὴ</span> <span class='ocrx_word' id='word_1_403' title='bbox 2872 1163 3172 1234; x_wconf 83' lang='grc' dir='ltr'>προσευχὴ,</span> <span class='ocrx_word' id='word_1_404' title='bbox 3203 1163 3342 1218; x_wconf 90' lang='grc' dir='ltr'>ἀλλά</span> <span class='ocrx_word' id='word_1_405' title='bbox 3370 1164 3458 1216; x_wconf 85' lang='grc' dir='ltr'>διὰ</span> <span class='ocrx_word' id='word_1_406' title='bbox 3488 1163 3588 1234; x_wconf 77' lang='grc' dir='ltr'>τὴν</span> 
     </span>
    </p>
   </div>
   <div class='ocr_carea' id='block_1_53' title="bbox 2000 1245 3584 1316">
    <p class='ocr_par' dir='ltr' id='par_1_53' title="bbox 2000 1245 3584 1316">
     <span class='ocr_line' id='line_1_53' title="bbox 2000 1245 3584 1316; baseline 0.003 -18"><span class='ocrx_word' id='word_1_407' title='bbox 2000 1245 2112 1300; x_wconf 87' lang='grc' dir='ltr'>τῶν</span> <span class='ocrx_word' id='word_1_408' title='bbox 2151 1247 2275 1299; x_wconf 86' lang='grc' dir='ltr'>τότε</span> <span class='ocrx_word' id='word_1_409' title='bbox 2335 1245 2622 1316; x_wconf 89' lang='grc' dir='ltr'>παρόντων</span> <span class='ocrx_word' id='word_1_410' title='bbox 2673 1247 2920 1299; x_wconf 89' lang='grc' dir='ltr'>ἀπίστων</span> <span class='ocrx_word' id='word_1_411' title='bbox 2968 1247 3274 1301; x_wconf 88' lang='grc' dir='ltr'>ἀσθένειαν.</span> <span class='ocrx_word' id='word_1_412' title='bbox 3327 1246 3584 1315; x_wconf 84' lang='grc' dir='ltr'>Λάζαρε,</span> 
     </span>
    </p>
   </div>
   <div class='ocr_carea' id='block_1_54' title="bbox 2001 1327 3584 1400">
    <p class='ocr_par' dir='ltr' id='par_1_54' title="bbox 2001 1327 3584 1400">
     <span class='ocr_line' id='line_1_54' title="bbox 2001 1327 3584 1400; baseline 0.001 -19"><span class='ocrx_word' id='word_1_413' title='bbox 2001 1327 2179 1398; x_wconf 81' lang='grc' dir='ltr'>δεῦρο</span> <span class='ocrx_word' id='word_1_414' title='bbox 2209 1328 2346 1393; x_wconf 78' lang='grc' dir='ltr'>ἔξω.</span> <span class='ocrx_word' id='word_1_415' title='bbox 2374 1329 2486 1381; x_wconf 82' lang='grc' dir='ltr'>Καὶ</span> <span class='ocrx_word' id='word_1_416' title='bbox 2507 1328 2594 1382; x_wconf 87' lang='grc' dir='ltr'>διά</span> <span class='ocrx_word' id='word_1_417' title='bbox 2619 1327 2670 1381; x_wconf 90' lang='grc' dir='ltr'>τί</span> <span class='ocrx_word' id='word_1_418' title='bbox 2699 1328 2961 1398; x_wconf 77' lang='grc' dir='ltr'>ὀνομαστὶ</span> <span class='ocrx_word' id='word_1_419' title='bbox 2989 1329 3080 1382; x_wconf 79' lang='grc' dir='ltr'>τὸν</span> <span class='ocrx_word' id='word_1_420' title='bbox 3106 1330 3300 1400; x_wconf 77' lang='grc' dir='ltr'>νεκρὸν</span> <span class='ocrx_word' id='word_1_421' title='bbox 3326 1329 3584 1396; x_wconf 84' lang='grc' dir='ltr'>ἐκάλεσε;</span> 
     </span>
    </p>
   </div>
   <div class='ocr_carea' id='block_1_55' title="bbox 2001 1411 3590 1484">
    <p class='ocr_par' dir='ltr' id='par_1_55' title="bbox 2001 1411 3590 1484">
     <span class='ocr_line' id='line_1_55' title="bbox 2001 1411 3590 1484; baseline 0.002 -20"><span class='ocrx_word' id='word_1_422' title='bbox 2001 1414 2101 1467; x_wconf 88' lang='grc' dir='ltr'>Διά</span> <span class='ocrx_word' id='word_1_423' title='bbox 2128 1412 2219 1478; x_wconf 75' lang='grc' dir='ltr'>τίς</span> <span class='ocrx_word' id='word_1_424' title='bbox 2253 1413 2372 1466; x_wconf 84' lang='grc' dir='ltr'>Ἵνα</span> <span class='ocrx_word' id='word_1_425' title='bbox 2405 1412 2481 1484; x_wconf 83' lang='grc' dir='ltr'>μὴ</span> <span class='ocrx_word' id='word_1_426' title='bbox 2525 1412 2624 1482; x_wconf 84' lang='grc' dir='ltr'>τὴν</span> <span class='ocrx_word' id='word_1_427' title='bbox 2658 1411 2842 1483; x_wconf 84' lang='grc' dir='ltr'>φωνὴν</span> <span class='ocrx_word' id='word_1_428' title='bbox 2885 1412 3296 1484; x_wconf 85' lang='grc' dir='ltr'>ἀπολελυμένην</span> <span class='ocrx_word' id='word_1_429' title='bbox 3335 1415 3416 1476; x_wconf 85' lang='grc' dir='ltr'>είς</span> <span class='ocrx_word' id='word_1_430' title='bbox 3459 1415 3590 1479; x_wconf 82' lang='grc' dir='ltr'>τοὺς</span> 
     </span>
    </p>
   </div>
   <div class='ocr_carea' id='block_1_56' title="bbox 2003 1495 3587 1567">
    <p class='ocr_par' dir='ltr' id='par_1_56' title="bbox 2003 1495 3587 1567">
     <span class='ocr_line' id='line_1_56' title="bbox 2003 1495 3587 1567; baseline 0 -17"><span class='ocrx_word' id='word_1_431' title='bbox 2003 1495 2232 1567; x_wconf 82' lang='grc' dir='ltr'>νεκροὺς</span> <span class='ocrx_word' id='word_1_432' title='bbox 2267 1495 2578 1560; x_wconf 89' lang='grc' dir='ltr'>ἀποτείνας,</span> <span class='ocrx_word' id='word_1_433' title='bbox 2608 1495 2816 1560; x_wconf 85' lang='grc' dir='ltr'>πάντας</span> <span class='ocrx_word' id='word_1_434' title='bbox 2843 1497 2968 1558; x_wconf 83' lang='grc' dir='ltr'>τοὺς</span> <span class='ocrx_word' id='word_1_435' title='bbox 2998 1497 3056 1549; x_wconf 90' lang='grc' dir='ltr'>ἐν</span> <span class='ocrx_word' id='word_1_436' title='bbox 3097 1498 3209 1559; x_wconf 89' lang='grc' dir='ltr'>τοῖς</span> <span class='ocrx_word' id='word_1_437' title='bbox 3232 1496 3423 1564; x_wconf 86' lang='grc' dir='ltr'>τάφοις</span> <span class='ocrx_word' id='word_1_438' title='bbox 3448 1497 3587 1563; x_wconf 85' lang='grc' dir='ltr'>ἐγεί-</span> 
     </span>
    </p>
   </div>
   <div class='ocr_carea' id='block_1_57' title="bbox 2008 1577 3591 1652">
    <p class='ocr_par' dir='ltr' id='par_1_57' title="bbox 2008 1577 3591 1652">
     <span class='ocr_line' id='line_1_57' title="bbox 2008 1577 3591 1652; baseline -0.001 -18"><span class='ocrx_word' id='word_1_439' title='bbox 2008 1595 2106 1652; x_wconf 88' lang='grc' dir='ltr'>ρῃ,</span> <span class='ocrx_word' id='word_1_440' title='bbox 2143 1578 2231 1632; x_wconf 90' lang='grc' dir='ltr'>διά</span> <span class='ocrx_word' id='word_1_441' title='bbox 2272 1579 2430 1633; x_wconf 82' lang='grc' dir='ltr'>τοῦτό</span> <span class='ocrx_word' id='word_1_442' title='bbox 2474 1596 2635 1650; x_wconf 90' lang='grc' dir='ltr'>φησι,</span> <span class='ocrx_word' id='word_1_443' title='bbox 2676 1577 2920 1647; x_wconf 83' lang='grc' dir='ltr'>Λάζαρε,</span> <span class='ocrx_word' id='word_1_444' title='bbox 2953 1579 3130 1647; x_wconf 85' lang='grc' dir='ltr'>δεῦρο</span> <span class='ocrx_word' id='word_1_445' title='bbox 3151 1579 3289 1643; x_wconf 75' lang='grc' dir='ltr'>ἔξω.</span> <span class='ocrx_word' id='word_1_446' title='bbox 3321 1579 3388 1631; x_wconf 86' lang='grc' dir='ltr'><strong>Σὲ</strong></span> <span class='ocrx_word' id='word_1_447' title='bbox 3426 1579 3591 1650; x_wconf 85' lang='grc' dir='ltr'>μόνον</span> 
     </span>
    </p>
   </div>
   <div class='ocr_carea' id='block_1_58' title="bbox 2005 1661 3589 1733">
    <p class='ocr_par' dir='ltr' id='par_1_58' title="bbox 2005 1661 3589 1733">
     <span class='ocr_line' id='line_1_58' title="bbox 2005 1661 3589 1733; baseline 0 -17"><span class='ocrx_word' id='word_1_448' title='bbox 2005 1663 2097 1716; x_wconf 73' lang='grc' dir='ltr'>ἐπὶ</span> <span class='ocrx_word' id='word_1_449' title='bbox 2134 1661 2228 1715; x_wconf 82' lang='grc' dir='ltr'>τοῦ</span> <span class='ocrx_word' id='word_1_450' title='bbox 2262 1662 2530 1733; x_wconf 85' lang='grc' dir='ltr'>παρόντος</span> <span class='ocrx_word' id='word_1_451' title='bbox 2565 1663 2703 1725; x_wconf 87' lang='grc' dir='ltr'>τέως</span> <span class='ocrx_word' id='word_1_452' title='bbox 2751 1661 3130 1732; x_wconf 83' lang='grc' dir='ltr'>ἀνακαλοῦμαι</span> <span class='ocrx_word' id='word_1_453' title='bbox 3157 1663 3338 1732; x_wconf 82' lang='grc' dir='ltr'>δχλου,</span> <span class='ocrx_word' id='word_1_454' title='bbox 3369 1663 3455 1715; x_wconf 85' lang='grc' dir='ltr'>ἵνα</span> <span class='ocrx_word' id='word_1_455' title='bbox 3502 1661 3589 1717; x_wconf 86' lang='grc' dir='ltr'>διά</span> 
     </span>
    </p>
   </div>
   <div class='ocr_carea' id='block_1_59' title="bbox 2001 1745 3586 1818">
    <p class='ocr_par' dir='ltr' id='par_1_59' title="bbox 2001 1745 3586 1818">
     <span class='ocr_line' id='line_1_59' title="bbox 2001 1745 3586 1818; baseline -0.001 -18"><span class='ocrx_word' id='word_1_456' title='bbox 2001 1747 2097 1801; x_wconf 81' lang='grc' dir='ltr'>τοῦ</span> <span class='ocrx_word' id='word_1_457' title='bbox 2125 1747 2326 1818; x_wconf 84' lang='grc' dir='ltr'>μέρους</span> <span class='ocrx_word' id='word_1_458' title='bbox 2352 1748 2444 1800; x_wconf 76' lang='grc' dir='ltr'>καὶ</span> <span class='ocrx_word' id='word_1_459' title='bbox 2469 1746 2567 1816; x_wconf 81' lang='grc' dir='ltr'>τὴν</span> <span class='ocrx_word' id='word_1_460' title='bbox 2596 1745 2705 1798; x_wconf 88' lang='grc' dir='ltr'>τῶν</span> <span class='ocrx_word' id='word_1_461' title='bbox 2731 1746 3034 1815; x_wconf 86' lang='grc' dir='ltr'>μελλόντων</span> <span class='ocrx_word' id='word_1_462' title='bbox 3059 1745 3307 1810; x_wconf 79' lang='grc' dir='ltr'>ἐπιδείξω</span> <span class='ocrx_word' id='word_1_463' title='bbox 3331 1745 3586 1817; x_wconf 90' lang='grc' dir='ltr'>δύναμιν·</span> 
     </span>
    </p>
   </div>
   <div class='ocr_carea' id='block_1_60' title="bbox 2001 1827 3589 1901">
    <p class='ocr_par' dir='ltr' id='par_1_60' title="bbox 2001 1827 3589 1901">
     <span class='ocr_line' id='line_1_60' title="bbox 2001 1827 3589 1901; baseline -0.003 -17"><span class='ocrx_word' id='word_1_464' title='bbox 2001 1833 2031 1884; x_wconf 89' lang='lat'>6</span> <span class='ocrx_word' id='word_1_465' title='bbox 2086 1831 2196 1901; x_wconf 75' lang='grc' dir='ltr'>γάρ</span> <span class='ocrx_word' id='word_1_466' title='bbox 2250 1829 2345 1882; x_wconf 75' lang='grc' dir='ltr'>ἕνα</span> <span class='ocrx_word' id='word_1_467' title='bbox 2393 1831 2613 1899; x_wconf 70' lang='grc' dir='ltr'>ἐγείρας</span> <span class='ocrx_word' id='word_1_468' title='bbox 2667 1827 2816 1896; x_wconf 87' lang='grc' dir='ltr'>ἐγὼ,</span> <span class='ocrx_word' id='word_1_469' title='bbox 2851 1827 2947 1898; x_wconf 82' lang='grc' dir='ltr'>τὴν</span> <span class='ocrx_word' id='word_1_470' title='bbox 2977 1829 3302 1899; x_wconf 88' lang='grc' dir='ltr'>οίκουμένην</span> <span class='ocrx_word' id='word_1_471' title='bbox 3351 1829 3589 1881; x_wconf 81' lang='grc' dir='ltr'>ἀνιστῶο</span> 
     </span>
    </p>
   </div>
   <div class='ocr_carea' id='block_1_61' title="bbox 2016 1910 3588 1983">
    <p class='ocr_par' dir='ltr' id='par_1_61' title="bbox 2016 1910 3588 1983">
     <span class='ocr_line' id='line_1_61' title="bbox 2016 1910 3588 1983; baseline -0.001 -17"><span class='ocrx_word' id='word_1_472' title='bbox 2016 1913 2165 1983; x_wconf 79' lang='grc' dir='ltr'>Ἐγὼ</span> <span class='ocrx_word' id='word_1_473' title='bbox 2202 1913 2311 1983; x_wconf 87' lang='grc' dir='ltr'>γάρ</span> <span class='ocrx_word' id='word_1_474' title='bbox 2338 1914 2454 1980; x_wconf 82' lang='grc' dir='ltr'>ειμι</span> <span class='ocrx_word' id='word_1_475' title='bbox 2485 1913 2522 1978; x_wconf 78' lang='grc' dir='ltr'>ἠ</span> <span class='ocrx_word' id='word_1_476' title='bbox 2568 1910 2908 1976; x_wconf 82' lang='grc' dir='ltr'>ἀνάστασις</span> <span class='ocrx_word' id='word_1_477' title='bbox 2941 1912 3038 1964; x_wconf 78' lang='grc' dir='ltr'>καὶ</span> <span class='ocrx_word' id='word_1_478' title='bbox 3072 1913 3109 1978; x_wconf 75' lang='grc' dir='ltr'><strong><em>ἠ</em></strong></span> <span class='ocrx_word' id='word_1_479' title='bbox 3161 1910 3294 1977; x_wconf 84' lang='grc' dir='ltr'>ζωή.</span> <span class='ocrx_word' id='word_1_480' title='bbox 3343 1910 3588 1979; x_wconf 87' lang='grc' dir='ltr'>Λάζαρε,</span> 
     </span>
    </p>
   </div>
   <div class='ocr_carea' id='block_1_62' title="bbox 2002 1992 3588 2065">
    <p class='ocr_par' dir='ltr' id='par_1_62' title="bbox 2002 1992 3588 2065">
     <span class='ocr_line' id='line_1_62' title="bbox 2002 1992 3588 2065; baseline -0.001 -15"><span class='ocrx_word' id='word_1_481' title='bbox 2002 1996 2182 2064; x_wconf 81' lang='grc' dir='ltr'>δεῦρο</span> <span class='ocrx_word' id='word_1_482' title='bbox 2208 1995 2346 2059; x_wconf 78' lang='grc' dir='ltr'>ἔξω.</span> <span class='ocrx_word' id='word_1_483' title='bbox 2372 1994 2482 2046; x_wconf 84' lang='lat' dir='ltr'><strong><em>Kal</em></strong></span> <span class='ocrx_word' id='word_1_484' title='bbox 2511 1992 2732 2065; x_wconf 82' lang='grc' dir='ltr'>ἐξῆλθεν</span> <span class='ocrx_word' id='word_1_485' title='bbox 2753 1995 2780 2046; x_wconf 89' lang='lat'>6</span> <span class='ocrx_word' id='word_1_486' title='bbox 2809 1993 3002 2064; x_wconf 80' lang='grc' dir='ltr'>νεκρὸς</span> <span class='ocrx_word' id='word_1_487' title='bbox 3029 1993 3309 2063; x_wconf 87' lang='grc' dir='ltr'>δεδεμένος</span> <span class='ocrx_word' id='word_1_488' title='bbox 3333 1996 3588 2065; x_wconf 84' lang='grc' dir='ltr'>κειρίαις.</span> 
     </span>
    </p>
   </div>
   <div class='ocr_carea' id='block_1_63' title="bbox 2007 2075 3593 2148">
    <p class='ocr_par' dir='ltr' id='par_1_63' title="bbox 2007 2075 3593 2148">
     <span class='ocr_line' id='line_1_63' title="bbox 2007 2075 3593 2148; baseline -0.001 -16"><span class='ocrx_word' id='word_1_489' title='bbox 2007 2081 2072 2132; x_wconf 84' lang='grc' dir='ltr'><strong><em>Ὦ</em></strong></span> <span class='ocrx_word' id='word_1_490' title='bbox 2105 2079 2212 2132; x_wconf 89' lang='grc' dir='ltr'>τῶν</span> <span class='ocrx_word' id='word_1_491' title='bbox 2250 2076 2570 2148; x_wconf 84' lang='grc' dir='ltr'>παραδόξων</span> <span class='ocrx_word' id='word_1_492' title='bbox 2613 2078 2983 2148; x_wconf 84' lang='grc' dir='ltr'>πραγμάτων·</span> <span class='ocrx_word' id='word_1_493' title='bbox 3020 2075 3172 2148; x_wconf 72' lang='grc'>[529]</span> <span class='ocrx_word' id='word_1_494' title='bbox 3219 2078 3247 2128; x_wconf 92' lang='lat'>6</span> <span class='ocrx_word' id='word_1_495' title='bbox 3283 2077 3382 2148; x_wconf 86' lang='grc' dir='ltr'>τὴν</span> <span class='ocrx_word' id='word_1_496' title='bbox 3413 2078 3593 2148; x_wconf 74' lang='grc' dir='ltr'>ψυχὴν</span> 
     </span>
    </p>
   </div>
   <div class='ocr_carea' id='block_1_64' title="bbox 2004 2159 3590 2232">
    <p class='ocr_par' dir='ltr' id='par_1_64' title="bbox 2004 2159 3590 2232">
     <span class='ocr_line' id='line_1_64' title="bbox 2004 2159 3590 2232; baseline -0.003 -15"><span class='ocrx_word' id='word_1_497' title='bbox 2004 2165 2069 2217; x_wconf 88' lang='grc' dir='ltr'>ἐκ</span> <span class='ocrx_word' id='word_1_498' title='bbox 2098 2163 2206 2216; x_wconf 90' lang='grc' dir='ltr'>τῶν</span> <span class='ocrx_word' id='word_1_499' title='bbox 2237 2161 2453 2232; x_wconf 86' lang='grc' dir='ltr'>δεσμῶν</span> <span class='ocrx_word' id='word_1_500' title='bbox 2494 2159 2590 2213; x_wconf 84' lang='grc' dir='ltr'>τοῦ</span> <span class='ocrx_word' id='word_1_501' title='bbox 2619 2159 2850 2214; x_wconf 85' lang='grc' dir='ltr'>θανάτου</span> <span class='ocrx_word' id='word_1_502' title='bbox 2880 2159 3067 2225; x_wconf 80' lang='grc' dir='ltr'>λύσας,</span> <span class='ocrx_word' id='word_1_503' title='bbox 3102 2163 3131 2212; x_wconf 90' lang='lat'>6</span> <span class='ocrx_word' id='word_1_504' title='bbox 3165 2159 3262 2222; x_wconf 88' lang='grc' dir='ltr'>τάς</span> <span class='ocrx_word' id='word_1_505' title='bbox 3292 2160 3465 2223; x_wconf 88' lang='grc' dir='ltr'>πύλας</span> <span class='ocrx_word' id='word_1_506' title='bbox 3494 2159 3590 2213; x_wconf 81' lang='grc' dir='ltr'>τοῦ</span> 
     </span>
    </p>
   </div>
   <div class='ocr_carea' id='block_1_65' title="bbox 2004 2241 3594 2318">
    <p class='ocr_par' dir='ltr' id='par_1_65' title="bbox 2004 2241 3594 2318">
     <span class='ocr_line' id='line_1_65' title="bbox 2004 2241 3594 2318; baseline -0.003 -19"><span class='ocrx_word' id='word_1_507' title='bbox 2004 2246 2131 2318; x_wconf 73' lang='grc' dir='ltr'>ᾅδου</span> <span class='ocrx_word' id='word_1_508' title='bbox 2161 2243 2483 2316; x_wconf 74' lang='grc' dir='ltr'>διαρρήξας,</span> <span class='ocrx_word' id='word_1_509' title='bbox 2511 2245 2539 2296; x_wconf 90' lang='lat'>6</span> <span class='ocrx_word' id='word_1_510' title='bbox 2570 2243 2747 2306; x_wconf 88' lang='grc' dir='ltr'>πύλας</span> <span class='ocrx_word' id='word_1_511' title='bbox 2779 2243 2988 2313; x_wconf 81' lang='grc' dir='ltr'>χαλκᾶς</span> <span class='ocrx_word' id='word_1_512' title='bbox 3034 2241 3129 2294; x_wconf 68' lang='grc' dir='ltr'>καὶ</span> <span class='ocrx_word' id='word_1_513' title='bbox 3180 2242 3412 2312; x_wconf 82' lang='grc' dir='ltr'>μοχλοὺς</span> <span class='ocrx_word' id='word_1_514' title='bbox 3445 2244 3594 2315; x_wconf 88' lang='grc' dir='ltr'>σιδη-</span> 
     </span>
    </p>
   </div>
   <div class='ocr_carea' id='block_1_66' title="bbox 2005 2325 3591 2402">
    <p class='ocr_par' dir='ltr' id='par_1_66' title="bbox 2005 2325 3591 2402">
     <span class='ocr_line' id='line_1_66' title="bbox 2005 2325 3591 2402; baseline -0.001 -18"><span class='ocrx_word' id='word_1_515' title='bbox 2005 2329 2134 2402; x_wconf 81' lang='grc' dir='ltr'>ροῦς</span> <span class='ocrx_word' id='word_1_516' title='bbox 2166 2329 2496 2400; x_wconf 75' lang='grc' dir='ltr'>συντρίψας,</span> <span class='ocrx_word' id='word_1_517' title='bbox 2537 2328 2634 2382; x_wconf 56' lang='grc' dir='ltr'>καὶ⁵</span> <span class='ocrx_word' id='word_1_518' title='bbox 2661 2327 2760 2399; x_wconf 82' lang='grc' dir='ltr'>τὴν</span> <span class='ocrx_word' id='word_1_519' title='bbox 2785 2327 2962 2397; x_wconf 71' lang='grc' dir='ltr'>ψυχὴν</span> <span class='ocrx_word' id='word_1_520' title='bbox 3003 2327 3068 2380; x_wconf 85' lang='grc' dir='ltr'>ἐκ</span> <span class='ocrx_word' id='word_1_521' title='bbox 3099 2325 3211 2378; x_wconf 89' lang='grc' dir='ltr'>τῶν</span> <span class='ocrx_word' id='word_1_522' title='bbox 3241 2325 3456 2396; x_wconf 84' lang='grc' dir='ltr'>δεσμῶν</span> <span class='ocrx_word' id='word_1_523' title='bbox 3495 2325 3591 2382; x_wconf 79' lang='grc' dir='ltr'>τοῦ</span> 
     </span>
    </p>
   </div>
   <div class='ocr_carea' id='block_1_67' title="bbox 2004 2410 3596 2484">
    <p class='ocr_par' dir='ltr' id='par_1_67' title="bbox 2004 2410 3596 2484">
     <span class='ocr_line' id='line_1_67' title="bbox 2004 2410 3596 2484; baseline -0.004 -15"><span class='ocrx_word' id='word_1_524' title='bbox 2004 2416 2236 2470; x_wconf 78' lang='grc' dir='ltr'>θανάτου</span> <span class='ocrx_word' id='word_1_525' title='bbox 2270 2413 2664 2484; x_wconf 75' lang='grc' dir='ltr'>ἐλευθερώσας,</span> <span class='ocrx_word' id='word_1_526' title='bbox 2700 2413 2800 2465; x_wconf 91' lang='grc' dir='ltr'>οὐκ</span> <span class='ocrx_word' id='word_1_527' title='bbox 2843 2411 3074 2481; x_wconf 68' lang='grc' dir='ltr'>ἠδύνατο</span> <span class='ocrx_word' id='word_1_528' title='bbox 3106 2411 3202 2464; x_wconf 76' lang='grc' dir='ltr'>καὶ</span> <span class='ocrx_word' id='word_1_529' title='bbox 3245 2410 3346 2473; x_wconf 89' lang='grc' dir='ltr'>τάς</span> <span class='ocrx_word' id='word_1_530' title='bbox 3383 2412 3596 2481; x_wconf 82' lang='grc' dir='ltr'>κειρίας</span> 
     </span>
    </p>
   </div>
   <div class='ocr_carea' id='block_1_68' title="bbox 2004 2493 3596 2568">
    <p class='ocr_par' dir='ltr' id='par_1_68' title="bbox 2004 2493 3596 2568">
     <span class='ocr_line' id='line_1_68' title="bbox 2004 2493 3596 2568; baseline -0.004 -16"><span class='ocrx_word' id='word_1_531' title='bbox 2004 2499 2164 2552; x_wconf 79' lang='grc' dir='ltr'>λῦσαι</span> <span class='ocrx_word' id='word_1_532' title='bbox 2189 2496 2284 2552; x_wconf 78' lang='grc' dir='ltr'>τοῦ</span> <span class='ocrx_word' id='word_1_533' title='bbox 2332 2497 2559 2568; x_wconf 82' lang='grc' dir='ltr'>νεκροῦ;</span> <span class='ocrx_word' id='word_1_534' title='bbox 2591 2496 2718 2563; x_wconf 87' lang='lat' dir='ltr'><strong><em>Nal,</em></strong></span> <span class='ocrx_word' id='word_1_535' title='bbox 2751 2493 3011 2565; x_wconf 72' lang='grc' dir='ltr'>ἠδύνατο·</span> <span class='ocrx_word' id='word_1_536' title='bbox 3045 2493 3182 2547; x_wconf 88' lang='grc' dir='ltr'>ἀλλά</span> <span class='ocrx_word' id='word_1_537' title='bbox 3221 2495 3438 2547; x_wconf 87' lang='grc' dir='ltr'>κελεύει</span> <span class='ocrx_word' id='word_1_538' title='bbox 3479 2497 3596 2558; x_wconf 87' lang='grc' dir='ltr'>τοῖς</span> 
     </span>
    </p>
   </div>
   <div class='ocr_carea' id='block_1_69' title="bbox 2017 2578 3594 2652">
    <p class='ocr_par' dir='ltr' id='par_1_69' title="bbox 2017 2578 3594 2652">
     <span class='ocr_line' id='line_1_69' title="bbox 2017 2578 3594 2652; baseline -0.002 -16"><span class='ocrx_word' id='word_1_539' title='bbox 2017 2581 2291 2646; x_wconf 80' lang='grc' dir='ltr'>Ἰουδαίοις</span> <span class='ocrx_word' id='word_1_540' title='bbox 2325 2581 2486 2634; x_wconf 81' lang='grc' dir='ltr'>λῦσαι</span> <span class='ocrx_word' id='word_1_541' title='bbox 2519 2579 2621 2643; x_wconf 84' lang='grc' dir='ltr'>τὰς</span> <span class='ocrx_word' id='word_1_542' title='bbox 2649 2579 2882 2652; x_wconf 87' lang='grc' dir='ltr'>κειρίας,</span> <span class='ocrx_word' id='word_1_543' title='bbox 2912 2578 2979 2642; x_wconf 83' lang='grc' dir='ltr'>ἀς</span> <span class='ocrx_word' id='word_1_544' title='bbox 3019 2578 3173 2632; x_wconf 76' lang='grc' dir='ltr'>αὐτοὶ</span> <span class='ocrx_word' id='word_1_545' title='bbox 3215 2578 3476 2650; x_wconf 88' lang='grc' dir='ltr'>πρότερον</span> <span class='ocrx_word' id='word_1_546' title='bbox 3503 2580 3594 2633; x_wconf 64' lang='lat' dir='ltr'>tv-</span> 
     </span>
    </p>
   </div>
   <div class='ocr_carea' id='block_1_70' title="bbox 2003 2662 3597 2736">
    <p class='ocr_par' dir='ltr' id='par_1_70' title="bbox 2003 2662 3597 2736">
     <span class='ocr_line' id='line_1_70' title="bbox 2003 2662 3597 2736; baseline -0.003 -16"><span class='ocrx_word' id='word_1_547' title='bbox 2003 2666 2359 2736; x_wconf 83' lang='grc' dir='ltr'>ταφιάζοντες</span> <span class='ocrx_word' id='word_1_548' title='bbox 2393 2664 2679 2734; x_wconf 80' lang='grc' dir='ltr'>έσφιγξαν,</span> <span class='ocrx_word' id='word_1_549' title='bbox 2712 2664 2798 2717; x_wconf 84' lang='grc' dir='ltr'>ἴνα</span> <span class='ocrx_word' id='word_1_550' title='bbox 2835 2663 2944 2718; x_wconf 89' lang='grc' dir='ltr'>τῶν</span> <span class='ocrx_word' id='word_1_551' title='bbox 2983 2663 3198 2716; x_wconf 89' lang='grc' dir='ltr'>οίκείων</span> <span class='ocrx_word' id='word_1_552' title='bbox 3231 2662 3448 2732; x_wconf 86' lang='grc' dir='ltr'>δεσμῶν</span> <span class='ocrx_word' id='word_1_553' title='bbox 3476 2665 3597 2716; x_wconf 79' lang='grc' dir='ltr'>ἐπι-</span> 
     </span>
    </p>
   </div>
   <div class='ocr_carea' id='block_1_71' title="bbox 2004 2745 3598 2819">
    <p class='ocr_par' dir='ltr' id='par_1_71' title="bbox 2004 2745 3598 2819">
     <span class='ocr_line' id='line_1_71' title="bbox 2004 2745 3598 2819; baseline -0.003 -16"><span class='ocrx_word' id='word_1_554' title='bbox 2004 2749 2256 2818; x_wconf 89' lang='grc' dir='ltr'>γνώσωσι</span> <span class='ocrx_word' id='word_1_555' title='bbox 2286 2749 2354 2802; x_wconf 88' lang='grc' dir='ltr'>τά</span> <span class='ocrx_word' id='word_1_556' title='bbox 2382 2748 2763 2819; x_wconf 87' lang='grc' dir='ltr'>γνωρίσματα,</span> <span class='ocrx_word' id='word_1_557' title='bbox 2793 2747 2881 2800; x_wconf 80' lang='grc' dir='ltr'>ἵνα</span> <span class='ocrx_word' id='word_1_558' title='bbox 2928 2749 2992 2816; x_wconf 82' lang='grc' dir='ltr'>τῇ</span> <span class='ocrx_word' id='word_1_559' title='bbox 3042 2746 3206 2817; x_wconf 82' lang='grc' dir='ltr'>πείρᾳ</span> <span class='ocrx_word' id='word_1_560' title='bbox 3239 2745 3501 2815; x_wconf 84' lang='grc' dir='ltr'>μάθωσιν,</span> <span class='ocrx_word' id='word_1_561' title='bbox 3536 2745 3598 2814; x_wconf 84' lang='grc' dir='ltr'>ἐξ</span> 
     </span>
    </p>
   </div>
   <div class='ocr_carea' id='block_1_72' title="bbox 2005 2829 3599 2902">
    <p class='ocr_par' dir='ltr' id='par_1_72' title="bbox 2005 2829 3599 2902">
     <span class='ocr_line' id='line_1_72' title="bbox 2005 2829 3599 2902; baseline -0.001 -16"><span class='ocrx_word' id='word_1_562' title='bbox 2005 2829 2079 2886; x_wconf 83' lang='grc' dir='ltr'>ὦν</span> <span class='ocrx_word' id='word_1_563' title='bbox 2108 2833 2371 2902; x_wconf 76' lang='grc' dir='ltr'>ἔπραξαν,</span> <span class='ocrx_word' id='word_1_564' title='bbox 2401 2834 2482 2886; x_wconf 85' lang='grc' dir='ltr'>ὃτι</span> <span class='ocrx_word' id='word_1_565' title='bbox 2535 2832 2787 2901; x_wconf 83' lang='grc' dir='ltr'>Λάζαρός</span> <span class='ocrx_word' id='word_1_566' title='bbox 2814 2833 2962 2884; x_wconf 89' lang='grc' dir='ltr'>ἐστιν</span> <span class='ocrx_word' id='word_1_567' title='bbox 2991 2831 3020 2882; x_wconf 93' lang='lat'>6</span> <span class='ocrx_word' id='word_1_568' title='bbox 3061 2831 3195 2902; x_wconf 87' lang='grc' dir='ltr'>παρ’</span> <span class='ocrx_word' id='word_1_569' title='bbox 3227 2829 3406 2883; x_wconf 88' lang='grc' dir='ltr'>αὐτῶν</span> <span class='ocrx_word' id='word_1_570' title='bbox 3445 2833 3599 2884; x_wconf 84' lang='grc' dir='ltr'>ἐντα-</span> 
     </span>
    </p>
   </div>
   <div class='ocr_carea' id='block_1_73' title="bbox 2007 2914 3596 2988">
    <p class='ocr_par' dir='ltr' id='par_1_73' title="bbox 2007 2914 3596 2988">
     <span class='ocr_line' id='line_1_73' title="bbox 2007 2914 3596 2988; baseline -0.003 -16"><span class='ocrx_word' id='word_1_571' title='bbox 2007 2918 2261 2988; x_wconf 79' lang='grc' dir='ltr'>φιασθεὶς</span> <span class='ocrx_word' id='word_1_572' title='bbox 2285 2931 2334 2981; x_wconf 72' lang='grc'>⁸,</span> <span class='ocrx_word' id='word_1_573' title='bbox 2377 2919 2471 2970; x_wconf 72' lang='grc' dir='ltr'>καὶ</span> <span class='ocrx_word' id='word_1_574' title='bbox 2514 2915 2752 2988; x_wconf 77' lang='grc' dir='ltr'>Χριστός</span> <span class='ocrx_word' id='word_1_575' title='bbox 2786 2917 2934 2968; x_wconf 88' lang='grc' dir='ltr'>ἐστιν</span> <span class='ocrx_word' id='word_1_576' title='bbox 2965 2917 2994 2968; x_wconf 90' lang='lat'>6</span> <span class='ocrx_word' id='word_1_577' title='bbox 3037 2917 3158 2967; x_wconf 87' lang='grc' dir='ltr'>κατ’</span> <span class='ocrx_word' id='word_1_578' title='bbox 3208 2914 3458 2968; x_wconf 82' lang='grc' dir='ltr'>εὐδοκίαν</span> <span class='ocrx_word' id='word_1_579' title='bbox 3499 2914 3596 2968; x_wconf 78' lang='grc' dir='ltr'>τοῦ</span> 
     </span>
    </p>
   </div>
   <div class='ocr_carea' id='block_1_74' title="bbox 2007 2997 3598 3074">
    <p class='ocr_par' dir='ltr' id='par_1_74' title="bbox 2007 2997 3598 3074">
     <span class='ocr_line' id='line_1_74' title="bbox 2007 2997 3598 3074; baseline -0.004 -18"><span class='ocrx_word' id='word_1_580' title='bbox 2007 3002 2220 3074; x_wconf 85' lang='grc' dir='ltr'>Πατρὸς</span> <span class='ocrx_word' id='word_1_581' title='bbox 2248 2999 2694 3071; x_wconf 88' lang='grc' dir='ltr'>παραγενόμενος</span> <span class='ocrx_word' id='word_1_582' title='bbox 2743 2999 2824 3059; x_wconf 85' lang='grc' dir='ltr'>εἰς</span> <span class='ocrx_word' id='word_1_583' title='bbox 2872 2997 2961 3051; x_wconf 84' lang='grc' dir='ltr'>τὸν</span> <span class='ocrx_word' id='word_1_584' title='bbox 3002 2997 3226 3067; x_wconf 90' lang='grc' dir='ltr'>κόσμον,</span> <span class='ocrx_word' id='word_1_585' title='bbox 3259 2999 3287 3049; x_wconf 90' lang='lat'>6</span> <span class='ocrx_word' id='word_1_586' title='bbox 3331 2997 3474 3068; x_wconf 81' lang='grc' dir='ltr'>ζωῆς</span> <span class='ocrx_word' id='word_1_587' title='bbox 3506 2999 3598 3050; x_wconf 71' lang='grc' dir='ltr'>καὶ</span> 
     </span>
    </p>
   </div>
   <div class='ocr_carea' id='block_1_75' title="bbox 2008 3078 3598 3155">
    <p class='ocr_par' dir='ltr' id='par_1_75' title="bbox 2008 3078 3598 3155">
     <span class='ocr_line' id='line_1_75' title="bbox 2008 3078 3598 3155; baseline -0.004 -17"><span class='ocrx_word' id='word_1_588' title='bbox 2008 3085 2243 3138; x_wconf 85' lang='grc' dir='ltr'>θανάτου</span> <span class='ocrx_word' id='word_1_589' title='bbox 2287 3085 2386 3155; x_wconf 80' lang='grc' dir='ltr'>τὴν</span> <span class='ocrx_word' id='word_1_590' title='bbox 2433 3082 2682 3146; x_wconf 81' lang='grc' dir='ltr'>ἐξουσίαν</span> <span class='ocrx_word' id='word_1_591' title='bbox 2735 3081 2895 3151; x_wconf 78' lang='grc' dir='ltr'>ἔχων.</span> <span class='ocrx_word' id='word_1_592' title='bbox 2950 3078 3110 3148; x_wconf 83' lang='grc' dir='ltr'>Αὐτῷ</span> <span class='ocrx_word' id='word_1_593' title='bbox 3146 3081 3179 3148; x_wconf 80' lang='grc' dir='ltr'><strong>ἡ</strong></span> <span class='ocrx_word' id='word_1_594' title='bbox 3228 3078 3358 3144; x_wconf 88' lang='grc' dir='ltr'>δόξα</span> <span class='ocrx_word' id='word_1_595' title='bbox 3410 3079 3598 3132; x_wconf 78' lang='grc' dir='ltr'>καὶτὸ</span> 
     </span>
    </p>
   </div>
   <div class='ocr_carea' id='block_1_76' title="bbox 2008 3161 3600 3240">
    <p class='ocr_par' dir='ltr' id='par_1_76' title="bbox 2008 3161 3600 3240">
     <span class='ocr_line' id='line_1_76' title="bbox 2008 3161 3600 3240; baseline -0.005 -18"><span class='ocrx_word' id='word_1_596' title='bbox 2008 3171 2209 3240; x_wconf 87' lang='grc' dir='ltr'>κράτος</span> <span class='ocrx_word' id='word_1_597' title='bbox 2258 3170 2354 3221; x_wconf 84' lang='grc' dir='ltr'>σὺν</span> <span class='ocrx_word' id='word_1_598' title='bbox 2387 3167 2462 3236; x_wconf 81' lang='grc' dir='ltr'>τῷ</span> <span class='ocrx_word' id='word_1_599' title='bbox 2493 3167 2714 3236; x_wconf 84' lang='grc' dir='ltr'>ἀνάρχῳ</span> <span class='ocrx_word' id='word_1_600' title='bbox 2745 3181 2838 3216; x_wconf 89' lang='grc' dir='ltr'>σου</span> <span class='ocrx_word' id='word_1_601' title='bbox 2889 3165 3002 3216; x_wconf 88' lang='grc' dir='ltr'>Πατ</span> <span class='ocrx_word' id='word_1_602' title='bbox 3013 3165 3065 3234; x_wconf 78' lang='lat' dir='ltr'><strong><em>pl</em></strong></span> <span class='ocrx_word' id='word_1_603' title='bbox 3095 3162 3194 3218; x_wconf 74' lang='grc' dir='ltr'>καὶ</span> <span class='ocrx_word' id='word_1_604' title='bbox 3241 3161 3318 3232; x_wconf 83' lang='grc' dir='ltr'>τῷ</span> <span class='ocrx_word' id='word_1_605' title='bbox 3348 3161 3600 3232; x_wconf 81' lang='grc' dir='ltr'>παναγίῳ</span> 
     </span>
    </p>
   </div>
   <div class='ocr_carea' id='block_1_77' title="bbox 2008 3247 3599 3321">
    <p class='ocr_par' dir='ltr' id='par_1_77' title="bbox 2008 3247 3599 3321">
     <span class='ocr_line' id='line_1_77' title="bbox 2008 3247 3599 3321; baseline -0.006 -13"><span class='ocrx_word' id='word_1_606' title='bbox 2008 3256 2104 3308; x_wconf 80' lang='grc' dir='ltr'>καὶ</span> <span class='ocrx_word' id='word_1_607' title='bbox 2141 3251 2390 3321; x_wconf 78' lang='grc' dir='ltr'>ζωοποιῷ</span> <span class='ocrx_word' id='word_1_608' title='bbox 2413 3268 2506 3303; x_wconf 86' lang='grc' dir='ltr'>σου</span> <span class='ocrx_word' id='word_1_609' title='bbox 2535 3249 2837 3316; x_wconf 85' lang='grc' dir='ltr'>Πνεύματι,</span> <span class='ocrx_word' id='word_1_610' title='bbox 2864 3247 2959 3301; x_wconf 82' lang='grc' dir='ltr'>νῦν</span> <span class='ocrx_word' id='word_1_611' title='bbox 2985 3251 3078 3300; x_wconf 80' lang='grc' dir='ltr'>καὶ</span> <span class='ocrx_word' id='word_1_612' title='bbox 3109 3247 3217 3311; x_wconf 74' lang='grc' dir='ltr'>ἀεὶ,</span> <span class='ocrx_word' id='word_1_613' title='bbox 3238 3247 3334 3300; x_wconf 73' lang='grc' dir='ltr'>καὶ</span> <span class='ocrx_word' id='word_1_614' title='bbox 3362 3249 3441 3309; x_wconf 83' lang='grc' dir='ltr'>είς</span> <span class='ocrx_word' id='word_1_615' title='bbox 3469 3248 3599 3316; x_wconf 72' lang='grc' dir='ltr'>τοὺς</span> 
     </span>
    </p>
   </div>
   <div class='ocr_carea' id='block_1_78' title="bbox 2009 3331 2848 3402">
    <p class='ocr_par' dir='ltr' id='par_1_78' title="bbox 2009 3331 2848 3402">
     <span class='ocr_line' id='line_1_78' title="bbox 2009 3331 2848 3402; baseline -0.008 -11"><span class='ocrx_word' id='word_1_616' title='bbox 2009 3337 2209 3400; x_wconf 82' lang='grc' dir='ltr'>αἰῶνας</span> <span class='ocrx_word' id='word_1_617' title='bbox 2235 3334 2344 3388; x_wconf 86' lang='grc' dir='ltr'>τῶν</span> <span class='ocrx_word' id='word_1_618' title='bbox 2375 3333 2608 3387; x_wconf 83' lang='grc' dir='ltr'>αἰώνων.</span> <span class='ocrx_word' id='word_1_619' title='bbox 2654 3331 2848 3402; x_wconf 87' lang='grc' dir='ltr'>Ἀμήν.</span> 
     </span>
    </p>
   </div>
   <div class='ocr_carea' id='block_1_79' title="bbox 2075 3467 3599 3569">
    <p class='ocr_par' dir='ltr' id='par_1_79' title="bbox 2075 3467 3599 3569">
     <span class='ocr_line' id='line_1_79' title="bbox 2075 3467 3599 3569; baseline -0.006 -12"><span class='ocrx_word' id='word_1_620' title='bbox 2075 3511 2101 3538; x_wconf 81' lang='grc'><strong><em>⁸</em></strong></span> <span class='ocrx_word' id='word_1_621' title='bbox 2133 3509 2251 3557; x_wconf 77' lang='lat' dir='ltr'><strong>Post</strong></span> <span class='ocrx_word' id='word_1_622' title='bbox 2272 3504 2843 3569; x_wconf 21' lang='lat' dir='ltr'>évracptaGOSEQSaYllain</span> <span class='ocrx_word' id='word_1_623' title='bbox 2881 3516 3034 3566; x_wconf 78' lang='lat' dir='ltr'>marg.</span> <span class='ocrx_word' id='word_1_624' title='bbox 3064 3502 3197 3553; x_wconf 73' lang='lat' dir='ltr'>addit</span> <span class='ocrx_word' id='word_1_625' title='bbox 3241 3504 3322 3551; x_wconf 86' lang='grc' dir='ltr'>καὶ</span> <span class='ocrx_word' id='word_1_626' title='bbox 3343 3467 3419 3552; x_wconf 66' lang='grc' dir='ltr'>ἵνα</span> <span class='ocrx_word' id='word_1_627' title='bbox 3441 3501 3504 3565; x_wconf 75' lang='grc' dir='ltr'>μὴ</span> <span class='ocrx_word' id='word_1_628' title='bbox 3542 3500 3599 3549; x_wconf 85' lang='grc' dir='ltr'>τὸ</span> 
     </span>
    </p>
   </div>
   <div class='ocr_carea' id='block_1_80' title="bbox 2013 3566 2913 3635">
    <p class='ocr_par' dir='ltr' id='par_1_80' title="bbox 2013 3566 2913 3635">
     <span class='ocr_line' id='line_1_80' title="bbox 2013 3566 2913 3635; baseline -0.011 -15"><span class='ocrx_word' id='word_1_629' title='bbox 2013 3575 2208 3635; x_wconf 83' lang='grc' dir='ltr'>πρᾶγμα</span> <span class='ocrx_word' id='word_1_630' title='bbox 2230 3573 2294 3624; x_wconf 83' lang='grc' dir='ltr'>ὡς</span> <span class='ocrx_word' id='word_1_631' title='bbox 2317 3566 2568 3632; x_wconf 80' lang='grc' dir='ltr'>φάντασμα</span> <span class='ocrx_word' id='word_1_632' title='bbox 2601 3566 2913 3614; x_wconf 81' lang='grc' dir='ltr'>διαϐάλλωσι.</span> 
     </span>
    </p>
   </div>
   <div class='ocr_carea' id='block_1_81' title="bbox 330 3764 3578 3818">
    <p class='ocr_par' dir='ltr' id='par_1_81' title="bbox 330 3764 3578 3818">
     <span class='ocr_line' id='line_1_81' title="bbox 330 3764 3578 3818; baseline -0.013 1"><span class='ocrx_word' id='word_1_633' title='bbox 330 3764 3578 3818; x_wconf 69' lang='lat'>___.._________________________——————__</span> 
     </span>
    </p>
   </div>
   <div class='ocr_carea' id='block_1_82' title="bbox 317 4026 3601 4134">
    <p class='ocr_par' dir='ltr' id='par_1_82' title="bbox 317 4026 3601 4134">
     <span class='ocr_line' id='line_1_82' title="bbox 317 4026 3601 4134; baseline -0.015 -11"><span class='ocrx_word' id='word_1_634' title='bbox 317 4069 455 4125; x_wconf 79' lang='grc' dir='ltr'>Ὀτι</span> <span class='ocrx_word' id='word_1_635' title='bbox 523 4065 588 4120; x_wconf 84' lang='grc' dir='ltr'>τύ</span> <span class='ocrx_word' id='word_1_636' title='bbox 616 4063 702 4134; x_wconf 79' lang='grc' dir='ltr'>μὴ</span> <span class='ocrx_word' id='word_1_637' title='bbox 765 4062 985 4132; x_wconf 74' lang='grc' dir='ltr'>λέγειν,</span> <span class='ocrx_word' id='word_1_638' title='bbox 1044 4059 1192 4126; x_wconf 84' lang='grc' dir='ltr'>ἅπερ</span> <span class='ocrx_word' id='word_1_639' title='bbox 1241 4057 1438 4126; x_wconf 79' lang='grc' dir='ltr'>ἴσμεν,</span> <span class='ocrx_word' id='word_1_640' title='bbox 1509 4053 1608 4106; x_wconf 84' lang='grc' dir='ltr'>καί</span> <span class='ocrx_word' id='word_1_641' title='bbox 1643 4054 1732 4119; x_wconf 74' lang='grc' dir='ltr'>εις</span> <span class='ocrx_word' id='word_1_642' title='bbox 1782 4049 2024 4118; x_wconf 84' lang='grc' dir='ltr'>ἐτέρους</span> <span class='ocrx_word' id='word_1_643' title='bbox 2084 4042 2379 4112; x_wconf 70' lang='grc' dir='ltr'>ἐκφέρειν,</span> <span class='ocrx_word' id='word_1_644' title='bbox 2436 4039 2800 4105; x_wconf 85' lang='grc' dir='ltr'>πενέστερον</span> <span class='ocrx_word' id='word_1_645' title='bbox 2861 4031 3035 4134; x_wconf 62' lang='grc' dir='ltr'>ποιεῖ,</span> <span class='ocrx_word' id='word_1_646' title='bbox 3103 4029 3198 4134; x_wconf 55' lang='grc' dir='ltr'>καὶ</span> <span class='ocrx_word' id='word_1_647' title='bbox 3255 4029 3369 4094; x_wconf 81' lang='grc' dir='ltr'>τὴν</span> <span class='ocrx_word' id='word_1_648' title='bbox 3399 4026 3601 4134; x_wconf 47' lang='grc' dir='ltr'>’χάριν</span> 
     </span>
    </p>
   </div>
   <div class='ocr_carea' id='block_1_83' title="bbox 389 4116 3593 4220">
    <p class='ocr_par' dir='ltr' id='par_1_83' title="bbox 389 4116 3593 4220">
     <span class='ocr_line' id='line_1_83' title="bbox 389 4116 3593 4220; baseline -0.016 -3"><span class='ocrx_word' id='word_1_649' title='bbox 389 4116 722 4218; x_wconf 93' lang='grc'><strong>·</strong></span> <span class='ocrx_word' id='word_1_650' title='bbox 755 4116 858 4210; x_wconf 74' lang='grc' dir='ltr'>καί</span> <span class='ocrx_word' id='word_1_651' title='bbox 877 4116 1100 4220; x_wconf 38' lang='grc' dir='ltr'>είςΙτὰς</span> <span class='ocrx_word' id='word_1_652' title='bbox 1123 4116 1332 4220; x_wconf 44' lang='grc' dir='ltr'>εὐχὰς,</span> <span class='ocrx_word' id='word_1_653' title='bbox 1359 4116 1434 4214; x_wconf 69' lang='grc' dir='ltr'>ἅς</span> <span class='ocrx_word' id='word_1_654' title='bbox 1482 4151 1514 4202; x_wconf 85' lang='grc' dir='ltr'><em>ὁ</em></span> <span class='ocrx_word' id='word_1_655' title='bbox 1570 4116 1824 4216; x_wconf 81' lang='grc' dir='ltr'>Χριστὸς</span> <span class='ocrx_word' id='word_1_656' title='bbox 1874 4116 2126 4210; x_wconf 57' lang='grc' dir='ltr'>τιῦξατο,</span> <span class='ocrx_word' id='word_1_657' title='bbox 2159 4136 2256 4190; x_wconf 82' lang='grc' dir='ltr'>καί</span> <span class='ocrx_word' id='word_1_658' title='bbox 2285 4135 2399 4202; x_wconf 79' lang='grc' dir='ltr'>τὴν</span> <span class='ocrx_word' id='word_1_659' title='bbox 2433 4132 2747 4197; x_wconf 78' lang='grc' dir='ltr'>ἐξουσίαν,</span> <span class='ocrx_word' id='word_1_660' title='bbox 2802 4125 2928 4220; x_wconf 82' lang='grc' dir='ltr'>μεθ’</span> <span class='ocrx_word' id='word_1_661' title='bbox 2953 4119 3029 4194; x_wconf 83' lang='grc' dir='ltr'>ἧς</span> <span class='ocrx_word' id='word_1_662' title='bbox 3091 4119 3350 4220; x_wconf 44' lang='grc' dir='ltr'>ἀπάντα.</span> <span class='ocrx_word' id='word_1_663' title='bbox 3386 4116 3593 4220; x_wconf 67' lang='grc' dir='ltr'>ἐποίει·</span> 
     </span>
    </p>
   </div>
   <div class='ocr_carea' id='block_1_84' title="bbox 388 4206 3601 4318">
    <p class='ocr_par' dir='ltr' id='par_1_84' title="bbox 388 4206 3601 4318">
     <span class='ocr_line' id='line_1_84' title="bbox 388 4206 3601 4318; baseline -0.015 -8"><span class='ocrx_word' id='word_1_664' title='bbox 388 4206 1931 4318; x_wconf 37' lang='grc' dir='ltr'>πωάιοῦηνόὶιοσδιόρθῶσιν’-καὶ</span> <span class='ocrx_word' id='word_1_665' title='bbox 1968 4231 2058 4284; x_wconf 82' lang='grc' dir='ltr'>ὅτι</span> <span class='ocrx_word' id='word_1_666' title='bbox 2103 4229 2169 4282; x_wconf 86' lang='grc' dir='ltr'>τὸ</span> <span class='ocrx_word' id='word_1_667' title='bbox 2195 4224 2571 4297; x_wconf 85' lang='grc' dir='ltr'>σαρκωθῆναι</span> <span class='ocrx_word' id='word_1_668' title='bbox 2599 4223 2716 4291; x_wconf 78' lang='grc' dir='ltr'>τὴν</span> <span class='ocrx_word' id='word_1_669' title='bbox 2778 4219 3026 4284; x_wconf 75' lang='grc' dir='ltr'>ἰσότητα</span> <span class='ocrx_word' id='word_1_670' title='bbox 3050 4213 3237 4269; x_wconf 81' lang='grc' dir='ltr'>αὐτοῦ</span> <span class='ocrx_word' id='word_1_671' title='bbox 3294 4210 3406 4280; x_wconf 83' lang='grc' dir='ltr'>τὴν</span> <span class='ocrx_word' id='word_1_672' title='bbox 3449 4206 3601 4277; x_wconf 82' lang='grc' dir='ltr'>πρὸς</span> 
     </span>
    </p>
   </div>
   <div class='ocr_carea' id='block_1_85' title="bbox 391 4323 2165 4412">
    <p class='ocr_par' dir='ltr' id='par_1_85' title="bbox 391 4323 2165 4412">
     <span class='ocr_line' id='line_1_85' title="bbox 391 4323 2165 4412; baseline -0.016 -9"><span class='ocrx_word' id='word_1_673' title='bbox 391 4349 504 4404; x_wconf 80' lang='grc' dir='ltr'>τὸν</span> <span class='ocrx_word' id='word_1_674' title='bbox 526 4341 760 4412; x_wconf 86' lang='grc' dir='ltr'>Πατέρα</span> <span class='ocrx_word' id='word_1_675' title='bbox 783 4342 892 4394; x_wconf 82' lang='grc' dir='ltr'>οὐκ</span> <span class='ocrx_word' id='word_1_676' title='bbox 925 4334 1182 4402; x_wconf 77' lang='grc' dir='ltr'>ἐλαττοῖ,</span> <span class='ocrx_word' id='word_1_677' title='bbox 1208 4331 1378 4388; x_wconf 75' lang='grc' dir='ltr'><em>ἀλλὰ</em></span> <span class='ocrx_word' id='word_1_678' title='bbox 1411 4330 1509 4385; x_wconf 79' lang='grc' dir='ltr'>καί</span> <span class='ocrx_word' id='word_1_679' title='bbox 1547 4330 1880 4396; x_wconf 82' lang='grc' dir='ltr'>συνίστησι</span> <span class='ocrx_word' id='word_1_680' title='bbox 1902 4323 2165 4394; x_wconf 72' lang='grc' dir='ltr'>μᾶλλον.</span> 
     </span>
    </p>
   </div>
   <div class='ocr_carea' id='block_1_86' title="bbox 876 4705 1358 4780">
    <p class='ocr_par' dir='ltr' id='par_1_86' title="bbox 876 4705 1358 4780">
     <span class='ocr_line' id='line_1_86' title="bbox 876 4705 1358 4780; baseline -0.015 -15"><span class='ocrx_word' id='word_1_681' title='bbox 876 4711 1066 4780; x_wconf 75' lang='grc' dir='ltr'>Λόγος</span> <span class='ocrx_word' id='word_1_682' title='bbox 1090 4705 1358 4770; x_wconf 84' lang='grc' dir='ltr'>δέκατος.</span> 
     </span>
    </p>
   </div>
   <div class='ocr_carea' id='block_1_87' title="bbox 393 4779 1905 4862">
    <p class='ocr_par' dir='ltr' id='par_1_87' title="bbox 393 4779 1905 4862">
     <span class='ocr_line' id='line_1_87' title="bbox 393 4779 1905 4862; baseline -0.019 -3"><span class='ocrx_word' id='word_1_683' title='bbox 393 4803 470 4859; x_wconf 84' lang='grc' dir='ltr'>α’.</span> <span class='ocrx_word' id='word_1_684' title='bbox 497 4797 720 4861; x_wconf 87' lang='grc' dir='ltr'>Ἱκανῶς</span> <span class='ocrx_word' id='word_1_685' title='bbox 736 4795 794 4849; x_wconf 88' lang='grc' dir='ltr'>ἐν</span> <span class='ocrx_word' id='word_1_686' title='bbox 808 4797 929 4857; x_wconf 88' lang='grc' dir='ltr'>ταῖς</span> <span class='ocrx_word' id='word_1_687' title='bbox 945 4779 1253 4862; x_wconf 74' lang='grc' dir='ltr'>ἔμπροσθεν</span> <span class='ocrx_word' id='word_1_688' title='bbox 1277 4781 1752 4855; x_wconf 85' lang='grc' dir='ltr'>ἐπανηγυρίσαμεν</span> <span class='ocrx_word' id='word_1_689' title='bbox 1770 4779 1905 4851; x_wconf 79' lang='grc' dir='ltr'>ἡμέ-</span> 
     </span>
    </p>
   </div>
   <div class='ocr_carea' id='block_1_88' title="bbox 321 4863 1907 4960">
    <p class='ocr_par' dir='ltr' id='par_1_88' title="bbox 321 4863 1907 4960">
     <span class='ocr_line' id='line_1_88' title="bbox 321 4863 1907 4960; baseline -0.017 -17"><span class='ocrx_word' id='word_1_690' title='bbox 321 4905 471 4960; x_wconf 87' lang='grc' dir='ltr'>ραις,</span> <span class='ocrx_word' id='word_1_691' title='bbox 497 4885 606 4938; x_wconf 89' lang='grc' dir='ltr'>τῶν</span> <span class='ocrx_word' id='word_1_692' title='bbox 631 4881 807 4938; x_wconf 79' lang='grc' dir='ltr'>ἄθλων</span> <span class='ocrx_word' id='word_1_693' title='bbox 830 4875 1212 4946; x_wconf 87' lang='grc' dir='ltr'>ἐπιλαϐόμενοι</span> <span class='ocrx_word' id='word_1_694' title='bbox 1233 4871 1342 4925; x_wconf 88' lang='grc' dir='ltr'>τῶν</span> <span class='ocrx_word' id='word_1_695' title='bbox 1381 4865 1777 4960; x_wconf 67' lang='grc' dir='ltr'>ἀποστολικῶν,</span> <span class='ocrx_word' id='word_1_696' title='bbox 1812 4863 1907 4917; x_wconf 73' lang='grc' dir='ltr'>καὶ</span> 
     </span>
    </p>
   </div>
   <div class='ocr_carea' id='block_1_89' title="bbox 317 4952 1907 5045">
    <p class='ocr_par' dir='ltr' id='par_1_89' title="bbox 317 4952 1907 5045">
     <span class='ocr_line' id='line_1_89' title="bbox 317 4952 1907 5045; baseline -0.018 -18"><span class='ocrx_word' id='word_1_697' title='bbox 317 4952 386 5045; x_wconf 71' lang='grc' dir='ltr'>τῇ</span> <span class='ocrx_word' id='word_1_698' title='bbox 418 4969 672 5041; x_wconf 81' lang='grc' dir='ltr'>διηγήσει</span> <span class='ocrx_word' id='word_1_699' title='bbox 729 4963 840 5017; x_wconf 90' lang='grc' dir='ltr'>τῶν</span> <span class='ocrx_word' id='word_1_700' title='bbox 880 4957 1267 5030; x_wconf 87' lang='grc' dir='ltr'>πνευματικῶν</span> <span class='ocrx_word' id='word_1_701' title='bbox 1309 4952 1683 5026; x_wconf 86' lang='grc' dir='ltr'>ἐντρυφῶντες</span> <span class='ocrx_word' id='word_1_702' title='bbox 1711 4964 1907 5018; x_wconf 83' lang='grc' dir='ltr'>κατορ-</span> 
     </span>
    </p>
   </div>
   <div class='ocr_carea' id='block_1_90' title="bbox 322 5032 1912 5127">
    <p class='ocr_par' dir='ltr' id='par_1_90' title="bbox 322 5032 1912 5127">
     <span class='ocr_line' id='line_1_90' title="bbox 322 5032 1912 5127; baseline -0.018 -17"><span class='ocrx_word' id='word_1_703' title='bbox 622 5070 636 5082; x_wconf 90' lang='grc'><strong>·</strong></span> <span class='ocrx_word' id='word_1_704' title='bbox 678 5049 795 5123; x_wconf 81' lang='grc' dir='ltr'>ὥρα</span> <span class='ocrx_word' id='word_1_705' title='bbox 823 5046 886 5116; x_wconf 83' lang='grc' dir='ltr'>δὴ</span> <span class='ocrx_word' id='word_1_706' title='bbox 913 5043 1098 5097; x_wconf 85' lang='grc' dir='ltr'>λοιπὸν</span> <span class='ocrx_word' id='word_1_707' title='bbox 1118 5039 1419 5127; x_wconf 55' lang='grc' dir='ltr'>ἀποδοξναι</span> <span class='ocrx_word' id='word_1_708' title='bbox 1465 5036 1527 5127; x_wconf 76' lang='grc' dir='ltr'>τὸ</span> <span class='ocrx_word' id='word_1_709' title='bbox 1558 5033 1715 5127; x_wconf 71' lang='grc' dir='ltr'>χρέος</span> <span class='ocrx_word' id='word_1_710' title='bbox 1899 5047 1912 5060; x_wconf 87' lang='grc'><strong>·</strong></span> 
     </span>
    </p>
   </div>
   <div class='ocr_carea' id='block_1_91' title="bbox 320 5113 1920 5208">
    <p class='ocr_par' dir='ltr' id='par_1_91' title="bbox 320 5113 1920 5208">
     <span class='ocr_line' id='line_1_91' title="bbox 320 5113 1920 5208; baseline -0.018 -15"><span class='ocrx_word' id='word_1_711' title='bbox 320 5113 422 5194; x_wconf 60' lang='grc' dir='ltr'>καί</span> <span class='ocrx_word' id='word_1_712' title='bbox 449 5136 560 5208; x_wconf 85' lang='grc' dir='ltr'>γὰρ</span> <span class='ocrx_word' id='word_1_713' title='bbox 582 5135 646 5187; x_wconf 84' lang='grc' dir='ltr'>τὸ</span> <span class='ocrx_word' id='word_1_714' title='bbox 671 5113 885 5186; x_wconf 79' lang='grc' dir='ltr'>κωλύον</span> <span class='ocrx_word' id='word_1_715' title='bbox 908 5128 1083 5181; x_wconf 87' lang='grc' dir='ltr'>οὐδέν.</span> <span class='ocrx_word' id='word_1_716' title='bbox 1118 5124 1222 5178; x_wconf 87' lang='lat' dir='ltr'><strong><em>Kal</em></strong></span> <span class='ocrx_word' id='word_1_717' title='bbox 1264 5117 1386 5208; x_wconf 73' lang='grc' dir='ltr'>οἴδα</span> <span class='ocrx_word' id='word_1_718' title='bbox 1425 5120 1524 5208; x_wconf 76' lang='grc' dir='ltr'>μὲν</span> <span class='ocrx_word' id='word_1_719' title='bbox 1559 5119 1640 5208; x_wconf 73' lang='grc' dir='ltr'>ὅτι</span> <span class='ocrx_word' id='word_1_720' title='bbox 1669 5113 1920 5208; x_wconf 50' lang='grc' dir='ltr'>ἐπιλέλη-</span> 
     </span>
    </p>
   </div>
   <div class='ocr_carea' id='block_1_92' title="bbox 324 5199 1918 5287">
    <p class='ocr_par' dir='ltr' id='par_1_92' title="bbox 324 5199 1918 5287">
     <span class='ocr_line' id='line_1_92' title="bbox 324 5199 1918 5287; baseline -0.017 -12"><span class='ocrx_word' id='word_1_721' title='bbox 324 5222 421 5275; x_wconf 88' lang='grc' dir='ltr'>σθε</span> <span class='ocrx_word' id='word_1_722' title='bbox 586 5215 915 5287; x_wconf 87' lang='grc' dir='ltr'>ὀφλημάτων</span> <span class='ocrx_word' id='word_1_723' title='bbox 948 5211 1104 5283; x_wconf 85' lang='grc' dir='ltr'>ὑμεῖς</span> <span class='ocrx_word' id='word_1_724' title='bbox 1130 5208 1238 5262; x_wconf 88' lang='grc' dir='ltr'>τῶν</span> <span class='ocrx_word' id='word_1_725' title='bbox 1260 5204 1408 5276; x_wconf 87' lang='grc' dir='ltr'>ἐμῶν</span> <span class='ocrx_word' id='word_1_726' title='bbox 1439 5202 1536 5287; x_wconf 68' lang='grc' dir='ltr'>διὰ⁸</span> <span class='ocrx_word' id='word_1_727' title='bbox 1555 5199 1620 5287; x_wconf 61' lang='grc' dir='ltr'>τό</span> <span class='ocrx_word' id='word_1_728' title='bbox 1647 5199 1753 5252; x_wconf 89' lang='grc' dir='ltr'>τῶν</span> <span class='ocrx_word' id='word_1_729' title='bbox 1778 5199 1918 5287; x_wconf 81' lang='grc' dir='ltr'>με·</span> 
     </span>
    </p>
   </div>
   <div class='ocr_carea' id='block_1_93' title="bbox 325 5280 1919 5377">
    <p class='ocr_par' dir='ltr' id='par_1_93' title="bbox 325 5280 1919 5377">
     <span class='ocr_line' id='line_1_93' title="bbox 325 5280 1919 5377; baseline -0.017 -19"><span class='ocrx_word' id='word_1_730' title='bbox 325 5305 440 5377; x_wconf 88' lang='grc' dir='ltr'>ρῶν</span> <span class='ocrx_word' id='word_1_731' title='bbox 469 5280 676 5371; x_wconf 80' lang='grc' dir='ltr'>πλῆθος</span> <span class='ocrx_word' id='word_1_732' title='bbox 696 5280 801 5351; x_wconf 75' lang='grc' dir='ltr'>’Πού</span> <span class='ocrx_word' id='word_1_733' title='bbox 839 5296 942 5367; x_wconf 83' lang='grc' dir='ltr'>μὴν</span> <span class='ocrx_word' id='word_1_734' title='bbox 969 5280 1056 5346; x_wconf 76' lang='grc' dir='ltr'>διὰ</span> <span class='ocrx_word' id='word_1_735' title='bbox 1084 5291 1263 5377; x_wconf 29' lang='grc' dir='ltr'>τοῦτο*</span> <span class='ocrx_word' id='word_1_736' title='bbox 1278 5288 1419 5377; x_wconf 39' lang='grc' dir='ltr'>αὐτ-ἀ</span> <span class='ocrx_word' id='word_1_737' title='bbox 1599 5280 1919 5375; x_wconf 68' lang='grc' dir='ltr'>ἀποκρύψο-</span> 
     </span>
    </p>
   </div>
   <div class='ocr_carea' id='block_1_94' title="bbox 326 5365 1920 5458">
    <p class='ocr_par' dir='ltr' id='par_1_94' title="bbox 326 5365 1920 5458">
     <span class='ocr_line' id='line_1_94' title="bbox 326 5365 1920 5458; baseline -0.016 -18"><span class='ocrx_word' id='word_1_738' title='bbox 326 5365 454 5458; x_wconf 74' lang='grc' dir='ltr'>μαι,</span> <span class='ocrx_word' id='word_1_739' title='bbox 481 5365 615 5438; x_wconf 86' lang='grc' dir='ltr'>ἀλλά</span> <span class='ocrx_word' id='word_1_740' title='bbox 648 5381 784 5452; x_wconf 86' lang='grc' dir='ltr'>μετά</span> <span class='ocrx_word' id='word_1_741' title='bbox 807 5365 987 5447; x_wconf 83' lang='grc' dir='ltr'>πάσης</span> <span class='ocrx_word' id='word_1_742' title='bbox 1010 5377 1138 5447; x_wconf 79' lang='grc' dir='ltr'>ὑμῖν</span> <span class='ocrx_word' id='word_1_743' title='bbox 1164 5373 1339 5458; x_wconf 76' lang='grc' dir='ltr'>ταῦτα</span> <span class='ocrx_word' id='word_1_744' title='bbox 1368 5368 1634 5458; x_wconf 78' lang='grc' dir='ltr'>ἀποδώσω</span> <span class='ocrx_word' id='word_1_745' title='bbox 1663 5365 1764 5434; x_wconf 75' lang='grc' dir='ltr'>τῆς</span> 
     </span>
    </p>
   </div>
   <div class='ocr_carea' id='block_1_95' title="bbox 323 5447 1912 5540">
    <p class='ocr_par' dir='ltr' id='par_1_95' title="bbox 323 5447 1912 5540">
     <span class='ocr_line' id='line_1_95' title="bbox 323 5447 1912 5540; baseline -0.016 -16"><span class='ocrx_word' id='word_1_746' title='bbox 323 5447 552 5540; x_wconf 79' lang='grc' dir='ltr'>θυμίας.</span> <span class='ocrx_word' id='word_1_747' title='bbox 583 5447 731 5520; x_wconf 76' lang='grc' dir='ltr'>Ποιῶ</span> <span class='ocrx_word' id='word_1_748' title='bbox 759 5465 816 5517; x_wconf 85' lang='grc' dir='ltr'>δέ</span> <span class='ocrx_word' id='word_1_749' title='bbox 863 5462 1042 5523; x_wconf 80' lang='grc' dir='ltr'>τοῦτο,</span> <span class='ocrx_word' id='word_1_750' title='bbox 1068 5459 1128 5511; x_wconf 89' lang='grc' dir='ltr'>οὐ</span> <span class='ocrx_word' id='word_1_751' title='bbox 1159 5458 1224 5511; x_wconf 87' lang='grc' dir='ltr'>δι’</span> <span class='ocrx_word' id='word_1_752' title='bbox 1268 5450 1692 5540; x_wconf 77' lang='grc' dir='ltr'>εὐγνωμοσύνην</span> <span class='ocrx_word' id='word_1_753' title='bbox 1710 5447 1912 5540; x_wconf 63' lang='grc' dir='ltr'>⁸μόνον,</span> 
     </span>
    </p>
   </div>
   <div class='ocr_carea' id='block_1_96' title="bbox 324 5529 1914 5616">
    <p class='ocr_par' dir='ltr' id='par_1_96' title="bbox 324 5529 1914 5616">
     <span class='ocr_line' id='line_1_96' title="bbox 324 5529 1914 5616; baseline -0.016 -10"><span class='ocrx_word' id='word_1_754' title='bbox 324 5529 471 5606; x_wconf 83' lang='grc' dir='ltr'>ἀλλά</span> <span class='ocrx_word' id='word_1_755' title='bbox 502 5529 598 5604; x_wconf 71' lang='grc' dir='ltr'>καὶ</span> <span class='ocrx_word' id='word_1_756' title='bbox 625 5549 691 5602; x_wconf 86' lang='grc' dir='ltr'>δι’</span> <span class='ocrx_word' id='word_1_757' title='bbox 715 5545 982 5616; x_wconf 78' lang='grc' dir='ltr'>ὠφέλειαν</span> <span class='ocrx_word' id='word_1_758' title='bbox 1010 5543 1172 5613; x_wconf 87' lang='grc' dir='ltr'>ἐμήν.</span> <span class='ocrx_word' id='word_1_759' title='bbox 1234 5537 1360 5593; x_wconf 70' lang='grc' dir='ltr'>Ἐπὶ</span> <span class='ocrx_word' id='word_1_760' title='bbox 1397 5536 1495 5606; x_wconf 84' lang='grc' dir='ltr'>μὲν</span> <span class='ocrx_word' id='word_1_761' title='bbox 1525 5533 1635 5604; x_wconf 86' lang='grc' dir='ltr'>γάρ</span> <span class='ocrx_word' id='word_1_762' title='bbox 1668 5529 1776 5616; x_wconf 74' lang='grc' dir='ltr'>τῶν</span> <span class='ocrx_word' id='word_1_763' title='bbox 1807 5546 1914 5616; x_wconf 43' lang='grc' dir='ltr'>σωζ-</span> 
     </span>
    </p>
   </div>
   <div class='ocr_carea' id='block_1_97' title="bbox 331 5609 1918 5707">
    <p class='ocr_par' dir='ltr' id='par_1_97' title="bbox 331 5609 1918 5707">
     <span class='ocr_line' id='line_1_97' title="bbox 331 5609 1918 5707; baseline -0.017 -18"><span class='ocrx_word' id='word_1_764' title='bbox 331 5634 580 5707; x_wconf 81' lang='grc' dir='ltr'>ματικῶν</span> <span class='ocrx_word' id='word_1_765' title='bbox 611 5609 1068 5700; x_wconf 79' lang='grc' dir='ltr'>συναλλαγμάτων</span> <span class='ocrx_word' id='word_1_766' title='bbox 1103 5609 1292 5695; x_wconf 80' lang='grc' dir='ltr'>κέρδος</span> <span class='ocrx_word' id='word_1_767' title='bbox 1442 5613 1834 5707; x_wconf 70' lang='grc' dir='ltr'>δεδανεισμένῳ</span> <span class='ocrx_word' id='word_1_768' title='bbox 1856 5609 1918 5663; x_wconf 85' lang='grc' dir='ltr'>τὸ</span> 
     </span>
    </p>
   </div>
   <div class='ocr_carea' id='block_1_98' title="bbox 327 5701 1918 5776">
    <p class='ocr_par' dir='ltr' id='par_1_98' title="bbox 327 5701 1918 5776">
     <span class='ocr_line' id='line_1_98' title="bbox 327 5701 1918 5776; baseline -0.018 0"><span class='ocrx_word' id='word_1_769' title='bbox 327 5701 426 5776; x_wconf 63' lang='grc' dir='ltr'>τὸν</span> <span class='ocrx_word' id='word_1_770' title='bbox 460 5714 800 5774; x_wconf 83' lang='grc' dir='ltr'>δεδανεικότα</span> <span class='ocrx_word' id='word_1_771' title='bbox 843 5710 1226 5767; x_wconf 85' lang='grc' dir='ltr'>ἐπιλαθέσθαι·</span> <span class='ocrx_word' id='word_1_772' title='bbox 1259 5707 1353 5760; x_wconf 75' lang='grc' dir='ltr'>ἐπὶ</span> <span class='ocrx_word' id='word_1_773' title='bbox 1372 5705 1429 5759; x_wconf 78' lang='grc' dir='ltr'>δὲ</span> <span class='ocrx_word' id='word_1_774' title='bbox 1471 5701 1578 5756; x_wconf 83' lang='grc' dir='ltr'>τῶν</span> <span class='ocrx_word' id='word_1_775' title='bbox 1618 5711 1918 5768; x_wconf 87' lang='grc' dir='ltr'>πνευματι-</span> 
     </span>
    </p>
   </div>
   <div class='ocr_carea' id='block_1_99' title="bbox 2007 4674 3600 4760">
    <p class='ocr_par' dir='ltr' id='par_1_99' title="bbox 2007 4674 3600 4760">
     <span class='ocr_line' id='line_1_99' title="bbox 2007 4674 3600 4760; baseline -0.013 -12"><span class='ocrx_word' id='word_1_776' title='bbox 2007 4693 2120 4749; x_wconf 90' lang='grc' dir='ltr'>κῶν</span> <span class='ocrx_word' id='word_1_777' title='bbox 2168 4685 2509 4760; x_wconf 87' lang='grc' dir='ltr'>συμϐολαίων</span> <span class='ocrx_word' id='word_1_778' title='bbox 2548 4683 2735 4755; x_wconf 87' lang='grc' dir='ltr'>κέρδος</span> <span class='ocrx_word' id='word_1_779' title='bbox 2762 4680 2841 4752; x_wconf 83' lang='grc' dir='ltr'>τῷ</span> <span class='ocrx_word' id='word_1_780' title='bbox 2869 4679 3114 4752; x_wconf 88' lang='grc' dir='ltr'>μέλλοντι</span> <span class='ocrx_word' id='word_1_781' title='bbox 3146 4676 3511 4731; x_wconf 85' lang='grc' dir='ltr'>καταϐάλλειν</span> <span class='ocrx_word' id='word_1_782' title='bbox 3536 4674 3600 4727; x_wconf 87' lang='grc' dir='ltr'>τδ</span> 
     </span>
    </p>
   </div>
   <div class='ocr_carea' id='block_1_100' title="bbox 2011 4761 3602 4850">
    <p class='ocr_par' dir='ltr' id='par_1_100' title="bbox 2011 4761 3602 4850">
     <span class='ocr_line' id='line_1_100' title="bbox 2011 4761 3602 4850; baseline -0.013 -20"><span class='ocrx_word' id='word_1_783' title='bbox 2011 4777 2170 4850; x_wconf 85' lang='grc' dir='ltr'>χρέος</span> <span class='ocrx_word' id='word_1_784' title='bbox 2203 4774 2480 4845; x_wconf 81' lang='grc' dir='ltr'>μέγιστον,</span> <span class='ocrx_word' id='word_1_785' title='bbox 2510 4767 2572 4821; x_wconf 82' lang='grc' dir='ltr'>τὸ</span> <span class='ocrx_word' id='word_1_786' title='bbox 2611 4763 3134 4850; x_wconf 12' lang='grc' dir='ltr'>τούςῗύποδέχεσθαι</span> <span class='ocrx_word' id='word_1_787' title='bbox 3179 4761 3472 4850; x_wconf 73' lang='grc' dir='ltr'>μέλλοντας</span> <span class='ocrx_word' id='word_1_788' title='bbox 3519 4761 3602 4813; x_wconf 90' lang='grc' dir='ltr'>δι-</span> 
     </span>
    </p>
   </div>
   <div class='ocr_carea' id='block_1_101' title="bbox 2011 4843 3604 4930">
    <p class='ocr_par' dir='ltr' id='par_1_101' title="bbox 2011 4843 3604 4930">
     <span class='ocr_line' id='line_1_101' title="bbox 2011 4843 3604 4930; baseline -0.011 -17"><span class='ocrx_word' id='word_1_789' title='bbox 2011 4843 2224 4930; x_wconf 62' lang='grc' dir='ltr'>ηνεκῶς</span> <span class='ocrx_word' id='word_1_790' title='bbox 2258 4852 2568 4929; x_wconf 82' lang='grc' dir='ltr'>μεμνῆσθαι</span> <span class='ocrx_word' id='word_1_791' title='bbox 2595 4849 2702 4904; x_wconf 89' lang='grc' dir='ltr'>τῶν</span> <span class='ocrx_word' id='word_1_792' title='bbox 2735 4848 3086 4918; x_wconf 83' lang='grc' dir='ltr'>ὀφλημάτων.</span> <span class='ocrx_word' id='word_1_793' title='bbox 3123 4845 3269 4930; x_wconf 87' lang='grc' dir='ltr'>Ἐκεῖ</span> <span class='ocrx_word' id='word_1_794' title='bbox 3291 4844 3392 4930; x_wconf 82' lang='grc' dir='ltr'>μὲν</span> <span class='ocrx_word' id='word_1_795' title='bbox 3417 4843 3522 4914; x_wconf 84' lang='grc' dir='ltr'>γὰρ</span> <span class='ocrx_word' id='word_1_796' title='bbox 3541 4843 3604 4930; x_wconf 77' lang='grc' dir='ltr'>τὸ</span> 
     </span>
    </p>
   </div>
   <div class='ocr_carea' id='block_1_102' title="bbox 2013 4927 3604 5011">
    <p class='ocr_par' dir='ltr' id='par_1_102' title="bbox 2013 4927 3604 5011">
     <span class='ocr_line' id='line_1_102' title="bbox 2013 4927 3604 5011; baseline -0.012 -14"><span class='ocrx_word' id='word_1_797' title='bbox 2013 4927 2280 5011; x_wconf 84' lang='grc' dir='ltr'>δάνεισμα</span> <span class='ocrx_word' id='word_1_798' title='bbox 2309 4937 2570 4993; x_wconf 85' lang='grc' dir='ltr'>ἀποδοθὲν</span> <span class='ocrx_word' id='word_1_799' title='bbox 2587 4935 2677 4988; x_wconf 74' lang='grc' dir='ltr'>τὸν</span> <span class='ocrx_word' id='word_1_800' title='bbox 2696 4934 2792 5005; x_wconf 82' lang='grc' dir='ltr'>μὲν</span> <span class='ocrx_word' id='word_1_801' title='bbox 2819 4930 3194 4986; x_wconf 86' lang='grc' dir='ltr'>καταϐαλόντα</span> <span class='ocrx_word' id='word_1_802' title='bbox 3222 4929 3453 5011; x_wconf 39' lang='grc' dir='ltr'>ἀφίησιζ</span> <span class='ocrx_word' id='word_1_803' title='bbox 3473 4927 3604 5011; x_wconf 83' lang='grc' dir='ltr'>μεθ-</span> 
     </span>
    </p>
   </div>
   <div class='ocr_carea' id='block_1_103' title="bbox 2024 5009 3604 5092">
    <p class='ocr_par' dir='ltr' id='par_1_103' title="bbox 2024 5009 3604 5092">
     <span class='ocr_line' id='line_1_103' title="bbox 2024 5009 3604 5092; baseline -0.013 -13"><span class='ocrx_word' id='word_1_804' title='bbox 2024 5009 2236 5079; x_wconf 80' lang='grc' dir='ltr'>ίσταται</span> <span class='ocrx_word' id='word_1_805' title='bbox 2295 5023 2352 5076; x_wconf 82' lang='grc' dir='ltr'>δὲ</span> <span class='ocrx_word' id='word_1_806' title='bbox 2407 5021 2544 5092; x_wconf 83' lang='grc' dir='ltr'>πρὸς</span> <span class='ocrx_word' id='word_1_807' title='bbox 2600 5017 2692 5071; x_wconf 85' lang='grc' dir='ltr'>τὸν</span> <span class='ocrx_word' id='word_1_808' title='bbox 2733 5015 3147 5084; x_wconf 84' lang='grc' dir='ltr'>ὐποδεξόμενον,</span> <span class='ocrx_word' id='word_1_809' title='bbox 3218 5012 3313 5064; x_wconf 75' lang='grc' dir='ltr'>καὶ</span> <span class='ocrx_word' id='word_1_810' title='bbox 3363 5009 3457 5061; x_wconf 77' lang='grc' dir='ltr'>τοῦ</span> <span class='ocrx_word' id='word_1_811' title='bbox 3504 5009 3604 5078; x_wconf 83' lang='grc' dir='ltr'>μὲν</span> 
     </span>
    </p>
   </div>
   <div class='ocr_carea' id='block_1_104' title="bbox 2019 5092 3604 5178">
    <p class='ocr_par' dir='ltr' id='par_1_104' title="bbox 2019 5092 3604 5178">
     <span class='ocr_line' id='line_1_104' title="bbox 2019 5092 3604 5178; baseline -0.013 -16"><span class='ocrx_word' id='word_1_812' title='bbox 2019 5109 2322 5178; x_wconf 79' lang='grc' dir='ltr'>ἠλάττωσε,</span> <span class='ocrx_word' id='word_1_813' title='bbox 2363 5104 2458 5158; x_wconf 80' lang='grc' dir='ltr'>τοῦ</span> <span class='ocrx_word' id='word_1_814' title='bbox 2499 5103 2554 5156; x_wconf 88' lang='grc' dir='ltr'>δέ</span> <span class='ocrx_word' id='word_1_815' title='bbox 2593 5100 2881 5154; x_wconf 87' lang='grc' dir='ltr'>ἐπλεόνασε</span> <span class='ocrx_word' id='word_1_816' title='bbox 2913 5099 3011 5168; x_wconf 84' lang='grc' dir='ltr'>τὴν</span> <span class='ocrx_word' id='word_1_817' title='bbox 3044 5095 3257 5149; x_wconf 73' lang='grc' dir='ltr'>οὐσίανο</span> <span class='ocrx_word' id='word_1_818' title='bbox 3297 5092 3389 5178; x_wconf 53' lang='grc' dir='ltr'>ἐπὶ</span> <span class='ocrx_word' id='word_1_819' title='bbox 3421 5092 3477 5178; x_wconf 80' lang='grc' dir='ltr'>δὲ</span> <span class='ocrx_word' id='word_1_820' title='bbox 3496 5092 3604 5178; x_wconf 80' lang='grc' dir='ltr'>τῶν</span> 
     </span>
    </p>
   </div>
   <div class='ocr_carea' id='block_1_105' title="bbox 2021 5175 3604 5262">
    <p class='ocr_par' dir='ltr' id='par_1_105' title="bbox 2021 5175 3604 5262">
     <span class='ocr_line' id='line_1_105' title="bbox 2021 5175 3604 5262; baseline -0.013 -16"><span class='ocrx_word' id='word_1_821' title='bbox 2021 5175 2408 5262; x_wconf 83' lang='grc' dir='ltr'>πνευματικῶν</span> <span class='ocrx_word' id='word_1_822' title='bbox 2462 5189 2560 5256; x_wconf 86' lang='grc' dir='ltr'>οὐχ</span> <span class='ocrx_word' id='word_1_823' title='bbox 2609 5185 2804 5247; x_wconf 77' lang='grc' dir='ltr'>οὕτως,</span> <span class='ocrx_word' id='word_1_824' title='bbox 2864 5182 3000 5236; x_wconf 92' lang='grc' dir='ltr'>ἀλλά</span> <span class='ocrx_word' id='word_1_825' title='bbox 3046 5179 3278 5262; x_wconf 7' lang='grc' dir='ltr'>δυνατὸν,</span> <span class='ocrx_word' id='word_1_826' title='bbox 3321 5175 3452 5230; x_wconf 77' lang='grc' dir='ltr'>αὐτὸ</span> <span class='ocrx_word' id='word_1_827' title='bbox 3513 5176 3604 5228; x_wconf 70' lang='grc' dir='ltr'>καὶ</span> 
     </span>
    </p>
   </div>
   <div class='ocr_carea' id='block_1_106' title="bbox 2021 5259 3604 5341">
    <p class='ocr_par' dir='ltr' id='par_1_106' title="bbox 2021 5259 3604 5341">
     <span class='ocr_line' id='line_1_106' title="bbox 2021 5259 3604 5341; baseline -0.013 -10"><span class='ocrx_word' id='word_1_828' title='bbox 2021 5259 2368 5340; x_wconf 82' lang='grc' dir='ltr'>καταϐαλεῖν,</span> <span class='ocrx_word' id='word_1_829' title='bbox 2390 5273 2484 5326; x_wconf 75' lang='grc' dir='ltr'>καὶ</span> <span class='ocrx_word' id='word_1_830' title='bbox 2516 5271 2605 5341; x_wconf 78' lang='grc' dir='ltr'>ἔχε</span> <span class='ocrx_word' id='word_1_831' title='bbox 2615 5288 2661 5324; x_wconf 92' lang='grc' dir='ltr'>ιν</span> <span class='ocrx_word' id='word_1_832' title='bbox 2679 5287 2692 5299; x_wconf 85' lang='grc'><strong>·</strong></span> <span class='ocrx_word' id='word_1_833' title='bbox 2727 5268 2823 5321; x_wconf 75' lang='grc' dir='ltr'>καὶ</span> <span class='ocrx_word' id='word_1_834' title='bbox 2847 5266 2908 5318; x_wconf 86' lang='grc' dir='ltr'>τὸ</span> <span class='ocrx_word' id='word_1_835' title='bbox 2935 5265 3000 5335; x_wconf 83' lang='grc' dir='ltr'>δὴ</span> <span class='ocrx_word' id='word_1_836' title='bbox 3017 5261 3345 5334; x_wconf 80' lang='grc' dir='ltr'>θαυμαστὸν,</span> <span class='ocrx_word' id='word_1_837' title='bbox 3369 5261 3450 5312; x_wconf 84' lang='grc' dir='ltr'>ὅτι</span> <span class='ocrx_word' id='word_1_838' title='bbox 3481 5259 3604 5311; x_wconf 85' lang='grc' dir='ltr'>τότε</span> 
     </span>
    </p>
   </div>
   <div class='ocr_carea' id='block_1_107' title="bbox 2025 5345 3530 5432">
    <p class='ocr_par' dir='ltr' id='par_1_107' title="bbox 2025 5345 3530 5432">
     <span class='ocr_line' id='line_1_107' title="bbox 2025 5345 3530 5432; baseline -0.013 -17"><span class='ocrx_word' id='word_1_839' title='bbox 2025 5361 2260 5432; x_wconf 88' lang='grc' dir='ltr'>μάλιστα</span> <span class='ocrx_word' id='word_1_840' title='bbox 2293 5357 2426 5411; x_wconf 80' lang='grc' dir='ltr'>αὐτὸ</span> <span class='ocrx_word' id='word_1_841' title='bbox 2457 5354 2677 5424; x_wconf 78' lang='grc' dir='ltr'>ἔχομεν,</span> <span class='ocrx_word' id='word_1_842' title='bbox 2708 5351 2835 5404; x_wconf 79' lang='grc' dir='ltr'>ὅταν</span> <span class='ocrx_word' id='word_1_843' title='bbox 2868 5346 3268 5416; x_wconf 84' lang='grc' dir='ltr'>καταϐάλωμεν</span> <span class='ocrx_word' id='word_1_844' title='bbox 3303 5345 3530 5414; x_wconf 80' lang='grc' dir='ltr'>ἑτέροις.</span> 
     </span>
    </p>
   </div>
   <div class='ocr_carea' id='block_1_108' title="bbox 2100 5509 3609 5594">
    <p class='ocr_par' dir='ltr' id='par_1_108' title="bbox 2100 5509 3609 5594">
     <span class='ocr_line' id='line_1_108' title="bbox 2100 5509 3609 5594; baseline -0.01 -16"><span class='ocrx_word' id='word_1_845' title='bbox 2100 5526 2199 5578; x_wconf 75' lang='grc' dir='ltr'>’Ἂν</span> <span class='ocrx_word' id='word_1_846' title='bbox 2241 5523 2340 5594; x_wconf 82' lang='grc' dir='ltr'>μὲν</span> <span class='ocrx_word' id='word_1_847' title='bbox 2366 5522 2474 5590; x_wconf 84' lang='grc' dir='ltr'>γὰρ</span> <span class='ocrx_word' id='word_1_848' title='bbox 2505 5520 2565 5572; x_wconf 92' lang='grc' dir='ltr'>ἐν</span> <span class='ocrx_word' id='word_1_849' title='bbox 2588 5520 2655 5588; x_wconf 79' lang='grc' dir='ltr'>τῇ</span> <span class='ocrx_word' id='word_1_850' title='bbox 2684 5515 2894 5585; x_wconf 84' lang='grc' dir='ltr'>διανοίᾳ</span> <span class='ocrx_word' id='word_1_851' title='bbox 2919 5512 3227 5583; x_wconf 84' lang='grc' dir='ltr'>κατορύξας</span> <span class='ocrx_word' id='word_1_852' title='bbox 3253 5510 3474 5594; x_wconf 86' lang='grc' dir='ltr'>φυλάξω</span> <span class='ocrx_word' id='word_1_853' title='bbox 3528 5509 3609 5563; x_wconf 67' lang='grc' dir='ltr'>διν-</span> 
     </span>
    </p>
   </div>
   <div class='ocr_carea' id='block_1_109' title="bbox 2023 5593 3606 5680">
    <p class='ocr_par' dir='ltr' id='par_1_109' title="bbox 2023 5593 3606 5680">
     <span class='ocr_line' id='line_1_109' title="bbox 2023 5593 3606 5680; baseline -0.011 -17"><span class='ocrx_word' id='word_1_854' title='bbox 2023 5593 2251 5680; x_wconf 85' lang='grc' dir='ltr'>ηνεκῶς</span> <span class='ocrx_word' id='word_1_855' title='bbox 2270 5605 2460 5676; x_wconf 75' lang='grc' dir='ltr'>μηδενὶ</span> <span class='ocrx_word' id='word_1_856' title='bbox 2494 5600 2827 5674; x_wconf 77' lang='grc' dir='ltr'>μεταδιδοὺς,</span> <span class='ocrx_word' id='word_1_857' title='bbox 2856 5594 3168 5680; x_wconf 11' lang='grc' dir='ltr'>ἐλαττονῦταί</span> <span class='ocrx_word' id='word_1_858' title='bbox 3198 5612 3285 5680; x_wconf 70' lang='grc' dir='ltr'>μοι</span> <span class='ocrx_word' id='word_1_859' title='bbox 3315 5593 3373 5647; x_wconf 82' lang='grc' dir='ltr'>τὸ</span> <span class='ocrx_word' id='word_1_860' title='bbox 3394 5594 3606 5680; x_wconf 75' lang='grc' dir='ltr'>κέρδος,</span> 
     </span>
    </p>
   </div>
   <div class='ocr_carea' id='block_1_110' title="bbox 2030 5674 3606 5764">
    <p class='ocr_par' dir='ltr' id='par_1_110' title="bbox 2030 5674 3606 5764">
     <span class='ocr_line' id='line_1_110' title="bbox 2030 5674 3606 5764; baseline -0.013 -17"><span class='ocrx_word' id='word_1_861' title='bbox 2030 5674 2283 5764; x_wconf 79' lang='grc' dir='ltr'>μειοῦται</span> <span class='ocrx_word' id='word_1_862' title='bbox 2313 5674 2382 5744; x_wconf 72' lang='grc' dir='ltr'>τά</span> <span class='ocrx_word' id='word_1_863' title='bbox 2407 5687 2507 5758; x_wconf 82' lang='grc' dir='ltr'>τῆς</span> <span class='ocrx_word' id='word_1_864' title='bbox 2533 5681 2848 5758; x_wconf 88' lang='grc' dir='ltr'>περιουσίας</span> <span class='ocrx_word' id='word_1_865' title='bbox 2872 5697 2886 5711; x_wconf 72' lang='grc' dir='ltr'><strong>ο</strong></span> <span class='ocrx_word' id='word_1_866' title='bbox 2913 5678 2980 5734; x_wconf 80' lang='grc' dir='ltr'>ἂν</span> <span class='ocrx_word' id='word_1_867' title='bbox 3036 5679 3093 5734; x_wconf 88' lang='grc' dir='ltr'>δέ</span> <span class='ocrx_word' id='word_1_868' title='bbox 3124 5680 3199 5744; x_wconf 89' lang='grc' dir='ltr'>είς</span> <span class='ocrx_word' id='word_1_869' title='bbox 3238 5677 3485 5760; x_wconf 76' lang='grc' dir='ltr'>ἅπαντας</span> <span class='ocrx_word' id='word_1_870' title='bbox 3516 5674 3606 5740; x_wconf 81' lang='grc' dir='ltr'>ἐξ·-</span> 
     </span>
    </p>
   </div>
  </div>
