4062 6166
264 230 366 287 785

265 344 389 417 quid
429 342 498 402 de
530 339 869 396 facultatibus
901 357 913 392 :
946 338 1028 394 sin
1066 347 1241 393 autem
1279 337 1344 392 ad
1390 351 1577 392 omnes
1600 335 1844 399 efferam,

266 437 569 504 multosque
606 437 886 488 consortes
916 443 980 484 ac
1015 429 1296 499 participes
1328 428 1534 494 faciam,
1568 425 1696 482 mihi
1718 425 1852 481 divi-

271 531 354 585 tiae
383 525 690 599 spirituales
734 531 1013 593 augentttr.
1059 524 1233 592 Atque
1277 521 1389 575 haec
1425 520 1494 574 ita
1535 534 1594 574 se
1628 516 1846 580 habere,

267 633 499 688 eumque
524 615 612 686 qui
637 615 847 669 caeteris
873 611 1258 676 communicat,
1297 610 1594 678 depositum
1617 622 1848 677 augere;

267 713 354 783 qui
376 725 504 764 vero
532 705 830 770 abscondit,
857 713 1120 775 qia-.ostttm
1146 717 1360 757 omnem
1386 702 1726 765 imminuere,
1768 706 1850 752 ιι·-

268 813 377 857 .ues
403 808 528 856 sunt
556 798 653 863 illi,
677 796 870 868 quibus
900 793 1111 851 fuerant
1139 794 1332 848 talenta
1359 792 1664 857 commissa,
1698 791 1741 844 is
1767 791 1849 843 cui

268 893 525 963 quinque,
559 889 604 944 is
630 889 715 944 cui
741 887 868 954 duo,
901 897 954 942 et
981 885 1026 942 is
1050 884 1136 940 cui
1166 899 1352 940 unum.
1383 883 1489 938 Alii
1513 882 1652 936 cnim
1681 881 1853 950 dupli-

267 994 386 1041 cata
416 982 781 1057 proferebant,
808 996 926 1051 qua:
954 980 1054 1036 sibi
1085 979 1285 1035 credita
1318 977 1545 1042 fuerant,
1576 988 1630 1032 et
1657 976 1854 1031 idcirco

267 1076 566 1135 honoribus
593 1073 968 1128 afficiebantur
997 1070 1209 1144 (Matth.
1236 1071 1326 1126 25.
1352 1068 1439 1141 15)
1473 1088 1486 1125 :
1518 1070 1653 1124 alius
1678 1077 1853 1123 autem

269 1169 408 1238 apud
447 1182 506 1226 se
545 1166 798 1230 servavit,
839 1179 940 1220 nec
969 1164 1058 1219 ulli
1087 1162 1523 1228 communicavit,
1553 1177 1726 1231 neque
1754 1161 1854 1215 du-

272 1260 416 1329 plum
446 1257 674 1312 reddere
701 1255 893 1320 valuit,
921 1265 1080 1325 atque
1108 1254 1306 1308 ideirco
1346 1251 1561 1323 punitus
1597 1263 1694 1306 est.
1732 1251 1858 1306 Harc

273 1351 433 1422 igitur
460 1350 741 1405 audientes
771 1362 978 1414 omnes,
1009 1355 1062 1402 et
1092 1346 1232 1417 quod
1261 1345 1385 1401 inde
1413 1345 1728 1415 supplicium
1759 1343 1858 1397 im-

275 1442 442 1498 minet
487 1441 918 1505 reformidantes,
970 1438 1110 1508 quod
1140 1452 1305 1508 penes
1332 1452 1431 1492 nos
1460 1436 1621 1491 fuerit
1659 1435 1856 1490 bonum

277 1538 327 1590 in
360 1535 552 1589 fratres
582 1531 951 1594 conferamus,
996 1539 1050 1584 ct
1086 1529 1138 1586 in
1182 1528 1415 1583 medium
1457 1527 1703 1582 omnibus
1730 1541 1858 1596 per-

277 1628 565 1693 solvamus,
589 1637 764 1694 neque
789 1620 1160 1679 recondamtts.
1185 1618 1315 1676 Cum
1341 1622 1486 1673 enim
1512 1634 1631 1673 cum
1653 1617 1861 1673 caeteris

279 1717 767 1781 communicamus,
810 1724 924 1769 tum
963 1713 1191 1784 amplius
1221 1712 1319 1782 ipsi
1355 1711 1662 1769 ditescimus
1694 1727 1706 1764 :
1739 1725 1860 1766 cum

281 1810 569 1881 participes
589 1808 724 1863 lucri
748 1807 942 1862 multos
964 1805 1206 1872 facimus,
1227 1812 1335 1859 tum
1361 1805 1634 1860 facultates
1655 1811 1863 1858 nostras

281 1915 557 1973 augemus.
586 1900 744 1970 Atqui
789 1898 954 1953 minui
982 1896 1203 1968 gloriam
1245 1905 1387 1951 tuam
1416 1893 1710 1960 arbitraris,
1739 1908 1860 1948 cum

288 2001 346 2046 tu
391 2007 455 2046 ea
504 1989 642 2046 nosti
684 2003 799 2044 cum
844 1987 1048 2051 multis,
1091 2001 1209 2057 quae
1254 1985 1400 2040 solus
1429 1997 1653 2038 noveras
1693 1999 1706 2035 :
1754 1981 1862 2036 imo

289 2096 420 2137 vero
463 2088 572 2134 tum
610 2089 827 2149 augetur
854 2077 1022 2145 gloria
1045 2119 1061 2144 ,
1089 2086 1143 2132 et
1180 2075 1377 2132 utilitas
1405 2086 1488 2128 tua
1510 2115 1526 2141 ,
1565 2088 1686 2130 cum
1725 2073 1862 2126 invi-

287 2174 430 2228 diam
453 2172 742 2242 proculcas,
779 2185 900 2227 cum
927 2170 1150 2226 livorem
1173 2168 1484 2239 exstinguis,
1515 2182 1638 2222 cum
1664 2166 1864 2222 amoris

286 2265 336 2318 in
366 2263 558 2318 fratres
586 2261 856 2332 egregium
883 2261 1151 2330 specimen
1196 2258 1330 2314 edis.
1361 2257 1512 2327 Quod
1539 2257 1587 2313 si
1628 2257 1773 2312 solus
1810 2255 1862 2311 id

281 2353 458 2407 sciens
484 2351 817 2416 obambules,
845 2350 1088 2405 homines
1109 2349 1320 2420 quidem
1351 2355 1403 2402 te
1430 2357 1698 2417 tamquam
1732 2346 1867 2400 invi-

281 2443 406 2498 dum
432 2451 487 2497 et
511 2442 738 2497 fratrum
766 2457 978 2496 osorem
1012 2441 1429 2506 aversabuntur,
1458 2449 1510 2495 et
1543 2439 1667 2494 odio
1696 2437 1865 2493 habe-

283 2533 413 2588 bunt
445 2551 459 2586 :
493 2533 634 2587 Deus
670 2540 847 2586 autem
886 2541 1135 2603 tanquam
1183 2529 1250 2586 ab
1288 2530 1531 2600 improbo
1567 2537 1862 2584 extremum

283 2627 600 2696 supplicium
627 2627 826 2694 exiget.
851 2624 1051 2679 Prattcr
1077 2623 1190 2678 htec
1216 2632 1392 2676 autem
1425 2623 1536 2691 ipsa
1566 2622 1724 2676 etiam
1744 2636 1865 2691 gra-

285 2719 356 2772 tia
381 2717 664 2773 confestim
697 2716 895 2772 nudum
924 2725 974 2770 le
995 2715 1368 2785 derelinquens
1393 2712 1626 2783 aufugiet
1657 2730 1671 2767 :
1698 2728 1869 2783 quan-

281 2810 564 2879 doquidem
613 2808 939 2863 frumentum
987 2822 1197 2877 quoque
1227 2806 1271 2860 si
1301 2820 1515 2876 semper
1556 2805 1608 2858 in
1658 2803 1868 2859 horreis

282 2902 355 2956 sit
397 2899 729 2956 reennditutu
751 2941 767 2966 ,
799 2898 1160 2961 consumitur,
1191 2913 1311 2952 cum
1341 2912 1370 2950 a
1403 2897 1540 2951 tinea
1567 2895 1822 2950 exedatur
1850 2911 1864 2949 :

282 2993 328 3045 si
361 3006 491 3046 vero
519 2991 777 3060 prolatum
808 2989 952 3044 foras
979 2990 1030 3043 in
1059 3003 1182 3042 arva
1208 2995 1513 3058 spargatur,
1547 2986 1865 3056 multiplica-

285 3095 373 3138 tur
417 3097 734 3153 rursumque
775 3089 1066 3136 renovatur
1098 3098 1112 3134 :
1149 3080 1219 3133 ita
1259 3094 1436 3133 sermo
1466 3092 1674 3148 quoque
1709 3076 1869 3146 spiri-

284 3175 474 3242 tualis,
519 3175 565 3228 si
611 3188 827 3244 semper
869 3175 1011 3226 intus
1056 3171 1435 3236 concludatur,
1478 3169 1603 3221 dum
1648 3167 1866 3234 invidia,

284 3275 532 3335 torpore,
565 3278 628 3319 ac
663 3263 783 3318 tabe
809 3262 1167 3330 corrumpitur
1185 3302 1200 3327 ,
1229 3269 1281 3315 et
1311 3259 1642 3314 consumitur
1667 3258 1868 3323 anima,

282 3355 395 3408 cito
415 3353 771 3423 exstinguitur
795 3370 808 3407 :
834 3353 914 3408 sin
936 3361 1110 3406 autem
1135 3359 1400 3420 tamquam
1422 3350 1473 3404 in
1499 3364 1681 3403 arvum
1702 3347 1872 3404 fertile

280 3445 341 3500 in
367 3446 575 3501 animas
602 3443 823 3501 fratrum
853 3445 1209 3514 dispergatur,
1251 3443 1319 3497 ita
1351 3442 1407 3496 fit
1435 3450 1492 3497 ut
1520 3451 1574 3498 et
1597 3441 1662 3496 iis
1688 3457 1718 3496 a
1749 3441 1870 3511 qui-

280 3535 386 3590 bus
413 3534 702 3605 suscipitur
729 3544 782 3590 et
805 3535 868 3589 iis
896 3549 926 3588 a
955 3534 1146 3604 quibus
1175 3533 1477 3603 possidetur
1497 3532 1873 3602 multiplicetur

283 3626 596 3682 thesaurus.
637 3625 704 3681 Et
731 3625 1174 3696 quemadmodum
1206 3623 1325 3678 fons
1345 3665 1360 3690 ,
1392 3639 1458 3678 ex
1487 3637 1593 3694 quo
1620 3622 1874 3694 frequen-

283 3729 372 3772 ter
403 3715 664 3784 hauritur,
699 3717 878 3787 purior
910 3715 985 3780 fit,
1018 3725 1069 3772 et
1095 3717 1359 3785 cepiosius
1385 3716 1621 3781 scaturit,
1654 3715 1871 3770 obtura-

280 3818 375 3862 tus
398 3823 526 3864 vero
551 3807 860 3875 destruitur,
889 3807 966 3862 sic
993 3819 1046 3862 et
1070 3808 1265 3864 donum
1297 3806 1588 3877 spirituale,
1615 3821 1679 3861 ac
1696 3820 1874 3862 sermo

281 3899 572 3965 doctrinm,
605 3899 649 3952 si
678 3898 985 3968 frequenter
1014 3897 1305 3964 hauriatur,
1330 3907 1383 3953 et
1410 3897 1729 3952 hauriendus
1759 3899 1876 3968 qui-

285 3992 474 4048 busvis
519 3999 845 4062 exponatur,
891 3991 1107 4045 uberius
1147 3997 1330 4045 manat
1374 4008 1388 4044 :
1429 3989 1626 4044 invidia
1655 4005 1784 4044 vero
1822 3997 1877 4044 et

283 4082 459 4136 livore
490 4095 806 4150 suppressus
844 4080 1135 4147 minuitur,
1166 4095 1228 4134 ac
1259 4078 1470 4133 tandem
1500 4079 1872 4150 exstinguitur.

283 4171 520 4242 Quando
559 4172 715 4242 igitur
755 4180 899 4226 tanta
943 4171 1097 4226 nobis
1139 4170 1259 4225 inde
1300 4171 1496 4225 utilitas
1535 4172 1738 4236 oritur,
1781 4186 1877 4242 age

283 4264 434 4334 quod
460 4263 513 4317 in
541 4271 723 4317 nostra
745 4271 1006 4334 potestate
1029 4265 1188 4318 situm
1213 4262 1392 4329 fuerit,
1416 4263 1468 4316 in
1490 4263 1720 4318 medium
1745 4263 1874 4318 all‘e—

286 4371 498 4421 ramus,
529 4364 801 4426 totumque
824 4356 975 4410 vobis
1001 4355 1234 4410 debitum
1262 4355 1618 4418 exsolvamus,
1651 4356 1695 4409 si
1731 4357 1878 4426 prius

288 4459 465 4501 totum
511 4447 807 4502 debitorum
852 4447 1071 4502 istorum
1116 4446 1362 4502 ordinem
1393 4446 1540 4502 vobis
1580 4446 1635 4502 in
1680 4463 1881 4502 memo—

289 4540 432 4592 riam
458 4537 908 4593 revocaverimus.

366 4628 425 4683 Ξ.
469 4629 630 4683 Scitis
656 4643 784 4699 ergo
819 4644 881 4682 ac
909 4628 1247 4693 meministis,
1281 4643 1450 4700 nuper
1478 4643 1574 4681 nos
1601 4627 1669 4683 de
1698 4627 1877 4698 unige-

290 4720 395 4774 niti
425 4719 592 4790 gloria
625 4719 949 4775 disserentes
986 4720 1166 4790 plures
1191 4719 1659 4773 condescensionis
1689 4719 1739 4771 in
1769 4732 1859 4772 ver

290 4813 383 4866 bis
413 4826 605 4866 causas
634 4825 975 4867 enumerasse
1012 4826 1117 4866 :ac
1161 4812 1359 4866 dixisse
1398 4827 1496 4866 nos
1534 4827 1640 4865 non
1683 4821 1881 4866 tantum

291 4905 369 4958 ob
397 4904 576 4958 carnis
605 4904 881 4971 amictum,
911 4919 1080 4974 neque
1111 4914 1324 4973 propter
1353 4904 1707 4958 infirmitatem
1737 4902 1885 4958 audi-

295 5005 483 5048 torum
510 5003 716 5048 tantum
735 5009 877 5062 saepe
897 4994 1162 5048 Christum
1195 4995 1465 5048 humiliter
1488 4994 1650 5063 loqui,
1679 5009 1886 5049 verum-

295 5083 467 5137 etiam
500 5083 683 5138 multis
721 5083 773 5138 in
821 5083 985 5150 locis,
1017 5082 1157 5153 quod
1199 5093 1252 5138 et
1294 5084 1639 5138 humilitatem
1680 5084 1884 5139 doceat.

294 5177 483 5244 Atque
509 5175 626 5229 illas
655 5173 868 5245 quidem
896 5189 1086 5229 causas
1129 5175 1256 5229 satis
1302 5183 1411 5229 tum
1458 5174 1758 5245 persequuti
1797 5192 1887 5228 su-

296 5280 447 5331 mus,
479 5275 534 5320 et
563 5265 724 5328 illius,
753 5280 911 5334 quam
939 5280 1033 5334 pro
1064 5263 1263 5319 Lazaro
1283 5307 1298 5330 ,
1326 5274 1379 5319 ct
1404 5264 1622 5319 alterius
1650 5280 1806 5334 quam
1839 5266 1889 5319 iu

1078 224 1168 282 DE
1203 222 1469 283 CHRISTI
1507 220 1862 288 PRECIBUS,
1903 221 2172 278 CONTRA
2213 224 2587 282 ANOMOEOS.
2630 226 2695 282 Χ.

3425 223 3527 279 786

1955 351 2112 405 quam
2143 339 2341 392 auxilio
2380 340 2661 411 indigeret.
2705 343 2871 398 Porro
2912 346 3074 400 multa
3117 347 3248 404 facta
3279 352 3438 406 etiam
3465 355 3537 410 ab

1957 442 2024 482 eo
2053 429 2236 487 fuisse.
2263 440 2321 484 ut
2345 431 2694 488 humilitatem
2727 435 2845 490 illos
2865 437 3104 504 doceret,
3125 440 3245 495 audi
3275 458 3392 512 quae
3411 459 3537 513 pro-

1955 519 2101 573 bent.
2130 522 2334 590 Aquam
2366 523 2509 578 misit
2539 525 2588 578 in
2621 525 2834 594 pelvim,
2865 536 2918 582 et
2944 531 3092 597 quasi
3119 530 3220 586 hoc
3245 549 3353 588 non
3380 533 3535 589 suffl-

1955 618 2134 675 ceret,
2178 610 2351 666 adhuc
2376 622 2429 666 et
2457 613 2623 669 linteo
2652 631 2710 670 se
2739 619 3032 687 princinxit,
3063 620 3128 675 ad
3157 634 3449 678 extremam
3475 640 3538 681 se

1957 697 2214 769 dejiciens
2243 703 2520 769 vilitatem,
2543 719 2606 758 ac
2629 706 3004 777 discipulorum
3037 712 3196 781 pedes
3225 714 3402 770 lavare
3426 731 3538 773 cat-

1958 789 2068 857 pit,
2114 802 2166 845 et
2209 808 2329 846 cum
2375 793 2646 864 discipulis
2687 799 2845 852 etiam
2888 802 3170 869 proditoris
3209 805 3370 875 pedes
3411 807 3538 861 lavit

1960 880 2154 949 (Joan.
2181 885 2264 938 l5.
2294 886 2341 938 4.
2365 884 2455 956 5).
2487 886 2615 954 Quis
2655 906 2762 945 non
2805 892 3140 964 obstupescat
3177 907 3230 953 et
3269 902 3542 956 miretur?

1960 972 2110 1042 Ejus,
2139 977 2225 1046 qui
2253 979 2558 1047 proditurus
2588 981 2732 1036 illum
2763 997 2908 1050 erat,
2951 989 3111 1057 pedes
3141 991 3316 1057 lavat,
3357 1003 3411 1048 et
3439 995 3538 1050 Pe-

1962 1074 2138 1132 trum,
2180 1071 2268 1137 qui
2313 1073 2588 1127 recusabat
2618 1090 2680 1128 ac
2722 1077 2963 1141 dicebat,
2994 1079 3241 1146 Domine,
3275 1102 3376 1139 non
3414 1087 3538 1139 mihi

1961 1156 2148 1212 favebis
2186 1161 2335 1229 pedes
2389 1161 2500 1230 (lb.
2545 1180 2591 1216 υ.
2620 1165 2672 1220 6.
2697 1168 2750 1221 8.
2775 1167 2850 1239 9),
2903 1185 3008 1224 non
3063 1175 3291 1240 omittit,
3331 1177 3423 1230 sed
3463 1179 3539 1231 ait

1961 1249 2034 1304 illi
2067 1267 2080 1303 :
2111 1251 2172 1306 Si
2209 1269 2307 1308 non
2337 1257 2502 1311 lavero
2532 1259 2684 1328 pedes
2713 1269 2826 1316 tuos
2845 1303 2860 1328 ,
2890 1281 2988 1317 non
3019 1265 3166 1320 habes
3206 1281 3398 1336 partem
3427 1287 3534 1324 me-

1959 1359 2074 1396 cum
2099 1359 2119 1398 :
2151 1352 2261 1399 tum
2289 1347 2406 1412 ille,
2435 1347 2665 1416 Domine,
2678 1369 2778 1407 non
2817 1363 3010 1408 tantum
3042 1357 3212 1427 pedes,
3241 1360 3330 1412 sed
3355 1371 3400 1414 et
3424 1378 3538 1414 ma-

1961 1449 2055 1488 nus
2079 1445 2126 1489 et
2153 1446 2324 1505 caput.
2365 1438 2528 1496 Vides
2567 1442 2619 1496 in
2659 1442 2743 1500 bis
2778 1444 2986 1500 duobus
3014 1448 3258 1518 discipuli
3287 1467 3539 1508 reveren-

1964 1524 2111 1591 tiam,
2157 1535 2211 1583 et
2255 1529 2305 1583 in
2345 1533 2676 1589 recusatione
2716 1545 2769 1591 et
2811 1537 2862 1592 in
2892 1541 3164 1595 assensu?
3207 1541 3355 1598 Licet
3393 1545 3537 1600 enim

1962 1618 2225 1671 contraria
2247 1619 2352 1674 sint
2373 1621 2550 1684 verba,
2576 1633 2808 1680 attamen
2830 1642 2938 1696 pra;
2963 1630 3126 1685 nimio
3147 1630 3356 1688 fervore
3373 1635 3541 1692 animi

1965 1715 2245 1789 utrumque
2287 1711 2548 1778 prolatum
2579 1722 2678 1768 est.
2716 1715 2874 1772 Vides
2917 1729 2972 1773 ut
3015 1721 3209 1791 ubique
3249 1722 3457 1779 fervens
3486 1737 3542 1780 ct

1963 1797 2189 1870 diligens
2215 1803 2400 1856 esset?
2430 1804 2642 1870 Verum,
2668 1817 2724 1860 ut
2749 1808 2927 1865 dicere
2971 1827 3306 1881 occeperam,
3335 1831 3400 1871 ne
3421 1831 3545 1885 pro-

1968 1899 2083 1957 pter
2125 1891 2199 1944 rei
2231 1892 2518 1962 vilitatem,
2562 1897 2652 1952 tibi
2695 1899 2746 1952 in
2787 1901 3142 1970 suspicionem
3172 1905 3386 1961 vilitatis
3427 1907 3545 1977 ejus

1969 1993 2155 2036 natura
2195 1984 2428 2052 veniret,
2477 1998 2753 2057 postquam
2799 2006 2983 2046 eorum
3024 1993 3151 2048 lavit
3192 1997 3390 2065 pedes,
3421 2000 3544 2055 audi

1965 2071 2086 2140 quid
2117 2073 2194 2126 eis
2223 2073 2442 2129 dixerit.
2475 2077 2628 2132 Scitis
2655 2080 2777 2150 quid
2803 2085 3006 2150 fecerim
3031 2085 3207 2139 vobis?
3241 2086 3337 2140 Vos
3357 2091 3545 2143 vocatis

1968 2178 2074 2225 me,
2107 2162 2322 2217 Domine
2345 2182 2404 2219 ac
2431 2167 2674 2238 Magister
2692 2211 2707 2235 ,
2737 2180 2782 2223 et
2813 2171 2933 2225 bene
2959 2173 3123 2226 dicitis
3149 2191 3170 2229 :
3198 2192 3310 2230 sum
3338 2184 3540 2232 etenim.

1968 2255 2030 2308 Si
2067 2271 2186 2324 ergo
2226 2273 2316 2327 ego
2358 2257 2457 2310 lavi
2496 2259 2644 2327 pedes
2680 2271 2864 2315 vestros
2903 2261 3152 2320 Dominus
3191 2282 3250 2318 ac
3281 2265 3544 2337 Magister,

1970 2344 2041 2396 ita
2068 2355 2113 2398 et
2141 2361 2225 2400 vos
2252 2347 2430 2402 debitis
2457 2349 2590 2404 vobis
2617 2354 2822 2406 invicem
2863 2357 3048 2424 facere.
3083 2356 3386 2428 Exemplum
3413 2363 3548 2416 enim

1967 2436 2084 2490 dedi
2109 2439 2271 2503 vobis,
2303 2448 2356 2491 ut
2395 2441 2817 2507 quemadmodum
2843 2460 2934 2515 ego
2964 2446 3063 2516 {cci
3087 2449 3222 2503 vobis
3241 2489 3257 2516 ,
3285 2449 3358 2504 ita
3387 2461 3434 2506 et
3461 2467 3548 2506 vos

1966 2528 2172 2580 invicem
2203 2529 2398 2596 faciatis
2428 2527 2533 2599 (Ib.
2563 2549 2609 2586 υ.
2636 2533 2848 2605 1245).

2043 2617 2110 2672 Ut
2157 2619 2313 2673 bonus
2355 2622 2593 2691 magister
2637 2621 2844 2678 balbutit
2891 2625 3144 2681 nobiscum
3188 2627 3437 2685 Christus.
3478 2661 3550 2674 --

1973 2708 2130 2762 Vides
2159 2708 2225 2762 ab
2253 2724 2318 2764 eo
2355 2712 2515 2764 multa
2557 2727 2675 2768 esse
2719 2714 2887 2778 facta,
2934 2727 2992 2772 ut
3030 2722 3329 2788 exemplum
3375 2723 3548 2782 daret.

1969 2799 2098 2853 Nam
2131 2802 2575 2870 quemadmodum
2607 2807 2862 2874 sapientia
2895 2811 3054 2864 multa
3085 2814 3334 2879 prteditus
3379 2818 3548 2887 magi«

1968 2899 2080 2945 ster
2105 2908 2222 2945 cum
2253 2891 2665 2950 balhutientibus
2696 2899 2931 2965 puerulis
2963 2900 3205 2968 balbutit,
3237 2921 3408 2975 neque
3436 2907 3550 2961 bal-

1969 2983 2144 3038 buties
2175 2984 2408 3054 magistri
2458 2986 2716 3040 inscitiam
2763 2989 2996 3058 indicat,
3044 2994 3136 3049 sed
3185 3008 3440 3064 quantum
3481 2998 3551 3054 do

1971 3074 2206 3143 puerulis
2231 3076 2298 3128 sit
2333 3075 2624 3142 sollicitus;
2669 3080 2746 3134 sic
2776 3079 3023 3135 nimirum
3051 3092 3104 3136 et
3141 3084 3417 3152 Chrisuis,
3443 3102 3548 3142 non

1971 3164 2040 3220 ob
2064 3180 2174 3219 sua:
2205 3174 2406 3219 natura:
2435 3167 2688 3221 vilitatem
2719 3168 2835 3224 hinc
2861 3171 3068 3240 agebat,
3113 3175 3206 3228 sed
3246 3177 3314 3232 ob
3348 3178 3550 3232 conde-

1971 3256 2325 3312 scensionem.
2345 3258 2515 3326 Atque
2539 3257 2652 3313 haec
2673 3276 2774 3313 non
2795 3270 2996 3317 temere
3015 3274 3138 3319 sunt
3160 3268 3548 3334 praetereunda.

1970 3345 2102 3400 Nam
2131 3357 2185 3402 et
2211 3347 2311 3402 hoc
2337 3347 2510 3416 ipsum
2530 3389 2543 3410 ,
2573 3349 2616 3402 si
2645 3365 2884 3406 seorsum
2913 3353 2980 3408 ab
3009 3353 3126 3409 aliis
3150 3371 3180 3408 a
3205 3357 3358 3412 nobis
3385 3372 3549 3413 exeu-

1974 3438 2155 3505 tiatur,
2183 3438 2301 3493 vide
2327 3449 2521 3509 quanta
2548 3440 2849 3495 absurditas
2877 3442 3000 3498 hinc
3025 3456 3291 3515 sequatur.
3323 3447 3377 3503 Si
3406 3449 3551 3503 enim

1974 3527 2021 3582 is
2047 3529 2137 3598 qui
2168 3528 2324 3593 lavat,
2356 3544 2422 3583 eo
2449 3532 2537 3600 qui
2579 3531 2781 3585 lavatur
2809 3534 2966 3588 vilior
3005 3543 3059 3589 et
3101 3537 3317 3592 inferior
3342 3539 3553 3594 videtur

1973 3632 2092 3673 esse
2121 3616 2390 3690 (caeterum
2419 3623 2505 3690 qui
2539 3622 2677 3676 lavat
2701 3622 2943 3680 Christus
2963 3634 3063 3692 est,
3093 3635 3149 3680 ct
3175 3628 3439 3700 discipuli,
3461 3633 3552 3700 qui

1977 3708 2286 3780 lavantur),
2315 3726 2442 3781 ergo
2479 3711 2697 3767 inferior
2736 3713 3009 3782 discipulis
3046 3718 3147 3772 crit
3185 3719 3466 3776 Christus:
3498 3731 3554 3776 at

1976 3799 2077 3854 hoc
2118 3801 2319 3867 nullus,
2363 3817 2430 3856 tte
2467 3802 2511 3858 si
2559 3803 2781 3858 insaniat
2824 3806 3068 3874 quidem,
3110 3807 3323 3862 dixerit.
3372 3809 3554 3876 Vides,

1975 3899 2228 3960 quantum
2256 3891 2327 3947 sit
2354 3893 2551 3946 malmn
2579 3909 2764 3947 causas
2784 3935 2800 3959 ,
2839 3894 2909 3948 oh
2935 3911 3064 3962 quas
3101 3898 3278 3952 omnia
3312 3897 3556 3954 Christus

1975 3982 2183 4052 agebat,
2217 3983 2504 4051 ignorare?
2532 3982 2624 4036 Vel
2654 3984 2826 4052 potius
2845 4027 2860 4048 ,
2889 3985 3056 4051 vides,
3088 3997 3342 4056 quantum
3367 3990 3434 4042 sit
3460 3989 3555 4043 ho-
3647 3979 3652 3983 λ

1977 4088 2103 4126 num
2134 4073 2308 4126 omnia
2355 4074 2634 4144 diligenter
2671 4086 2956 4144 excutere,
2987 4093 3159 4146 neque
3183 4081 3371 4148 quovis
3396 4082 3556 4135 modo

1977 4165 2172 4235 aliquid
2201 4165 2268 4219 ab
2291 4182 2356 4220 eo
2382 4166 2578 4222 dictum
2609 4182 2728 4222 esse
2749 4169 2832 4222 vel
2861 4168 3077 4236 factum,
3107 4173 3198 4226 sed
3221 4175 3379 4228 etiam
3404 4175 3558 4246 cujus

1980 4256 2056 4310 rei
2094 4257 2294 4325 gratia,
2341 4266 2391 4310 et
2423 4266 2638 4327 propter
2664 4259 2787 4328 quid
2808 4299 2823 4323 ,
2855 4260 3185 4332 adjungere?
3224 4263 3404 4334 Neque
3431 4281 3562 4321 vero

1982 4357 2183 4401 tantum
2213 4349 2315 4403 hoc
2340 4349 2458 4403 loco
2487 4349 2536 4403 id
2563 4348 2709 4418 fecit,
2737 4351 2831 4406 sed
2857 4363 2906 4408 et
2941 4353 3064 4408 alibi
3100 4353 3200 4409 hoc
3232 4356 3399 4425 ipsum
3425 4360 3554 4413 sub-

1982 4440 2252 4495 indicavit.
2290 4439 2420 4495 Cum
2449 4441 2591 4497 enim
2618 4442 2856 4508 dixisset,
2889 4443 3013 4512 Quis
3041 4447 3204 4516 major
3228 4457 3300 4502 est
3319 4491 3333 4513 ,
3361 4451 3444 4521 qui
3474 4467 3559 4504 re-

1982 4532 2187 4597 cumbit,
2214 4550 2278 4586 an
2301 4534 2384 4604 qui
2409 4533 2701 4588 ministrat?
2726 4534 2940 4604 adjecit,
2970 4535 3153 4592 Nonne
3171 4540 3257 4611 qui
3284 4543 3563 4597 recumbit?

1984 4621 2096 4693 Ego
2132 4635 2300 4677 autem
2328 4625 2380 4677 in
2410 4625 2572 4678 medio
2607 4633 2820 4679 vestrum
2844 4643 2956 4681 sum
2976 4669 2991 4690 ,
3031 4630 3159 4683 sicut
3197 4632 3281 4699 qui
3311 4633 3562 4686 ministrat

1989 4713 2247 4786 (Lumﬂﬂ.
2271 4715 2396 4786 27).
2443 4716 2552 4771 lloc
2580 4733 2706 4772 vero
2745 4719 2905 4773 etiam
2949 4720 3116 4788 dixit,
3155 4731 3209 4775 et
3246 4723 3368 4776 illud
3412 4722 3558 4792 fecit,

1986 4806 2272 4861 ostendens
2326 4807 2506 4861 multis
2557 4808 2607 4861 in
2662 4808 2794 4862 locis
2842 4824 2900 4863 se
2949 4811 3154 4865 minora
3206 4812 3442 4883 arripere
3495 4815 3560 4869 ad

1987 4896 2256 4951 docendos
2287 4895 2606 4966 discipulos,
2651 4907 2705 4953 et
2743 4900 2900 4954 simul
2943 4911 2998 4954 ut
3036 4917 3130 4956 eos
3155 4904 3221 4957 ad
3249 4904 3560 4960 modestiam

1989 4988 2291 5042 sectandam
2326 4987 2561 5043 inducat.
2592 4991 2765 5060 Atque
2801 4991 2914 5045 haec
2950 4992 3096 5047 illum
3126 4995 3302 5048 omnia
3338 4995 3566 5051 tolerare

1992 5075 2329 5132 manifestum
2358 5087 2460 5142 est,
2490 5095 2592 5132 non
2623 5080 2762 5148 quod
2795 5079 3060 5135 inferioris
3085 5083 3152 5136 sit
3191 5092 3426 5150 naturai,
3469 5085 3566 5140 sed

1993 5177 2050 5222 ut
2070 5182 2162 5223 eos
2182 5167 2387 5223 erudiat
2411 5186 2425 5222 :
2449 5169 2706 5240 siquidem
2727 5171 2850 5225 alibi
2877 5188 3088 5242 quoque
3112 5173 3238 5228 dicit
3262 5195 3275 5231 :
3301 5173 3567 5246 Principes

1991 5262 2211 5332 gentiunt
2237 5259 2561 5314 dominantur
2598 5277 2772 5315 earum
2790 5303 2804 5326 ,
2846 5263 2984 5330 apud
3013 5279 3095 5318 vos
3122 5275 3290 5319 autem
3325 5284 3424 5321 non
3451 5269 3524 5320 ita
3549 5283 3569 5322 :

297 5359 420 5426 ipsa
459 5372 622 5413 cruce
651 5357 876 5422 obtulit,
907 5355 1162 5410 orationis
1200 5357 1509 5410 memoriam
1539 5356 1888 5418 refrieuinnas,

299 5457 363 5500 ct
384 5447 739 5514 ostendimus,
775 5447 910 5502 hanc
937 5448 1150 5516 quidem
1179 5445 1295 5500 ideo
1328 5446 1492 5500 fusam
1523 5461 1662 5514 esse,
1703 5457 1758 5501 ut
1781 5447 1892 5502 dis~

302 5538 640 5606 peusationis
682 5538 734 5590 in
778 5553 938 5592 carne
965 5536 1098 5591 fides
1127 5537 1524 5600 adstrueretur,
1564 5536 1706 5590 illam
1733 5552 1892 5605 vero,

305 5630 695 5686 titauditorum
717 5628 1063 5685 imbecillitati
1078 5627 1400 5694 consuleret,
1419 5644 1538 5684 cum
1560 5629 1672 5698 ipse
1694 5644 1916 5700 nequer

1996 5353 2082 5405 sed
2105 5352 2192 5421 qui
2221 5352 2321 5404 vult
2348 5352 2478 5404 inter
2505 5367 2588 5404 vos
2617 5368 2720 5404 esse
2745 5355 2936 5418 primus
2955 5394 2968 5416 ,
3001 5354 3064 5406 sit
3095 5357 3317 5407 omnium
3350 5358 3573 5414 minister

2000 5443 2210 5516 (Matth.
2239 5444 2329 5498 20.
2351 5443 2440 5497 25.
2463 5443 2554 5496 26.
2579 5442 2700 5512 9.8).
2729 5442 2858 5497 Nam
2881 5442 3049 5498 Filius
3075 5445 3288 5500 hominis
3318 5465 3417 5502 non
3444 5453 3575 5505 venit

2000 5536 2296 5601 ministrari,
2320 5534 2408 5588 sed
2430 5534 2731 5588 titinistrare.
2760 5533 2813 5588 Si
2836 5549 2966 5605 ergo
2991 5538 3133 5591 venit
3154 5546 3209 5591 ut
3230 5540 3574 5606 titinistrarct,

2010 5634 2063 5680 et
2098 5623 2451 5680 humilitatem
2493 5623 2708 5681 doceret
2731 5665 2748 5690 .
2785 5625 2892 5682 noli
2926 5625 3158 5695 turbari,
3201 5643 3299 5685 nec
3345 5629 3576 5686 animum
