4062 6166
303 409 435 468 ῑδοις
457 399 624 456 αὐτὸν
653 391 1007 449 ἐπιτελοῦντά
1033 405 1136 441 που
1169 386 1262 440 καὶ
1302 382 1696 452 φθεγγόμενον.
1727 378 1885 432 Οὑτω

300 501 397 556 καὶ
428 493 630 556 πολλὰς
655 489 766 544 τῶν
792 485 969 557 εὐχῶν
999 481 1108 537 ἀπὸ
1139 480 1236 551 τῆς
1271 477 1443 548 αὐτῆς
1483 473 1721 528 ἐπιτελεῖ
1745 469 1888 541 γνώ-

305 609 434 664 μης.
467 587 580 641 Kal
603 582 712 654 γάρ
743 576 1047 652 προσῆλθον
1080 571 1229 643 αὐτῷ
1253 570 1520 638 λέγοντες,
1550 567 1748 634 Κύριε,
1801 561 1888 615 δί-

303 655 494 747 δαξον
523 675 684 749 ἡμᾶς
719 670 1188 741 προσεύχεσθαι,
1220 664 1424 731 ὥσπερ
1467 659 1739 726 Ἰωάννης
1770 655 1888 709 ἐδί-

302 775 452 840 δαξε
503 771 648 835 τοὺς
696 764 970 836 μαθητὰς
1029 757 1237 814 αὑτοῦ.
1299 756 1366 809 Τί
1408 749 1502 808 οῦν
1539 749 1687 825 [552]
1723 749 1888 821 ἐχρῆν

305 867 503 928 ποιεῖν,
535 861 658 915 εἰπέ
702 873 828 929 μοις
863 855 939 926 μὴ
986 851 1197 914 διδάξαι
1223 848 1420 912 αὐτοὺς
1445 842 1842 917 προσεύχεσθαι
1870 857 1886 906 ;

319 957 480 1012 Ἀλλά
498 954 587 1008 διὰ
615 950 776 1006 τοῦτο
795 944 982 1018 ἦλθεν,
1000 945 1088 998 ῖνα
1111 943 1193 1006 εἰς
1218 943 1399 994 πᾶσαν
1424 937 1620 1000 αὐτοὺς
1646 933 1888 1004 ἐναγάγῃ

307 1047 648 1123 φιλοσοφίαν.
683 1041 828 1098 Ἀλλ’
871 1039 1040 1111 ἐχρῆν
1077 1034 1329 1102 διδάξαις
1381 1029 1591 1085 Οὐκοῦν
1632 1025 1890 1095 εὐξασθαι

307 1145 462 1200 ἐδει.’

388 1256 530 1311 Ἀλλ’
560 1255 668 1309 ἔδει
693 1253 898 1325 ῥήματι
920 1249 1080 1304 τοῦτο
1101 1248 1261 1320 μόνον
1277 1244 1523 1316 ποιῆσαι,
1541 1239 1728 1314 φησίν.
1749 1239 1891 1292 Ἀλλ’

309 1351 408 1420 οὐχ
435 1347 609 1410 οὕτως
643 1347 678 1418 ὴ
717 1345 806 1397 διὰ
834 1342 945 1396 τῶν
977 1342 1262 1414 ῥημάτων,
1293 1339 1369 1402 ὡς
1392 1338 1426 1407 ή
1461 1334 1551 1390 διά
1583 1333 1693 1386 τῶν
1752 1347 1895 1402 πρα-

313 1441 536 1512 γμάτων
558 1436 880 1493 διδασκαλία
905 1436 1034 1498 τοὺς
1055 1429 1529 1505 μαθητευομένους
1544 1427 1758 1492 ἐνάγειν
1773 1426 1896 1477 εῐω-

315 1536 396 1588 θε.
440 1532 544 1586 Διά
564 1547 650 1583 τοι
677 1528 838 1582 τοῦτο
869 1527 990 1596 οὐχ).
1021 1525 1259 1579 διδάσκει
1304 1522 1503 1584 αὐτοὺς
1529 1517 1697 1590 εὐχὴν
1734 1515 1896 1588 μόνον

314 1626 408 1698 τὴν
433 1625 521 1678 διὰ
544 1622 656 1676 τῶν
689 1620 970 1693 ῥημάτων,
998 1617 1134 1672 ἀλλά
1172 1615 1267 1670 καὶ
1293 1614 1452 1676 αὐτὸς
1479 1610 1710 1666 διατελεῖ
1738 1608 1897 1661 τοῦτο

315 1718 505 1782 ποιῶν,
539 1715 636 1769 καὶ
662 1712 880 1782 εὔχεται
897 1705 1328 1780 διανυκτερεύων
1357 1707 1416 1759 ἐν
1450 1707 1573 1767 ταῖς
1602 1701 1860 1774 ἐρημίαις
1879 1740 1895 1761 ,

319 1811 464 1883 ἡμᾶς
497 1804 769 1861 παιδεύων
785 1804 880 1858 καὶ
907 1800 1196 1864 νουθετῶν,
1233 1797 1454 1852 ἐπειδάν
1477 1796 1760 1868 μέλλωμεν
1785 1795 1900 1862 ὁμι-

322 1902 432 1955 λεῖν
453 1899 531 1970 τῷ
557 1896 696 1967 Θεῷ,
720 1893 951 1965 φεύγειν
989 1889 1253 1963 θορύϐους
1283 1888 1379 1942 καί¹
1402 1885 1503 1950 τὰς
1540 1888 1598 1938 ἐν
1631 1884 1780 1955 μέσῳ
1806 1899 1902 1935 τα·-

327 1993 517 2065 ραχάς,
550 1988 793 2060 καὶπρὸς
823 1984 1060 2058 ἐρημίαν
1093 1981 1416 2052 ἀναχωρεῖν,
1442 1976 1564 2048 οὐχὶ
1593 1975 1777 2030 τόπων
1807 1975 1902 2046 μό-

325 2105 437 2151 νον,
472 2083 606 2138 ἀλλά
653 2081 745 2135 καὶ
774 2077 1001 2149 καιρῶν.
1046 2073 1283 2147 Ἐρημία
1310 2071 1369 2125 δὲ
1415 2070 1538 2141 οὐχὶ
1574 2069 1703 2141 ὅρος
1741 2069 1901 2138 μόνον

325 2179 508 2239 ἐστὶν,
580 2173 712 2229 ἀλλά
774 2171 870 2226 καὶ
933 2169 1176 2231 οἰκίσκυς
1232 2163 1484 2239 κραυγῆς
1550 2159 1903 2232 ἀπηλλαγμέ-

322 2289 430 2336 νος.

377 2395 448 2454 γ’.
469 2385 579 2439 Kal
596 2387 687 2439 ἵνα
712 2383 921 2455 μάθητε
940 2382 1022 2435 ὅτι
1052 2374 1514 2448 συγκαταϐάσεώς
1529 2374 1677 2428 ἐστιν
1690 2373 1726 2442 ἡ
1744 2371 1899 2442 εὐχὴ,

321 2481 560 2552 μάλιστα
593 2479 692 2550 μέν
715 2477 811 2530 καὶ
843 2474 943 2546 ῆδη
967 2471 1060 2526 διὰ
1085 2471 1196 2524 τῶν
1212 2469 1344 2540 περί
1367 2468 1459 2520 τὸν
1487 2464 1738 2534 Λάζαρον
1765 2479 1828 2514 συ
1837 2480 1904 2532 μ-

319 2573 528 2626 ϐάντων
559 2568 952 2639 ἀπεδείξαμενο
988 2563 1127 2636 πλὴν
1149 2563 1285 2618 ἀλλὰ
1305 2561 1399 2614 καὶ
1434 2556 1699 2629 ἑτέρωθεν
1720 2554 1900 2625 δῆλον.

319 2665 477 2727 Τίνος
501 2662 612 2733 γὰρ
639 2661 828 2715 ἕνεκεν
854 2659 949 2713 ἐπὶ
975 2656 1085 2710 τῶν
1105 2655 1366 2728 μειζόνων
1396 2651 1496 2704 οὐκ
1527 2647 1745 2719 εὔχεται
1775 2647 1906 2701 θαυ-

323 2757 531 2828 μάτων,
581 2753 696 2808 ἀλλ’
739 2753 833 2805 ἐπ)⁸
859 2749 966 2804 τῶν
1010 2747 1345 2809 ἐλαττόνων;
1398 2744 1461 2796 Εἰ
1513 2740 1623 2812 γὰρ
1651 2739 1907 2811 δεόμενος

321 2847 573 2919 βοηθείας
603 2843 802 2916 ηὐχετο
826 2843 920 2895 καὶ
939 2841 1038 2894 οὐκ
1073 2839 1212 2909 ἔχων
1245 2834 1507 2906 αὐτοτελῆ
1527 2832 1778 2902 δύναμιν,
1812 2833 1907 2885 ἐπὶ

321 2942 541 2996 πάντων
569 2937 824 3009 εὔχεσθαι
865 2935 973 2988 ἔδει
1006 2932 1216 2986 καὶτὸν
1266 2927 1484 2998 Πατέρα
1519 2925 1705 2979 καλεῖν
1725 2941 1739 2954 ·
1777 2925 1825 2976 εἰ
1850 2925 1908 2978 δὲ

325 3039 403 3111 μὴ
447 3037 541 3090 ἐπὶ
570 3037 811 3098 πάντων,
842 3032 947 3085 κᾶν
981 3029 1074 3083 ἐπὶ
1124 3026 1234 3080 τῶν
1284 3022 1568 3096 μειζόνων.
1604 3019 1722 3074 Νῦν
1762 3019 1820 3072 δὲ
1847 3019 1910 3072 τὸ

322 3110 568 3186 ἐναντίον
599 3128 770 3180 ποιεῖ·
827 3123 922 3177 ἐπὶ
961 3120 1072 3175 τῶν
1120 3117 1382 3189 μειζόνων
1433 3113 1773 3186 πραγμάτων
1810 3110 1912 3164 οὐκ

320 3222 566 3293 εὔχεται,
597 3219 685 3271 ῖνα
714 3216 887 3286 δείξῃ,
921 3214 1005 3267 ὅτι
1031 3213 1160 3274 τούς
1209 3209 1404 3272 ἄλλους
1435 3205 1708 3261 παιδεύων
1753 3201 1912 3257 τοῦτο

321 3312 521 3375 ἐποίει,
552 3310 673 3379 οὐχὶ
701 3305 984 3376 δυνάμεως
1014 3302 1288 3371 δεόμενος.
1323 3301 1454 3352 Ὅτε
1495 3293 1627 3366 γοῦν
1656 3295 1784 3358 τοὺς
1814 3293 1914 3364 ἀρ-

319 3424 452 3470 τους
479 3403 806 3472 εὐλόγησεν,
848 3394 1156 3464 ἀναϐλέψας
1194 3394 1274 3457 εἱς
1303 3391 1395 3444 τὸν
1430 3389 1657 3459 οὐρανὸν
1686 3386 1910 3457 ηὗξατο,

320 3500 474 3570 ἡμᾶς
503 3492 779 3550 παιδεύων
805 3486 1084 3560 τραπέζης
1123 3483 1197 3556 μὴ
1226 3481 1491 3554 πρότερον
1523 3478 1911 3548 ἀπογεύεσθαι,

319 3591 434 3654 ἕως
455 3589 523 3644 ἂν
546 3585 1030 3656 εὐχαριστήσωμεν
1055 3577 1133 3648 τῷ
1169 3577 1297 3639 τούς
1317 3575 1563 3646 καρποὺς
1590 3570 1913 3640 πεποιηκότι

319 3681 476 3752 Θεῷ·
514 3680 612 3735 καὶ
641 3675 870 3738 πολλοὺς
919 3671 1151 3743 νεκροὺς
1191 3667 1522 3737 ἀναστήσας,
1553 3664 1654 3718 οὐκ
1690 3661 1917 3734 ηὔξατο,

319 3773 423 3828 ιπί
446 3771 504 3824 δὲ
534 3768 785 3838 Λαζάρου
821 3764 1003 3834 μόνον.
1046 3761 1156 3814 Καὶ
1185 3759 1286 3830 τὴν
1314 3755 1494 3810 αἰτίαν
1532 3753 1654 3806 τότε
1690 3753 1918 3824 εἰρήκα-

325 3879 456 3934 μεν,
486 3862 570 3915 ὅτι
607 3859 709 3928 τὴν
729 3855 1013 3912 ἀσθένειαν
1038 3852 1150 3905 τῶν
1187 3847 1472 3920 παρόντων
1510 3842 1914 3914 διορθούμενος,

319 3956 399 4027 ἢν
438 3952 537 4008 καὶ
586 3948 749 4012 αὐτὸς
797 3943 940 4009 εἷπε,
995 3943 1182 4012 σαφῶς
1217 3940 1361 3995 οὑτω
1386 3937 1664 4010 προσθεὶς,
1713 3936 1795 3990 ὅτι
1821 3934 1919 3989 διὰ

317 4047 440 4101 τὸν
467 4045 658 4114 ὄχλον
684 4039 792 4094 τόν
841 4034 1203 4107 περιεστῶτα
1252 4029 1446 4088 εἷπον.
1488 4029 1601 4083 Kal
1637 4029 1722 4083 ότι
1758 4029 1857 4098 οὐκ
1881 4029 1918 4098 ἡ

321 4138 490 4208 εὐχὴ,
527 4135 643 4188 ἀλλ’
674 4135 708 4203 ἡ
742 4132 896 4202 φωνὴ
922 4130 1012 4183 τὸν
1045 4127 1238 4199 νεκρὸν
1261 4127 1503 4196 ῆγειρεν,
1568 4120 1768 4183 ἱκανῶς
1809 4120 1920 4174 άπ-

325 4230 616 4299 εδείξαμεν
659 4225 814 4279 τότε*
835 4224 931 4277 καὶ
998 4223 1086 4276 ίνα
1134 4219 1309 4290 μάθῃς
1345 4216 1502 4270 τοῦτο
1549 4213 1918 4284 σαφέστερον,

327 4325 455 4395 δρα.

407 4439 578 4494 Ὅταν
608 4437 718 4507 γὰρ
744 4433 995 4496 κολάζειν
1027 4429 1142 4499 δέῃ,
1170 4427 1264 4480 καὶ
1298 4427 1425 4478 ὅταν
1454 4425 1643 4494 τιμᾷν,
1671 4421 1768 4476 καί¹
1795 4422 1921 4475 ὅταν

329 4532 713 4605 ἁμαρτήματα
738 4525 979 4596 ἀφιέναι,
1010 4521 1106 4575 καὶ
1137 4521 1264 4572 ὅταν
1290 4515 1623 4588 νομοθετεῖν,
1658 4514 1754 4567 καὶ
1793 4515 1921 4567 ὅταν

331 4603 388 4680 τι
419 4625 530 4678 τῶν
557 4618 738 4689 πολλῷ
771 4615 1034 4689 μειζόνων
1066 4613 1162 4683 δέῃ
1192 4611 1389 4670 ποιεῖν,
1416 4603 1651 4676 οὐδαμοῦ
1683 4604 1774 4658 τὸν
1807 4605 1922 4657 Πα-

331 4716 471 4786 τέρα
506 4709 776 4766 καλοῦντα
801 4706 963 4761 αὑτὸν
986 4705 1262 4775 εὑρήσεις,
1292 4699 1413 4752 οὐδὲ
1447 4696 1760 4767 εὐχόμενον,
1788 4693 1926 4750 ἀλλά

339 4807 484 4881 μετά
507 4803 796 4865 αὐθεντίας
826 4801 1044 4854 ἃπαντα
1076 4794 1406 4866 πράττοντα.
1432 4789 1544 4842 Kal
1565 4787 1768 4841 τούτων
1792 4787 1924 4841 ἐκα-

339 4878 466 4954 στον
499 4896 612 4966 ἐγὼ
646 4895 746 4966 μὲν
787 4889 1282 4960 ἀπαριθμήσομαισ
1340 4884 1404 4937 σύ
1445 4881 1504 4935 δὲ
1553 4879 1748 4934 σκόπει
1788 4878 1926 4949 μετὰ

337 4990 649 5062 ἀκριϐείας,
681 4985 799 5049 πῶς
835 4979 1070 5052 οὐδαμοῦ
1102 4979 1272 5032 δεῖται
1298 4975 1484 5046 εὐχῆς.
1510 4973 1709 5036 Δεῦτε,
1737 4972 1922 5043 φησὶν,

339 5088 396 5138 οἱ
422 5077 817 5150 εὐλογημένοι
850 5073 958 5128 τοῦ
991 5071 1220 5137 Πατρός
1248 5085 1386 5137 μου,
1427 5062 1928 5134 κληρονομήσατε

347 5176 468 5244 τὴν
513 5168 971 5241 ἡτοιμασμένην
1015 5163 1160 5234 ὑμῖν
1204 5159 1550 5226 βασιλείαν.
1601 5156 1707 5210 Kal
1742 5155 1926 5219 πάλιν,

342 5266 680 5336 Πορεύεσθε
695 5262 796 5316 ἀπ’
813 5259 981 5328 ἐμοῦ,
1011 5259 1066 5312 οι
1085 5251 1507 5322 κατηραμένοι,
1533 5252 1620 5316 είς
1641 5248 1708 5302 τό
1729 5247 1846 5316 πῦρ
1861 5247 1929 5300 τὸ

347 5356 796 5428 ἡτοιμασμένον
824 5352 905 5417 τῷ
934 5351 1193 5413 διαϐόλῳ
1231 5346 1332 5400 καὶ
1366 5345 1492 5410 τοῖς
1517 5341 1794 5413 ἀγγέλοις
1825 5341 1930 5393 αὐ-

344 5452 474 5508 τοῦ.
520 5449 650 5504 ’1δού
677 5445 895 5510 κολάζει
925 5445 1022 5498 καὶ
1046 5442 1182 5512 τιμᾷ
1210 5438 1348 5511 μετά
1378 5436 1666 5497 αὐθεντίας
1689 5432 1947 5519 ἀπάσηςη

345 5543 446 5598 καὶ
486 5542 652 5612 εὐχῆς
696 5539 956 5609 οὐδεμιᾶς
987 5535 1179 5588 δεῖται.
1232 5531 1424 5592 Πάλιν,
1468 5530 1598 5582 ὅταν
1640 5525 1930 5598 διορθῶσαι

351 5632 516 5703 σῶμα
547 5631 644 5704 δέῃ
676 5626 1084 5697 διαλελυμένον.
1128 5622 1422 5692 Ἐγερθεὶς
1447 5613 1597 5689 ἆρον
1621 5619 1729 5671 τὸν
1758 5614 1932 5683 κράϐ-

355 5723 534 5780 ὄατόν
564 5737 704 5784 σου,
736 5720 835 5773 καί
873 5714 1180 5786 περιπάτει
1201 5731 1213 5744 ·
1243 5715 1371 5766 ὅταν
1419 5706 1953 5794 ἀπαλλάξιξιᾬανέιο⁴

703 5811 976 5873 Ρλτιιοι..
1025 5809 1142 5871 Gn.
1189 5801 1472 5868 XLVIII.

1085 274 1174 330 DE
1209 269 1493 331 CHRISTI
1527 259 1892 331 PRECIBUS,
1931 261 2214 320 CONTRA
2245 261 2626 319 ANOWEOS.
2655 262 2724 314 Χ.

3451 253 3558 312 788

1989 393 2104 438 του,
2143 373 2360 430 Ταλιθὰ
2406 373 2602 443 κοῦμι,
2642 370 2970 437 ἀνάστηθιο
3019 369 3148 422 ὅταν
3199 364 3565 436 ἐλευθερῶσαι

1988 467 2426 538 ἁμαρτημάτων,
2460 464 2697 533 Θάρσει,
2740 461 2974 526 τέκνον,
3005 456 3306 529 ἀφέωνταί
3341 469 3461 509 σου
3508 460 3569 512 αἱ

1989 555 2265 624 ἁμαρτίαι
2285 571 2302 587 ’
2336 555 2464 608 ὅταν
2513 552 2836 623 ἐπιτιμῆσαι
2864 549 3105 619 δαίμοσι,
3138 545 3241 602 Σοὶ
3282 543 3461 614 λέγω,
3502 544 3569 598 τὸ

1989 644 2259 713 πονηρὸν
2293 644 2625 714 δαιμόνιον,
2662 641 2872 708 ἔξελθε
2901 640 3000 694 ἀπ’
3034 637 3252 694 αὐτοῦ’
3288 637 3419 690 ὃταν
3468 650 3572 687 κα-

1987 736 2267 790 ταστεῖλαι
2295 737 2396 808 τὴν
2446 736 2742 799 θάλασσαν,
2787 732 3007 798 Σιώπα,
3053 731 3398 801 πεφίμωσοο
3445 727 3572 780 ὅταν

1991 827 2231 898 καθᾶραὶ
2279 846 2403 883 τινα
2437 826 2616 900 λέπρᾳ
2657 825 3039 897 κατεχόμενον,
3092 821 3274 886 Θέλω,
3327 818 3573 886 καθαρί-

1991 921 2198 986 σθητι’
2241 918 2368 971 ὅταν
2416 915 2799 989 νομοθετῆσαι,
2843 913 3178 969 Ἠκούσατε
3219 912 3312 965 ὅτι
3362 907 3572 978 ἐρρέθη

1995 1009 2146 1084 [555]
2176 1011 2304 1077 τοῖς
2346 1010 2640 1080 ἀρχαίοις,
2663 1011 2746 1063 Οὐ
2792 1011 3146 1078 φονεύσεις’
3175 1001 3290 1074 ἐγὼ
3321 1000 3390 1054 δὲ
3418 998 3576 1068 λέγω

1992 1096 2156 1168 ὑμῖν,
2188 1104 2288 1168 Ὃς
2300 1099 2382 1155 ἂν
2400 1097 2540 1165 εἴπῃ
2554 1095 2635 1162 τῷ
2648 1093 2890 1166 ἁδελφῷ
2909 1098 3118 1163 αὐτοῦ,
3140 1089 3328 1159 Μωρὲ,
3359 1088 3576 1156 ἔνοχος

1993 1190 2170 1246 ἔσται
2204 1191 2291 1257 εἰς
2319 1191 2437 1257 τὴν
2481 1186 2737 1259 γέενναν
2785 1187 2894 1241 τοῦ
2936 1186 3145 1254 πυρός.
3194 1178 3348 1244 Εἶδες
3397 1177 3575 1233 πάντα

1998 1283 2136 1353 μετὰ
2167 1281 2455 1346 αὐθεντίας
2483 1278 2739 1335 ποιοῦντα
2760 1278 3106 1348 δεσποτικῆς,
3127 1275 3222 1330 καὶ
3245 1275 3324 1337 εἰς
3353 1271 3578 1340 γέενναν

1995 1374 2352 1441 ἐκϐάλλοντα,
2391 1374 2485 1427 καὶ
2515 1374 2596 1436 εἰς
2627 1370 2908 1442 βασιλείαν
2939 1369 3248 1438 εἰσάγοντα,
3282 1364 3377 1419 καὶ
3399 1360 3579 1433 παρά-

1995 1467 2152 1522 λυσιν
2191 1465 2599 1538 διορθούμενον,
2630 1465 2726 1518 καὶ
2771 1464 2852 1526 εἰς
2900 1462 3132 1517 θάνατον
3181 1455 3576 1513 ἀπελαύνοντα.

1999 1559 2096 1614 καὶ
2122 1558 2400 1630 ἁμαρτίας
2428 1558 2679 1627 ἀφιέντα,
2710 1555 2805 1610 καὶ
2829 1555 3080 1624 δαίμοσιν
3102 1548 3462 1621 ἐπιτιμῶντα,
3484 1547 3580 1598 καὶ

1999 1650 2097 1722 τὴν
2125 1650 2398 1704 θάλατταν
2422 1649 2889 1713 καταστέλλοντα;
2923 1647 3117 1701 Καίτοι
3145 1646 3198 1698 τί
3227 1643 3430 1715 μεῖζον,
3459 1637 3585 1695 εἰπέ

2003 1760 2118 1812 μοι,
2150 1744 2230 1806 εἰς
2263 1742 2542 1814 βασιλείαν
2565 1744 2901 1811 εἰσαγαγεῖν,
2933 1741 3028 1794 καὶ
3051 1741 3132 1802 εἰς
3156 1737 3380 1806 γέενναν
3411 1732 3585 1804 ἐμϐα-

1999 1831 2133 1900 λεῖν,
2170 1833 2267 1886 καὶ
2296 1831 2574 1905 ἁμαρτίας
2609 1832 2853 1902 ἀφιέναι,
2885 1831 2980 1884 καὶ
3013 1830 3210 1900 νόμους
3237 1825 3409 1880 θεῖναι
3446 1822 3585 1896 μετά

1999 1922 2308 1992 αὐθεντίας,
2335 1925 2368 1994 ἢ
2394 1925 2593 1996 ἄρτους
2621 1923 2880 1994 ποιῆσαι;
2914 1923 3015 1975 οὐκ
3041 1919 3260 1991 εῦδηλον
3299 1918 3392 1972 καὶ
3429 1916 3584 1988 ὡμο-

2000 2016 2301 2088 λογημένον
2341 2015 2568 2081 ἅπασιν,
2604 2015 2684 2068 ὅτι
2717 2010 2890 2067 ταῦτα
2924 2011 3150 2067 ἐκείνων
3181 2011 3390 2083 μείξιος
3443 2008 3583 2062 Ἀλλ’

2002 2109 2150 2180 ὅμως
2176 2109 2269 2162 ἐπὶ
2301 2108 2412 2162 τῶν
2454 2107 2720 2179 μειζόνων
2751 2107 2851 2160 οὐκ
2877 2105 3118 2177 εὑχεται,
3147 2103 3359 2167 δεικνὺς
3385 2103 3466 2156 ὅτι
3489 2100 3586 2155 καὶ

2001 2203 2096 2257 ἐπὶ
2123 2203 2232 2256 τῶν
2263 2202 2565 2257 ἐλαττόνων
2597 2202 2658 2255 οὐ
2692 2201 2760 2254 δι’
2789 2200 3078 2255 ἀσθένειαν
3119 2198 3398 2269 δυνάμεως
3427 2194 3587 2249 τοῦτο

2001 2295 2199 2360 ἐποίει,
2252 2293 2391 2349 ἀλλά
2437 2293 2528 2348 διὰ
2575 2292 2926 2348 διδασκαλίαν
2963 2291 3071 2346 τῶν
3111 2290 3234 2343 τότε
3279 2287 3583 2358 παρόντων.

2004 2386 2114 2441 Kal
2139 2387 2226 2440 ἵνα
2252 2387 2454 2458 μάθῃς,
2484 2387 2608 2440 ὅσον
2625 2386 2772 2440 ἐστὶν
2802 2384 3074 2457 ἁμαρτίας
3098 2383 3337 2452 ἀφιέναι,
3354 2379 3587 2452 παράγω

2006 2493 2088 2533 σοι
2115 2480 2368 2552 μάρτυρα
2391 2479 2483 2532 τὸν
2510 2480 2799 2551 προφήτην
2818 2497 2832 2510 ·
2859 2477 3072 2540 οὐδενὸς
3095 2475 3204 2547 γὰρ
3225 2475 3411 2546 ἐτέρου
3433 2471 3590 2526 τοῦτο

2003 2571 2276 2650 δείκνυσιν
2318 2574 2347 2626 ὁ
2377 2572 2686 2643 προφήτης,
2724 2571 2757 2642 ἢ
2789 2570 2884 2624 τοῦ
2931 2569 3066 2623 Θεοῦ
3103 2569 3288 2639 μόνου.
3343 2567 3438 2631 Τίς
3478 2566 3592 2634 γὰρ

2009 2663 2171 2732 Θεὸς,
2196 2665 2382 2736 φησὶν,
2405 2662 2608 2733 ὥσπερ
2625 2663 2728 2726 σὺ,
2746 2662 3002 2730 ἐξαίρων
3018 2661 3288 2731 ἀνομίας,
3313 2657 3592 2727 ὑπερϐαί-

2007 2774 2130 2810 νων
2169 2756 2443 2822 ἀδικίας;
2487 2756 2599 2810 Kal
2630 2755 2692 2809 τὸ
2720 2757 2800 2817 εἰς
2850 2753 3130 2824 βασιλείαν
3178 2751 3235 2804 δὲ
3269 2750 3590 2817 εἰσαγαγεῖν

2006 2849 2102 2903 τοῦ
2130 2850 2221 2902 τὸν
2246 2848 2475 2903 θάνατον
2499 2846 2658 2900 λῦσαι
2688 2846 2869 2917 πολλῷ
2900 2843 3082 2917 μεῖζόν
3109 2847 3226 2898 ἐστι
3245 2861 3258 2874 ·
3302 2841 3418 2896 ἀλλ’
3439 2843 3591 2913 ὅμως

2009 2943 2232 2995 κάκεῖνο
2264 2942 2382 3012 μετ’
2427 2939 2678 3006 ἐξουσίας
2713 2940 2880 2992 ποιεῖ.
2921 2938 3034 2991 Kal
3075 2937 3136 2990 τὸ
3169 2935 3481 3005 νομοθετεῖν
3509 2932 3588 2994 δὲ.

2009 3035 2070 3088 οὐ
2097 3033 2206 3087 τῶν
2233 3032 2711 3103 ὑποτεταγμένων,
2737 3031 2874 3085 ἀλλά
2899 3030 3008 3083 τῶν
3032 3027 3426 3099 βασιλευόντων
3442 3023 3589 3080 ἐστί·

2011 3128 2106 3181 καὶ
2138 3126 2299 3180 τοῦτο
2339 3125 2440 3197 βοᾷ
2486 3126 2583 3196 μὲν
2623 3125 2762 3194 αὐτὴ
2795 3123 2906 3176 τῶν
2937 3121 3282 3193 πραγμάτων
3321 3122 3354 3191 ῆ
3387 3117 3551 3188 φύσις
3573 3133 3588 3145 ·

2014 3217 2278 3288 βασιλέων
2324 3217 2435 3287 γάρ
2475 3217 2636 3288 μόνον
2680 3215 2799 3269 ἐστὶ
2832 3213 3041 3268 τιθέναι
3089 3214 3319 3282 νόμους·
3355 3210 3595 3264 δείκνυσι

2012 3310 2069 3364 δέ
2101 3309 2194 3364 καὶ
2213 3311 2242 3363 ό
2265 3309 2608 3373 Ἀπόστολος,
2636 3307 2779 3362 οὕτω
2799 3308 2973 3376 λέγων
2993 3324 3008 3337 ·
3043 3305 3182 3374 Περὶ
3205 3304 3274 3359 δὲ
3304 3301 3421 3358 τῶν
3443 3318 3594 3372 παρ-

2015 3401 2204 3455 θένων
2243 3400 2537 3469 ἐπιταγὴν
2565 3400 2786 3469 Κυρίου
2823 3401 2935 3454 οὐκ
2959 3401 3099 3468 ἔχω,
3129 3397 3371 3468 γνώμην
3405 3394 3474 3456 δὲ
3511 3393 3597 3448 δίο

2014 3489 2161 3560 δωμι
2203 3493 2285 3558 ὡς
2329 3491 2666 3559 ἠλεημένος
2715 3489 2836 3547 ὖπό
2874 3489 3097 3556 Κυρίου
3153 3486 3371 3552 πιστὸς
3419 3481 3593 3540 εἶναι.

2029 3581 2248 3654 Ἐπειδὴ
2293 3581 2404 3652 γάρ
2431 3580 2615 3644 δοῦλος
2645 3575 2715 3652 ἦν
2763 3580 2857 3633 καὶ
2899 3579 3166 3646 διάκονος,
3193 3579 3290 3631 οὐκ
3329 3576 3597 3648 ἐτόλμησε

2017 3671 2335 3744 προσθεῖναι
2363 3675 2478 3736 τοῖς
2500 3672 2559 3740 ἐξ
2592 3673 2768 3743 ἀρχῆς
2792 3670 3255 3742 νομοθετηθεῖσιν.
3296 3671 3354 3723 '0
3376 3669 3433 3723 δὲ
3464 3670 3599 3740 Χρι-

2019 3763 2143 3828 στὸς
2175 3764 2276 3834 οὐχ
2320 3762 2514 3829 οὕτως,
2550 3763 2689 3817 ἀλλὰ
2743 3765 2884 3835 μετὰ
2931 3763 3130 3833 πολλῆς
3171 3761 3272 3829 τῆς
3312 3760 3600 3823 αὐθεντίας

2018 3857 2144 3919 τούς
2187 3856 2455 3921 παλαιοὺς
2493 3855 2862 3926 ἀναγινώσκει
2909 3857 3131 3926 νόμους,
3175 3854 3428 3918 καὶτοὺς
3467 3854 3598 3923 παρ’

2018 3945 2186 4001 αὑτοῦ
2211 3947 2373 4001 πάλιν
2407 3947 2640 4016 εἰσάγει.
2674 3947 2738 3999 Εἰ
2755 3946 2816 4000 δὲ
2841 3947 2901 3999 τὸ
2933 3946 3132 4016 νόμους
3158 3945 3342 4007 ἁπλῶς
3369 3942 3598 4005 τιθέναι,

2023 4039 2308 4112 βασιλικῆς
2334 4041 2493 4112 μόνον
2523 4040 2671 4094 ἐστὶν
2700 4038 2970 4105 ἐξουσίας.
3011 4038 3138 4092 ὅταν
3168 4036 3488 4107 εὑρίσκηται
3523 4036 3599 4107 μὴ

2025 4133 2185 4204 μόνον
2231 4132 2430 4203 νόμους
2460 4130 2634 4194 τιθεὶς
2683 4124 2860 4197 οὗτος,
2893 4129 3030 4183 ἀλλά
3054 4129 3150 4182 καὶ
3178 4129 3304 4192 τούς
3335 4127 3600 4190 παλαιοὺς

2020 4225 2420 4298 διορθούμενος,
2438 4223 2522 4286 τίς
2539 4222 2893 4276 ὑπολείπεται
2919 4221 3078 4288 λόγος
3092 4221 3202 4282 τοῖς
3224 4206 3603 4289 ἀναισχυντεῖν

1929 4335 1931 4338 ‘
2023 4317 2399 4388 βουλομένοιςς
2446 4314 2579 4368 Ἀπὸ
2601 4315 2708 4386 γάρ
2741 4313 2932 4367 τούτου
2966 4311 3144 4383 δῆλον,
3177 4311 3259 4364 ὅτι
3303 4310 3401 4380 τῆς
3433 4309 3602 4381 αὐτῆς

2020 4407 2210 4472 οὐσίας
2246 4407 2364 4460 ἐστὶ
2393 4406 2471 4478 τῷ
2499 4405 2876 4475 γεγεννηκότι.

2094 4599 2207 4654 Kal
2233 4599 2320 4652 ῖνα
2350 4597 2683 4668 σαφέστερον
2716 4595 2745 4649 ὃ
2773 4595 2919 4664 λέγω
2951 4592 3198 4663 γένηται,
3231 4593 3316 4646 ἐπ’
3342 4592 3474 4646 αὐτὸ
3504 4593 3604 4663 τῆς

2024 4691 2247 4763 Γραφῆς
2290 4689 2536 4762 ἔλθωμεν
2568 4688 2632 4741 τὸ
2673 4687 2894 4760 χωρίον.
2941 4684 3206 4738 Ἀνελθὼν
3237 4687 3315 4748 εἰς
3363 4684 3424 4737 τὸ
3455 4685 3602 4754 ὅρος,

2026 4783 2210 4854 φησὶν,
2246 4780 2503 4851 ἐκάθητο,
2555 4781 2650 4834 καὶ
2696 4777 3080 4850 περιεστώτων
3127 4776 3344 4830 πάντων
3400 4775 3604 4847 ῆρξατο

2025 4875 2226 4944 λέγειν’
2249 4872 2538 4942 Μακάριοι
2557 4874 2612 4926 οἱ
2626 4870 2848 4941 πτωχοί
2869 4869 2949 4935 τῷ
2963 4869 3277 4938 πνεύματι,
3300 4869 3353 4920 οἱ
3375 4867 3603 4935 πραεῖς,

2027 4969 2080 5020 οἱ
2131 4964 2478 5035 ἐλεήμονες,
2515 4967 2568 5018 οἱ
2620 4962 2864 5032 καθαροί
2907 4961 2984 5030 τῇ
3022 4961 3258 5029 καρδίᾳ.
3289 4954 3438 5013 “Elea
3468 4959 3609 5030 μετὰ

2025 5061 2155 5122 τοὺς
2185 5058 2571 5130 μακαρισμοὺς
2597 5056 2840 5120 ἐκείνους
2864 5055 3043 5123 λέγει·
3072 5053 3171 5122 Μὴ
3199 5051 3488 5121 νομίσητε
3515 5051 3607 5104 ὅτι

2027 5148 2218 5222 ἦλθον
2244 5149 2582 5205 καταλῦσαι
2627 5147 2736 5203 τόν
2766 5149 2956 5217 νόμον
2990 5147 3030 5215 ἢ
3070 5145 3212 5211 τοὺς
3251 5143 3562 5213 προφήτας
3585 5161 3600 5176 ο

2029 5247 2140 5299 οὐκ
2169 5240 2360 5314 ἦλθον
2389 5243 2748 5306 καταλῦσαι,
2788 5239 2952 5295 ἀλλὰ
2988 5236 3326 5307 πληρῶσαι.
3376 5235 3472 5297 Τίς
3497 5235 3607 5306 γὰρ

2029 5337 2190 5391 τοῦτο
2230 5334 2622 5400 ὑπώπτευσεν;
2655 5333 2690 5404 ἢ
2721 5332 2774 5385 τί
2811 5330 2920 5384 τῶν
2948 5331 3256 5400 εἰρημένων
3277 5326 3515 5381 ἐναντίον
3541 5321 3611 5398 ἦν

2030 5433 2142 5493 τοῖς
2167 5428 2471 5500 προτέροις,
2503 5428 2591 5479 ἵνα
2614 5425 2770 5478 τοῦτο
2802 5424 2966 5494 εἴπῃς
2997 5421 3310 5490 Μακάριοι,
3343 5420 3531 5492 φησὶν,
3555 5421 3612 5475 οι

2033 5519 2255 5590 πτωχοὶ
2283 5518 2363 5584 τῷ
2392 5519 2704 5588 πνεύματι,
2739 5516 3040 5581 τουτέστιν,
3073 5515 3124 5567 οί
3161 5513 3608 5584 ταπεινόφρονες.

2047 5612 2202 5667 Ἀλλά
2222 5610 2382 5664 τοῦτο
2403 5611 2497 5665 καὶ
2521 5611 2554 5680 ἡ
2583 5608 2795 5663 Παλαιὰ
2828 5603 2950 5662 εἷπε
2971 5625 2986 5640 ο
3018 5607 3213 5662 Θυσία
3245 5605 3356 5677 γὰρ
3386 5603 3465 5672 τῷ
3490 5601 3613 5667 Θεῷ

2037 5704 2272 5776 πνεῦμα
2292 5701 2818 5772 συντετριμμένον·
2834 5700 3086 5770 καρδίαν
3099 5693 3610 5768 συντετριμμένην

3246 5791 3320 5848 17
