4062 6166
323 298 429 362 789

310 421 519 483 (ﬂuuit.
545 419 602 477 ὅ.
633 417 725 491 4);
754 426 810 475 et
836 417 936 473 hoc
961 416 1180 473 Hesaias
1197 428 1387 471 rursus
1402 408 1744 475 vocitantur,
1760 405 1889 463 dum

318 522 383 561 ex
402 503 754 577 persona'Dei
766 505 932 561 dicit:
951 502 1283 576 Superquem
1292 505 1599 575 respiciam,
1624 504 1728 559 nisi
1745 516 1903 573 super

318 599 497 652 mitem
516 607 569 652 et
592 597 912 667 quietum-et
932 605 1229 651 trementem
1241 611 1503 651 sermones
1518 611 1658 651 meos
1689 593 1900 668 (ﬂesai.

318 686 521 757 66.1)?
542 686 698 741 Beati
710 686 1075 742 misericordes
1094 685 1312 754 (Matth.
1330 687 1384 743 5.
1404 687 1460 759 7)
1481 706 1494 742 :
1513 687 1689 743 ethoc
1709 694 1913 744 rursus‘

322 778 527 851 ubique
536 778 845 850 dispersum
859 787 963 834 est.
986 777 1069 832 Ne
1080 778 1362 848 defraudes
1377 778 1915 849 enim,inquit,oitam‘

319 872 591 941 pauperis,
611 870 901 941 supplicem
926 870 981 925 in
1002 869 1349 925 tribulatione
1363 872 1593 937 positum
1611 887 1674 925 ne
1687 870 1917 938 rejicias'

317 962 503 1037 (Ereti.
531 959 589 1022 li.
617 963 716 1035 ι).
754 969 809 1016 et
832 971 1020 1030 magna
1054 957 1250 1028 ubique
1280 956 1503 1014 habetur
1531 958 1730 1013 mentio
1757 958 1908 1013 heni-

317 1056 552 1128 gnitatis:
584 1052 930 1110 Beoti'nntndi
969 1051 1119 1105 corde
1147 1049 1358 1122 (*Matth.
1387 1050 1441 1107 5.
1470 1051 1550 1122 8).
1596 1052 1708 1106 lloc
1745 1051 1905 1106 etiam

319 1146 458 1202 dixit
475 1143 641 1200 David
673 1160 687 1199 :
717 1142 818 1197 Cur
839 1139 1287 1194 mundum-creuit:
1311 1150 1399 1195 me
1420 1138 1580 1207 Deus,
1608 1149 1655 1194 et
1674 1140 1908 1211 spiritum

322 1236 720 1293 testamentum
741 1233 795 1287 in
822 1232 1097 1286 visceribus
1114 1228 1434 1302 meisi(Psal.
1464 1230 1553 1287 50:
1587 1229 1697 1303 12)
1722 1249 1736 1287 :
1778 1229 1908 1286 reli-

323 1336 455 1397 quas
496 1325 656 1380 etiam
703 1322 1077 1380 beatitudines
1110 1320 1169 1375 si’
1196 1322 1315 1390 quis
1353 1329 1648 1391 percurrat,
1691 1320 1911 1385 multam,

323 1415 664 1473 concordiam
708 1427 830 1469 esse
875 1413 1189 1481 comperlet.
1235 1410 1343 1467 Cur
1386 1411 1565 1481 igitur,
1616 1425 1736 1466 cum
1781 1410 1912 1466 nihil

326 1504 649 1561 contrarium
676 1501 940 1571 prioribus
966 1499 1213 1567 dixisset,
1243 1498 1440 1569 adjecit
1466 1517 1479 1552 :
1511 1498 1688 1554 Nolite
1712 1508 1909 1570 putare,

328 1596 564 1666 quoniam
588 1593 701 1647 ueni
739 1590 930 1646 soluere
970 1590 1151 1660 legem,
1190 1599 1277 1644 aut
1310 1589 1582 1661 prophetas
1612 1589 1824 1661 (Matth.
1854 1590 1909 1645 5.

330 1686 466 1757 l7)?
488 1684 611 1741 Non
631 1684 702 1739 ob
725 1698 789 1738 ea
813 1698 931 1753 qua:
957 1681 1095 1736 dicta
1119 1680 1330 1736 fuerant
1364 1680 1502 1737 hanc
1528 1681 1913 1736 correctionem

1141 288 1232 354 DE
1266 292 1532 353 CHRISTI
1571 286 1937 355 PRECfBlJS,
1962 283 2232 344 CONTRA
2274 282 2646 345 ANOMEOS.
2690 286 2757 342 Χ.

3481 290 3602 351 790’

2004 402 2406 471 cum‘venisset‘,
2429 414 2587 475 atque
2600 406 2794 460 oculos
2806 422 2811 429 -
2823 396 2894 460 illi
2910 436 2913 437 ν
2932 390 3270 477 restituis“;
3291 408 3469 479 partis
3492 412 3587 465 bet

2004 494 2195 549 nellcio
2221 493 2609 551 de'toto'lldem
2636 496 2915 551 insereret.

2075 581 2181 639 Cur
2191 584 2246 639 in
2258 580 2741 640 oculis'mimeulum
2752 586 3122 644 editiora—Ae
3138 587 3257 644 vide
3274 590 3451 659 quain
3467 594 3591 660 peri-

2006 675 2124 731 teid
2143 676 2483 746 praestiterit:
2509 693 2613 732 non
2632 678 2682 731 in
2702 692 2881 744 manu,
2909 692 2972 733 ac
2997 678 3148 748 pede,
3177 680 3269 734 sed
3300 681 3357 735 in
3392 682 3603 748 oculis,-

2007 767 2148 838 quod
2188 768 2547 824 memlnorum
2596 776 2897 825 nostrorum
2941 770 3352 840 pulcherrimum
3393 780 3496 836 est;
3537 783 3594 829 et

2009 860 2246 916 maxime
2258 862 2637 925 noeesserium;
2651 866 2818 933 etquo
2832 864 3028 917 nullum
3043 864 3195 920 nobis
3211 861 3489 935 pretiosius
3508 862 3607 922 cst‘

2011 950 2325 1006 membrum.
2343 949 3139 1025 Caterumqoipnlcherrlmmn
3156 957 3486 1027 maximeque
3499 960 3591 1011 tie-

2012 1042 2299 1098 cess'arinm
2314 1044 2510 1114 fingere
2524 1044 2714 1114 potuit,
2731 1047 2977 1101 nimirum
2992 1048 3196 1115 oculos,
3220 1046 3359 1103 haud
3368 1047 3609 1105 dublitm’

2012 1136 2140 1205 quin
2157 1146 2367 1190 manum
2383 1149 2593 1206 quoque
2608 1136 2878 1207 ctpedem,
2897 1152 2960 1193 ac
2974 1149 3161 1193 caetera
3175 1139 3597 1210 possitmemlira

2014 1224 2267 1281 formare.
2299 1225 2344 1281 Ο
2368 1226 2551 1282 beatos
2576 1227 2936 1294 illos'oealos,
2980 1228 3070 1299 qui
3099 1228 3596 1298 spectaculum‘oms

2014 1315 2545 1386 nibus'fuerunt,.qui
2565 1312 2804 1381 adorant,
2827 1326 3092 1372 etvomn'es
3112 1316 3178 1372 ad
3206 1331 3267 1373 se
3292 1317 3592 1388 rapiebant,

2016 1421 2305 1477 vocemque
2314 1420 2411 1474 per
2419 1420 2573 1463 suam
2585 1406 3030 1477 pulchritudinem
3050 1408 3350 1476 mittebant,
3372 1419 3426 1465 et
3438 1404 3598 1466 Chri-

2017 1498 2083 1553 ειί
2097 1498 2347 1552 virtutem
2368 1508 2557 1553 omnes
2573 1498 2845 1553 adstantes
2860 1498 3146 1554 docebant.
3169 1499 3452 1556 Enimvero
3472 1502 3598 1570 p'er-

2017 1588 2211 1643 mirum
2240 1588 2358 1653 fuit,
2388 1587 2527 1658 quod
2556 1587 2883 1654 “alimmum
2914 1602 3089 1644 exuens
3112 1588 3354 1646 videntes
3376 1600 3601 1646 cernere

2017 1677 2236 1733 doceret
2266 1696 2281 1733 :
2306 1678 2449 1748 quod
2489 1679 2670 1749 utique
2708 1677 2963 1734 Christus"
2996 1679 3235 1735 indicans
3271 1680 3492 1736 aiebat’:
3536 1679 3601 1736 In

330 1775 589 1846 adiunxit.
635 1772 771 1829 Nam
819 1776 943 1842 quia
993 1771 1060 1826 ad
1110 1771 1577 1841 amplificationem
1628 1770 1923 1841 quamdam
2010 1768 2396 1838 judicium'mi
2434 1770 2488 1824 in
2516 1770 2937 1836 huucmu‘ndnm,
2974 1780 3029 1825 ut
3056 1773 3144 1842 qui
3171 1786 3272 1827 non
3300 1772 3492 1839 uident,
3521 1774 3598 1827 oi-

334 1866 705 1923 nandatorutn
740 1862 962 1934 gradum
993 1860 1228 1918 facturus
1253 1871 1385 1927 erat,
1426 1876 1496 1917 ne
1529 1862 1914 1917 incrementum

336 1967 585 2031 putarent
606 1956 1011 2027 repugnantiam
1037 1970 1155 2011 esse
1183 1954 1505 2025 quamdam,
1523 1963 1618 2009 aut
1650 1955 1918 2011 accessio-

341 2066 463 2107 nem
483 2065 602 2106 esse
628 2064 877 2120 pugnam,
918 2046 1117 2103 idcirco
1153 2046 1307 2112 dixit,
1341 2044 1516 2101 Nolite
1552 2055 1750 2117 putare,
1788 2062 1918 2117 quo-

343 2142 481 2195 niam
510 2140 620 2195 veni
643 2139 826 2194 solvere
865 2139 1044 2209 legem,
1071 2147 1157 2192 aut
1182 2138 1455 2208 prophetas
1483 2152 1503 2191 :
1533 2138 1633 2192 hoc
1658 2146 1758 2203 est,
1798 2150 1920 2207 per

340 2231 556 2288 fectiora
583 2230 818 2286 dicturus
840 2244 958 2285 sum
986 2229 1071 2294 iis,
1100 2244 1218 2299 qua:
1246 2237 1377 2283 ante
1393 2234 1519 2283 sunt
1536 2227 1697 2283 dicta.
1721 2228 1915 2283 Exem-

338 2324 409 2394 pli
433 2334 612 2388 musa,
650 2322 896 2384 Audistis,
924 2316 1043 2376 Non
1071 2321 1311 2375 occides:
1337 2336 1435 2393 ego
1456 2314 1919 2384 autentdico,JVoa

337 2415 587 2469 irasceris.
627 2412 873 2476 Audistis,
904 2409 1045 2467 Nam
1065 2410 1412 2477 maechaberis;
1459 2426 1550 2480 ego
1585 2418 1757 2464 autem
1781 2409 1916 2473 dico,

334 2500 660 2569 Quicumque
672 2499 946 2557 mulierem
981 2497 1188 2570 respicit
1205 2500 1273 2553 ad
1296 2500 1751 2569 comupiscettdum
1786 2516 1916 2566 eam,

339 2593 444 2661 jam
474 2592 750 2648 maeehatus
794 2596 865 2641 est
918 2588 1136 2663 (Matth.
1165 2590 1310 2645 5.2L
1339 2589 1429 2645 22.
1456 2591 1547 2645 27.
1572 2589 1687 2662 28),
1719 2601 1774 2645 et
1796 2590 1929 2645 ωηατ

341 2701 705 2757 qumeumque.
729 2685 810 2741 Ne
835 2686 992 2755 igitur
1015 2684 1408 2754 abrogationem
1429 2697 1549 2739 esse
1578 2682 1771 2752 potetis
1789 2697 1923 2737 eon-

342 2779 751 2834 summationem
776 2794 791 2831 :
823 2792 930 2833 non
956 2777 1096 2832 enim
1120 2786 1205 2832 est
1228 2775 1526 2845 abrogatio,
1555 2775 1648 2831 sed
1670 2775 1925 2844 adimple-

343 2870 417 2924 tio
446 2887 458 2921 :
496 2877 552 2924 et
577 2868 717 2939 quod
748 2867 801 2924 in
829 2868 1142 2937 corporibus
1170 2866 1312 2933 fecit,
1343 2866 1444 2922 hoc
1472 2876 1527 2923 et
1557 2867 1610 2921 in
1636 2867 1754 2936 lege
1778 2865 1919 2920 facit.

340 2959 479 3029 Quid
524 2968 703 3016 autem
753 2960 806 3015 in
843 2959 1157 3029 corporibus
1200 2959 1487 3029 praestitit?
1514 2958 1645 3015 Cum
1684 2960 1923 3014 mutilata

345 3050 508 3107 multa
534 3053 770 3107 membra
797 3052 1102 3120 reperisset,
1131 3061 1183 3107 et
1208 3050 1389 3107 omnia
1417 3049 1629 3106 defectu
1658 3051 1921 3117 laborare,

344 3140 588 3212 perfecit,
627 3148 684 3198 et
707 3141 1193 3201 inconvenientem
1220 3142 1458 3199 restituit
1481 3141 1933 3211 pulchritudinem

342 3242 397 3287 et
419 3232 777 3302 integritatem
806 3248 820 3285 :
850 3246 915 3286 ac
945 3232 1103 3286 rebus
1128 3231 1257 3301 ipsis
1284 3232 1529 3287 omnibus
1556 3232 1822 3301 patefecit,
1869 3248 1931 3287 se

342 3331 585 3378 veterum
621 3323 798 3394 legum
845 3332 1116 3377 auctorem
1167 3324 1348 3390 fuisse,
1398 3336 1461 3376 ac
1498 3335 1700 3377 natura:
1730 3328 1935 3378 nostrae

339 3413 697 3468 conditorem.

414 3503 694 3573 Conﬁrmat
712 3504 941 3560 Christus
958 3520 1019 3559 ea:
1039 3505 1303 3558 sanatione
1327 3505 1467 3572 cwci,
1496 3521 1549 3558 se
1567 3505 1731 3576 legum
1751 3516 1930 3559 aucto-

339 3610 452 3650 rem
468 3594 841 3665 esse.—Atque
860 3594 961 3649 hoc
978 3594 1126 3649 illum
1145 3593 1429 3650 ostendere
1443 3595 1729 3659 studuisse,
1756 3610 1927 3651 exsa-

340 3687 716 3743 nationeczeci
754 3687 1019 3757 praecipue
1057 3697 1285 3743 constat.
1336 3688 1657 3743 Praeterieris
1695 3691 1834 3744 enim
1878 3698 1933 3745 ct

340 3794 550 3835 caecum
571 3779 855 3849 quemdam
882 3780 1088 3847 videns,
1118 3780 1286 3835 lutum
1314 3779 1458 3845 fecit,
1484 3790 1541 3836 et
1564 3781 1823 3851 ejusmodi
1847 3783 1932 3836 lu-

343 3883 462 3929 tum
489 3871 855 3928 oculisillevit
889 3873 1191 3938 elucentis,
1230 3873 1383 3943 eique
1410 3873 1542 3929 dixit
1574 3891 1588 3928 :
1638 3873 1792 3939 Vade,
1820 3876 1937 3930 lava

340 3966 398 4019 in
421 3964 621 4019 Siloam
659 3963 837 4034 (Joan.
873 3964 1013 4020 9..6.
1045 3963 1121 4036 7).
1160 3965 1323 4035 Cujus
1351 3966 1430 4021 rei
1468 3967 1636 4036 gratia
1672 3980 1793 4021 cum
1819 3971 1937 4021 Snio

338 4054 499 4124 jussu
520 4064 759 4111 mortuos
782 4054 1085 4125 frequenter
1110 4057 1347 4121 suscitet,
1376 4065 1431 4111 et
1465 4057 1567 4111 alia
1595 4058 1757 4113 multa
1787 4059 1936 4114 simi~

342 4146 420 4201 lia
447 4144 572 4201 edat
595 4145 868 4212 miracula,
896 4146 983 4201 hic
1006 4161 1140 4215 Opus
1165 4148 1427 4217 quoddam
1455 4148 1657 4218 adjicit,
1702 4149 1833 4204 dum
1850 4150 1933 4205 lu-

342 4246 466 4297 tum
497 4235 735 4304 conﬁcit,
777 4247 835 4292 et
872 4238 946 4293 illi
981 4238 1167 4292 oculos
1196 4238 1384 4309 fingit?
1420 4240 1565 4294 Nam
1593 4242 1724 4295 satis
1770 4241 1936 4311 liquet

343 4330 556 4386 idcirco
575 4329 629 4384 id
647 4330 760 4385 fieri
781 4370 797 4397 ,
830 4340 886 4385 ut
920 4344 1041 4386 eum
1064 4330 1334 4387 audiveris
1364 4332 1531 4388 Deum
1559 4334 1830 4403 pulverem
1847 4349 1936 4389 ac-

319 4423 561 4498 cepisse
581 4422 649 4476 de
677 4430 817 4477 terra
846 4421 1223 4493 hominemque
1249 4421 1527 4492 formasse,
1557 4424 1733 4480 discas
1760 4425 1931 4490 exiis,

346 4528 475 4585 qua:
500 4528 644 4569 nunc
662 4521 935 4583 geruntur,
975 4513 1118 4571 hunc
1140 4515 1290 4570 illum
1311 4526 1451 4582 esse,
1482 4518 1570 4587 qui
1611 4517 1879 4573 hominem
1904 4535 1935 4575 a

348 4605 616 4677 principio
658 4607 941 4661 formavit?
978 4607 1191 4678 Alioqui
1206 4608 1321 4663 nisi
1346 4610 1448 4664 hoc
1484 4610 1719 4667 indicare
1753 4613 1933 4680 vellet;

348 4697 681 4769 superfluum
703 4698 891 4754 fuisset
912 4698 965 4754 id
984 4699 1126 4769 quod
1143 4700 1350 4771 agebat.
1371 4700 1571 4757 Deinde
1591 4711 1647 4757 ut
1674 4703 1937 4774 intelligas

351 4798 511 4844 usum
535 4787 631 4842 luti
656 4788 789 4843 nihil
815 4787 883 4844 ad
913 4787 1087 4846 visum
1114 4805 1257 4846 caeco
1285 4792 1674 4849 restituendum
1706 4796 1930 4865 opitula-

350 4887 471 4935 tum
510 4878 585 4933 illi
624 4892 764 4944 esse,
812 4880 904 4935 sed
928 4879 1247 4951 absque-illa
1271 4883 1492 4938 materia
1520 4884 1637 4939 solo
1656 4885 1807 4955 jussu
1833 4886 1936 4941 fin-

349 4983 485 5041 gere
525 4970 707 5026 oculos
737 4970 990 5040 potuisse,
1035 4973 1274 5044 adjungit
1311 4983 1367 5030 et
1406 4975 1514 5031 ait:
1557 4975 1714 5045 Vade,
1742 4978 1854 5032 lava
1885 4979 1941 5032 in

353 5060 579 5116 Siloam.
623 5059 910 5131 Postquam
947 5063 1091 5119 enim
1116 5062 1233 5134 ipso
1259 5064 1563 5136 suiOpiﬁcii
1589 5067 1748 5123 modo
1786 5068 1939 5125 nobis

354 5151 615 5219 ostendit,
644 5153 766 5224 quis
788 5163 933 5211 esset
946 5155 1039 5227 qui
1062 5154 1335 5212 hominem
1354 5171 1382 5211 a
1401 5157 1663 5229 principio
1681 5167 1935 5225 creasset,

353 5252 487 5299 tunc
520 5245 597 5299 ait
622 5244 721 5313 illi,
759 5243 916 5312 Vade,
964 5245 1081 5302 lava
1100 5248 1157 5302 in
1186 5246 1401 5304 Siloam.
1432 5249 1501 5305 Ut
1529 5249 1687 5321 igitur
1710 5252 1943 5321 optimus

353 5338 648 5393 statuarius
672 5342 859 5393 volens
887 5354 982 5409 per
1008 5354 1170 5409 opera
1194 5355 1345 5396 suam
1381 5342 1623 5411 peritiam
1649 5351 1940 5411 ostentare,

358 5440 573 5500 partem
598 5432 889 5502 quamdam
910 5434 1126 5501 omittit,
1172 5434 1297 5489 dum
1338 5443 1565 5491 statuam
1604 5437 1773 5509 fingit,
1805 5439 1942 5493 utin

356 5536 430 5578 eo
456 5522 597 5593 quod
621 5523 794 5589 deest,
840 5524 1001 5579 totius
1026 5526 1203 5595 operis
1226 5526 1496 5594 specimen
1520 5529 1648 5582 artis
1675 5528 1799 5583 edat
1828 5546 1841 5582 :
1877 5531 1947 5584 ita

357 5613 609 5671 Christus
631 5615 792 5672 etiam
820 5631 940 5671 cum
978 5617 1212 5673 indicare
1240 5619 1398 5674 vellet
1424 5628 1592 5674 totum
1620 5619 1887 5676 hominem
1918 5636 1949 5676 a

365 5720 431 5762 se
458 5705 619 5763 fuisse
662 5706 933 5763 conditum
958 5748 975 5778 ,
1021 5708 1163 5768 hunc
1194 5709 1562 5781 imperfectum
1614 5711 1855 5785 reliquit,
1897 5724 1951 5769 ut

2021 1857 2190 1924 deant,
2217 1866 2265 1912 et
2287 1859 2373 1928 qui
2399 1858 3077 1933 υὶάεηίγοωσὶίβαηιίμοαπ.
3104 1862 3158 1916 9.
3180 1850 3295 1933 59).
3320 1859 3365 1917 Ο
3391 1862 3598 1917 beatam

2020 1950 2343 2006 caecitatem!
2365 1950 2511 2017 Quos
2538 1952 2738 2007 enlm'a
2768 1960 2954 2007 natura
2985 1967 3089 2007 non
3110 1954 3333 2024 accepit,
3372 1969 3402 2008 a
3431 1954 3604 2026 gratia

2022 2042 2267 2113 accepit,
2294 2054 2394 2098 nec
2442 2044 2645 2096 tantum
2679 2044 2859 2098 damni
2889 2042 3077 2113 [lassus
3101 2040 3297 2101 estex:
3321 2045 3600 2110 dilatione,

2021 2143 2277 2204 quantum
2327 2149 2393 2191 ex
2428 2133 2645 2204 opificii'
2670 2129 2838 2189 modo
2867 2135 3098 2192 lucratus
3141 2145 3243 2192 est.
3287 2136 3425 2204 Quid
3461 2138 3602 2196 enim

2021 2225 2192 2282 oculis
2227 2225 2345 2281 illis
2375 2225 2508 2280 fieri
2529 2226 3048 2295 potest'tntirabilins,
3094 2227 3607 2294 quos'immaculatte

2023 2327 2327 2385 sanctmqne
2345 2320 2533 2371 manus
2559 2316 2661 2371 illa:
2685 2314 2884 2386 tingere
2903 2316 3131 2387 dignata!
3156 2318 3315 2373 sunt?
3344 2306 3605 2389 Quodque

2023 2408 2078 2463 in
2094 2408 2268 2465 sterili
2290 2406 2501 2475 accidit,
2532 2408 2635 2464 hoc
2664 2404 2857 2464 fictum
2878 2410 3087 2465 esthoc
3113 2410 3252 2465 loco.
3278 2409 3409 2465 Nam
3439 2418 3497 2465 ut
3519 2411 3624 2467 illa'

2026 2494 2241 2556 nullum'
2264 2501 2608 2557 ex’dilatione
2633 2502 2776 2571 cepit
2796 2502 3194 2567 detrimentum,
3224 2502 3515 2559 sed'ntuito'
3539 2504 3575 2558 il
3590 2534 3605 2544 -

2025 2591 2447 2659 lustrior'evasit,
2474 2598 2603 2661 quae2
2618 2604 2721 2647 non
2738 2593 2877 2663 lege
2899 2600 3119 2655 naturae,
3159 2592 3254 2647 sed
3285 2592 3401 2664 lege
3424 2595 3613 2664 gratia!

2025 2683 2190 2740 lilium
2216 2685 2457 2754 accepit':
2487 2684 2567 2739 sic
2591 2684 2849 2739 nimirum
2868 2690 3120 2739 et'cazcus
3163 2680 3611 2755 ηῑῐιῖιεθκλιύηηιε-

2026 2776 2127 2831 rita
2152 2777 2313 2832 laesus
2350 2785 2447 2832 est-
2471 2778 2728 2845 motae,
2776 2778 3080 2849 sed’in'gens
3105 2778 3321 2834 lucrum
3340 2764 3612 2852 indepen-

2025 2866 2187 2937 cepit,
2213 2867 2299 2922 cui
2325 2868 2506 2924 datum
2531 2879 2631 2935 est,
2662 2870 2892 2940 ut‘prius
2916 2872 3081 2926 solem
3109 2870 3610 2942 justitiarcemeret,

2027 2973 2090 3014 ac
2112 2959 2306 3015 deinde
2333 2958 2473 3015 hunc
2501 2960 3093 3030 subjectum-sensibus;

2098 3050 2152 3106 5.
2181 3050 2293 3106 Lee;
2329 3052 2621 3123 imperfecta
2646 3053 2915 3116 quomodo.
2936 3083 3008 3095 --
3034 3051 3158 3110 Haec
3181 3069 3212 3109 a
3240 3070 3327 3111 me
3341 3054 3614 3123 dicuntur,

2030 3156 2100 3196 ne
2133 3152 2275 3212 :egre'
2322 3142 2576 3217 feramus,
2617 3144 2661 3198 si
2689 3138 2900 3214 quando
2924 3145 3006 3200 vel
3034 3160 3132 3201 nos
3159 3146 3322 3216 ipsos,
3370 3148 3630 3202 vci'alios‘

2029 3232 2286 3302 quosdam
2320 3235 2488 3305 premi
2513 3232 2899 3289 calamitatibus
2919 3236 3193 3291 videamus
3222 3239 3303 3293 :sl
3329 3237 3470 3293 enim
3493 3252 3631 3293 cum'

2030 3323 2316 3393 gratiarum
2345 3325 2553 3380 actione
2598 3340 2661 3379 ac
2705 3325 2969 3394 patienter
3004 3325 3234 3383 feramus
3268 3336 3475 3383 cuneta
3498 3344 3618 3399 qua:

2032 3414 2300 3482 acciditnt,
2337 3417 2559 3471 omnino
2584 3418 2782 3473 bonum
2824 3417 2981 3473 finem
3026 3417 3313 3489 multisque
3343 3419 3495 3475 bonis
3523 3435 3620 3475 cu-

2034 3507 2290 3562 mutatum
2319 3507 2494 3563 omnis
2521 3517 2699 3563 nostra
2726 3496 3001 3565 mlamitas
3024 3510 3297 3565 sortietur.
3339 3508 3447 3566 Sed
3477 3512 3617 3581 quod

2035 3596 2214 3653 dicere
2241 3598 2485 3654 volebam
2511 3599 2957 3670 quemadmodum
2987 3615 3229 3670 corpora,
3259 3614 3382 3671 quae
3408 3602 3619 3658 delectu

2036 3687 2366 3757 laborabant,
2396 3689 2629 3758 perfecta
2658 3700 2712 3745 ct
2734 3692 2932 3760 integra
2974 3690 3239 3747 reddidit:
3268 3693 3346 3747 sic
3371 3700 3424 3749 et
3444 3694 3618 3764 legem

2036 3778 2397 3850 imperfectam
2422 3796 2545 3835 cum
2571 3781 2883 3852 accepisset,
2909 3783 3230 3851 emendavit,
3260 3788 3618 3856 concinnavit,

2036 3883 2089 3927 ct
2114 3873 2389 3930 meliorem
2409 3874 2477 3928 ad
2501 3882 2695 3929 statum
2722 3876 2918 3930 evexit.
2951 3875 3119 3935 Nemo
3145 3885 3494 3943 antem,eum
3523 3884 3619 3937 an-

2036 3964 2114 4020 dit
2141 3966 2501 4035 imperfectam
2528 3965 2692 4021 fuisse
2718 3967 2906 4037 legem,
2948 3982 3046 4023 nos
3073 3983 3193 4023 eum
3224 3969 3311 4038 qui
3348 3970 3484 4025 lator
3507 3971 3629 4039 ejus)

2038 4055 2209 4111 fuerat
2236 4070 2488 4111 accusem
2514 4057 2650 4111 velle
2673 4058 2991 4121 arbitretur;
3022 4058 3283 4128 siquidem
3312 4059 3634 4128 imperfecta’

2037 4156 2153 4200 erat
2177 4146 2264 4201 illa
2289 4162 2397 4201 non
2435 4162 2503 4203 ex
2529 4161 2624 4202 sua
2665 4157 2897 4214 natura,
2920 4148 3013 4202 sed
3042 4158 3325 4219 pregressu
3369 4152 3633 4221 temporis

2038 4237 2232 4293 deinde
2261 4238 2381 4293 talis
2408 4248 2677 4294 evaserat;
2717 4238 3152 4309 Quandoquidem
3203 4249 3313 4293 tum
3340 4246 3619 4311 temporis,

2038 4345 2161 4385 cum
2213 4330 2514 4386 introducta
2562 4340 2665 4398 eSt,
2718 4330 3011 4384 admodum
3037 4329 3273 4399 perfecta
3309 4338 3442 4398 erat,
3475 4338 3529 4388 et
3557 4333 3627 4388 iis

2038 4424 2125 4492 qui
2155 4421 2481 4492 recipiebant
2501 4437 2617 4477 eam
2643 4422 2968 4478 conveniens
2997 4440 3011 4478 :
3044 4430 3323 4495 postquam
3350 4432 3527 4482 autem
3556 4427 3629 4482 ab

2000 4594 2001 4597 η
2039 4514 2132 4569 illo
2152 4514 2339 4569 edocta
2362 4523 2547 4569 natura
2577 4514 2829 4584 deinceps
2852 4516 3021 4571 crevit
3057 4516 3110 4569 in
3135 4516 3345 4585 melius,
3377 4519 3492 4575 haec
3518 4519 3621 4574 im-

2040 4607 2324 4676 perfectior
2360 4607 2545 4675 evasit,
2597 4623 2702 4661 non
2733 4622 2797 4663 ex
2843 4622 2938 4663 sua
2968 4618 3176 4678 natura,
3205 4610 3300 4665 sed
3343 4611 3413 4666 ob
3446 4613 3620 4668 incre-

2041 4707 2280 4754 mentum
2302 4700 2513 4756 virtutis
2538 4713 2744 4766 eorum,
2776 4714 2911 4771 quos
2934 4699 3023 4755 illa
3048 4700 3322 4756 docuerat.
3349 4702 3415 4756 Et
3437 4717 3625 4773 quem-

2041 4791 2324 4846 admodum
2368 4806 2526 4847 arcus
2575 4800 2647 4847 et-
2672 4792 2894 4861 sagittm,
2937 4807 3058 4862 qua:
3099 4792 3249 4863 regio
3294 4793 3516 4863 puerulo
3559 4794 3628 4849 ad

2043 4883 2478 4941 exercitationem
2510 4884 2685 4953 potius
2710 4883 2960 4939 fabricata
2985 4884 3112 4950 sint,
3131 4894 3295 4955 quam
3311 4884 3383 4939 ad
3397 4898 3625 4956 pugnam

2043 4984 2098 5032 et
2120 4976 2339 5042 bellum,
2368 4976 2455 5031 ubi
2483 4991 2616 5047 puer
2638 4976 2870 5031 adolevit
2897 4985 2952 5031 et
2981 4977 3034 5031 in
3061 4976 3211 5032 bellis
3236 4972 3445 5031 fortiter
3466 4992 3628 5047 agere

2044 5069 2247 5135 didicit,
2276 5069 2479 5125 inutilia
2498 5069 2828 5125 redduntur:
2858 5072 2929 5124 ita
2958 5082 3170 5140 quoque
3196 5077 3399 5123 natura:
3428 5077 3627 5124 nostra:

2047 5162 2237 5218 accidit
2264 5181 2280 5218 :
2306 5162 2557 5233 quamdiu
2581 5163 3003 5233 impcrfectior'es
3026 5170 3261 5225 eramus,
3291 5172 3359 5216 ae'
3375 5160 3634 5216 discendo

2050 5270 2148 5311 nos
2185 5255 2587 5323 exercebamus,
2616 5255 2983 5312 convenientia
3010 5255 3164 5310 nobis
3190 5266 3337 5309 arma
3380 5253 3631 5323 suppedi-

2050 5348 2199 5414 tavit,
2244 5362 2362 5418 qua:
2389 5347 2544 5403 facile
2568 5358 2776 5418 gestare
2800 5355 3107 5416 poteramus
3146 5365 3160 5401 :
3204 5361 3327 5401 eum
3368 5350 3498 5400 vero
3517 5345 3630 5415 jam

2054 5441 2204 5495 factis
2230 5440 2282 5494 in
2304 5439 2498 5494 virtute
2523 5438 2893 5509 progressibus
2916 5436 3265 5502 adolevimus,
3297 5436 3366 5493 ob
3394 5447 3633 5491 nostram

2056 5531 2430 5603 perfectionem
2480 5530 2568 5585 illa
2613 5530 2866 5600 deinceps
2900 5528 3205 5599 imperfecta
3242 5537 3366 5585 sunt
3407 5529 3636 5586 reddita.

2057 5625 2343 5695 Propterea
2369 5623 2515 5679 venit
2537 5620 2797 5687 Christus,
2827 5631 2886 5677 ut
2909 5622 3009 5676 alia
3049 5620 3252 5690 majora
3278 5620 3434 5677 nobis
3459 5620 3637 5677 trade-

2059 5724 2159 5774 ret.
2192 5717 2272 5773 Ac
2298 5713 2420 5773 vide
2445 5728 2604 5786 quam
2632 5713 2922 5788 prudenter
2940 5721 2996 5772 et
3016 5721 3227 5771 veteres
3258 5713 3403 5787 leges
3431 5712 3637 5779 recitet,
