4062 6166
380 290 477 348 '79l
1093 301 1150 358 S.
1190 299 1468 358 JOANNIS
1506 298 1980 354 CIIRYSOSTOSII
2024 299 2335 356 ARCHIEP.
2368 299 2896 356 CONSTANTINUP.

383 434 446 478 et
478 434 640 475 novas
687 423 963 488 proponat.
1014 414 1258 478 Audistis,
1308 413 1497 482 inquit,
1537 412 1656 482 quia
1689 413 1877 464 dictum
1901 423 1974 465 est

384 509 627 578 antiquis,
649 505 766 562 Non
783 506 980 560 occides
1010 503 1223 570 (Matth.
1253 504 1306 557 5.
1334 504 1450 571 2|).
1484 503 1576 556 Dic
1602 503 1762 556 etiam
1803 517 1832 554 a
1862 517 1968 570 quo

386 603 451 652 sit
474 599 697 654 dictum.
726 597 807 652 Tu
833 597 933 651 hoc.
949 596 1148 662 dixisti,
1177 611 1242 648 an
1271 595 1426 649 Pater
1449 595 1603 649 tuus?
1627 593 1965 664 Nequaquam

388 690 489 745 hoc
519 692 665 744 dicit.

453 781 556 835 Cur
595 781 898 851 lcgislatoris
932 796 1111 834 nomen
1137 789 1296 833 taceat
1322 778 1572 833 Christus.
1595 809 1666 819 —
1684 779 1793 837 Cur
1812 778 1968 847 igitur

385 874 484 926 hoe
511 873 694 935 tacuit,
723 887 915 942 neque,
958 872 1077 941 quis
1105 870 1320 940 dixerit,
1353 870 1666 938 declaravit,
1713 871 1806 925 sed
1837 886 1965 940 sup-

384 979 564 1033 pressa
601 963 916 1032 legislatoris
955 977 1184 1028 persona
1213 961 1381 1032 legem
1420 961 1671 1032 protulit?
1707 960 1966 1029 Quoniam

382 1055 426 1108 si
461 1055 704 1119 dixisset,
748 1049 870 1104 Non
901 1050 1257 1125 occides,ego
1291 1063 1468 1110 autem
1491 1056 1608 1110 dico
1646 1055 1817 1119 vobis,
1845 1054 1966 1110 Non

384 1146 646 1212 irasceris,
679 1161 842 1216 grave
885 1145 1068 1201 fuisset
1091 1147 1284 1211 visum,
1317 1147 1458 1217 quod
1497 1147 1725 1212 dicebat,
1749 1155 1968 1216 propter

381 1252 566 1293 eorum
594 1238 683 1308 qui
729 1238 1019 1293 audiebant
1051 1239 1377 1304 vecordiam,
1426 1240 1515 1309 qui
1561 1239 1782 1295 necdum
1813 1239 1966 1293 intel-

379 1331 546 1400 ligere
597 1339 858 1400 poterant,
907 1346 1031 1385 eum
1064 1331 1296 1385 nondum
1334 1331 1400 1385 ad
1448 1330 1732 1386 evertenda
1768 1330 1964 1399 priora,

383 1419 478 1474 sed
495 1420 562 1474 ad
583 1434 644 1476 ea
663 1420 900 1490 augenda
924 1421 1036 1475 haec
1059 1421 1267 1476 sancire
1292 1439 1304 1475 :
1328 1436 1390 1476 ac
1411 1422 1488 1476 sic
1507 1437 1628 1476 cum
1655 1421 1969 1490 compellas-

387 1522 504 1567 sent
533 1531 544 1564 :
573 1513 708 1581 Quid
732 1513 854 1568 ais?
881 1513 1034 1568 Pater
1058 1523 1176 1568 tuus
1202 1513 1356 1579 dixit,
1377 1510 1497 1564 Non
1528 1510 1819 1580 occides,tu
1839 1529 1968 1567 vero

382 1605 536 1670 dicis,
554 1601 671 1658 Non
712 1605 1000 1660 irasceris?
1041 1605 1116 1660 Ne
1141 1606 1258 1674 quis
1298 1605 1455 1675 igitur
1474 1604 1613 1660 Patri
1644 1605 1967 1659 contrarium

382 1696 824 1765 ipsum‘putaret,
869 1696 951 1749 vel
998 1705 1264 1765 tamquam
1303 1695 1500 1766 aliquid
1542 1696 1833 1764 sapientius
1877 1695 1969 1749 illo

385 1786 640 1854 proferre,
693 1801 798 1839 non
848 1785 1032 1840 dixit:
1074 1785 1305 1842 Audistis
1345 1803 1374 1840 a
1423 1787 1597 1842 Patre.
1647 1787 1870 1851 Rursus,
1921 1787 1964 1839 si

381 1875 619 1940 (ιίχίμευι,
637 1874 880 1932 Audistis
895 1875 1014 1945 quia
1037 1874 1144 1930 dixi
1160 1875 1409 1946 antiquis,
1446 1875 1836 1931 intolerandum
1868 1878 1967 1929 hoc

380 1982 607 2038 quoque,
637 1982 808 2038 neque
847 1970 1018 2021 minus
1059 1982 1219 2037 quam
1259 1967 1388 2021 illud
1421 1967 1566 2036 prius
1591 1967 1762 2021 visum
1801 1976 1963 2021 esset.

378 2059 510 2132 Nam
541 2061 583 2113 si
629 2075 748 2114 cum
775 2057 1027 2124 dixisset.
1052 2059 1330 2130 Antequam
1370 2059 1622 2113 Abraham
1661 2060 1821 2127 ﬁeret,
1874 2075 1967 2129 ego

380 2169 490 2205 sum
537 2151 713 2222 (Joan.
743 2153 796 2206 8.
829 2151 943 2221 58),
995 2151 1259 2222 lapidibus
1299 2166 1422 2206 eum
1469 2151 1696 2206 obruere
1733 2151 1964 2220 aggressi

376 2253 520 2308 sunt,
564 2243 609 2297 si
635 2242 939 2310 adjecisset,
988 2256 1048 2296 se
1089 2256 1300 2311 quoque
1339 2241 1505 2312 Moysi
1532 2241 1704 2310 legem
1732 2241 1963 2306 dedisse,

377 2332 502 2401 quid
529 2347 632 2386 non
662 2330 950 2386 fecissent?
987 2331 1342 2399 Quamobrem
1385 2346 1558 2402 neque
1582 2331 1650 2386 de
1673 2345 1753 2398 se,
1795 2346 1967 2401 neque

376 2423 442 2476 de
470 2424 624 2476 Patre
664 2422 948 2493 quidquam
975 2421 1182 2489 dicens,
1224 2423 1316 2478 sed
1353 2423 1406 2478 in
1432 2421 1610 2478 medio
1637 2422 1964 2493 relinquens,

377 2529 497 2566 cum
540 2514 783 2581 dixisset,
825 2513 1072 2579 Audistis,
1113 2515 1233 2583 quia
1261 2513 1449 2567 dictum
1478 2522 1553 2567 est
1581 2515 1818 2578 antiquis,
1851 2509 1967 2568 Non

385 2605 622 2658 occides:
663 2603 804 2673 quod
855 2605 906 2657 in
956 2604 1269 2672 corporibus
1309 2603 1439 2672 egit,
1481 2617 1602 2656 eum
1640 2617 1706 2656 ex
1731 2600 1970 2657 defectus

374 2695 743 2766 supplemento
767 2695 1035 2750 docuisset
1053 2709 1167 2762 eos,
1199 2695 1318 2764 quis
1347 2695 1618 2750 hominem
1647 2709 1675 2748 a
1704 2695 1967 2764 principio

375 2785 722 2847 condidisset,
752 2784 801 2839 id
839 2785 998 2839 etiam
1023 2780 1130 2840 hoc
1158 2785 1276 2840 loco
1303 2785 1568 2856 przestitit,
1600 2783 1726 2840 dum
1768 2800 1861 2854 per
1886 2785 1964 2839 le-

375 2877 456 2945 gis
497 2873 920 2929 emendationem
965 2884 1019 2930 et
1047 2875 1368 2930 additionem
1423 2875 1538 2945 ejus
1582 2875 1724 2945 quod
1763 2875 1964 2941 deerat,

375 2968 494 3038 quis
520 2968 608 3022 ille
638 2966 793 3022 fuerit
830 2967 1007 3034 docet,
1037 2967 1125 3037 qui
1153 2966 1222 3021 ab
1249 2967 1397 3021 initio
1438 2968 1608 3037 legem
1645 2966 1782 3021 tulit.
1829 2966 1965 3020 Pro-

377 3070 557 3130 pterea
588 3075 798 3130 quoque
828 3060 950 3114 dum
979 3069 1159 3130 ageret
1189 3059 1257 3115 de
1281 3061 1554 3116 creatione
1576 3059 1829 3126 hominis,
1872 3075 1967 3114 ne-

376 3168 480 3222 que
499 3152 579 3206 sui
607 3151 870 3217 meminit,
915 3167 1088 3222 neque
1118 3151 1311 3218 Patris,
1344 3151 1438 3206 sed
1471 3151 1556 3206 hic
1583 3165 1796 3222 quoque
1825 3150 1966 3204 nulla

376 3261 626 3316 expressa
657 3261 878 3316 persona
899 3245 1224 3300 indelinilam
1244 3244 1399 3300 aﬂ‘crt
1422 3246 1716 3299 orationem
1745 3244 1962 3298 dicens:

379 3340 477 3406 Qui
525 3341 640 3410 fecit
688 3339 750 3392 ab
801 3339 964 3403 initio,
1013 3339 1295 3392 masculum
1334 3347 1380 3392 et
1423 3337 1664 3406 feminam
1704 3337 1820 3408 fecit
1881 3351 1967 3389 eos

377 3429 592 3500 (Matth.
630 3429 824 3496 19.4),
875 3439 929 3482 ει
977 3428 1138 3483 verbo
1184 3426 1395 3496 quidem
1445 3435 1741 3482 creatorem
1784 3425 1964 3488 tacuit,

377 3535 539 3588 apere
566 3528 743 3584 autem
771 3519 972 3585 docuit,
997 3518 1122 3572 dum
1148 3533 1434 3587 corporum
1459 3517 1722 3572 defectum
1749 3517 1964 3586 supple—

378 3613 470 3664 vit.
502 3611 577 3665 Ita
609 3611 692 3664 hic
719 3611 879 3664 etiam
909 3624 1028 3663 cum
1059 3609 1302 3673 dixisset,
1346 3609 1602 3676 Audistis,
1634 3611 1752 3679 quia
1777 3609 1966 3662 dictum

378 3714 446 3756 est
474 3703 711 3768 antiquis,
746 3702 903 3754 tacuit
929 3701 1140 3770 quidem
1171 3716 1200 3753 a
1237 3717 1344 3770 quo
1366 3701 1564 3755 dictum
1588 3709 1750 3767 esset,
1780 3715 1966 3756 verum

377 3795 612 3864 seipsum
652 3793 902 3862 operibus
931 3793 1058 3862 ipsis
1096 3794 1343 3847 ostendit.
1387 3794 1484 3862 Qui
1523 3795 1664 3849 enim
1703 3794 1966 3851 defectum

379 3887 662 3956 supplevit,
693 3887 806 3954 ipse
834 3885 1025 3956 estqui
1051 3885 1119 3940 ab
1145 3885 1294 3939 initio
1311 3886 1362 3939 in
1386 3885 1559 3940 lucem
1582 3886 1752 3957 ipsum
1777 3885 1962 3941 edidit.

380 3979 524 4047 lpsas
557 3988 809 4046 praeterea
833 3985 1041 4032 veteres
1068 3977 1211 4046 leges
1231 3979 1374 4041 citat,
1401 3987 1458 4032 ut
1479 3993 1542 4032 ex
1570 3979 1968 4047 comparatione

378 4069 583 4122 discant
609 4068 898 4129 auditores,
944 4083 1046 4121 non
1095 4069 1212 4137 ejus
1247 4068 1335 4137 qui
1376 4067 1711 4124 adversarius
1753 4069 1823 4124 sit
1853 4071 1967 4125 haec

379 4175 498 4214 esse
527 4161 685 4214 verba
706 4201 721 4224 ,
765 4169 819 4214 et
845 4175 904 4213 se
939 4158 1125 4214 eadem
1167 4175 1287 4213 eum
1314 4159 1469 4215 Patre
1508 4159 1786 4229 praeditum
1817 4171 1969 4230 pote.

379 4260 535 4306 state.
565 4250 687 4304 Hzec
711 4251 868 4304 etiam
896 4249 1064 4305 Ιιιιιευί
1096 4249 1498 4315 intellexerunt,
1538 4260 1592 4304 et
1621 4251 1795 4304 mirati
1821 4261 1965 4305 sunt.

381 4345 554 4410 Atque
580 4351 635 4396 ut
673 4342 892 4395 miratos
923 4342 1042 4394 illos
1069 4355 1187 4395 esse
1214 4354 1524 4410 cognoscas,
1555 4339 1675 4394 audi
1697 4342 1966 4411 evangeli-

383 4445 517 4488 stam
560 4436 660 4488 hoc
702 4435 1056 4488 declarantem
1107 4449 1170 4488 ac
1220 4433 1485 4488 dicentem
1519 4451 1530 4487 :
1575 4433 1968 4488 Admirabantur

383 4526 542 4579 turba:
565 4540 714 4590 super
741 4525 970 4577 doctrina
1006 4530 1137 4594 ejus,
1169 4525 1285 4591 quia
1311 4525 1520 4578 docebat
1547 4541 1630 4578 eos
1674 4525 1802 4578 sicut
1829 4534 1967 4594 pote-

384 4625 564 4670 statetn
591 4615 811 4677 habens,
865 4625 910 4668 et
949 4632 1048 4668 non
1101 4616 1229 4670 sicut
1279 4615 1454 4670 scriba:
1490 4627 1534 4668 et
1560 4614 1811 4668 Phariswi
1855 4614 1964 4685 (Id.

383 4709 434 4761 7.
481 4707 571 4761 28.
611 4706 724 4774 29).
777 4705 910 4774 Quid
962 4707 1140 4776 igitur,
1198 4708 1241 4760 si
1300 4721 1572 4776 perperam
1635 4706 1735 4760 hoc
1791 4708 1967 4775 SUSpi-

381 4795 681 4851 cabantnr?
709 4795 845 4851 dicet
875 4796 1065 4866 aliquis
1101 4814 1113 4849 :
1149 4804 1380 4850 attamen
1416 4811 1509 4851 eos
1545 4810 1649 4849 non
1681 4795 1970 4864 reprehen-

383 4889 480 4948 dit.
509 4903 607 4943 nec
634 4886 941 4955 increpavit,
983 4885 1078 4940 sed
1104 4894 1159 4940 et
1189 4885 1395 4939 illorum
1422 4886 1742 4940 sententiam
1770 4885 1969 4940 conﬁr-

385 4979 564 5035 mavit.
597 4978 730 5034 Cum
752 4978 892 5033 enim
915 4977 1090 5032 statim
1123 4977 1433 5032 accessisset
1456 4977 1697 5045 leprosus
1715 4988 1778 5030 ac
1803 4975 1970 5031 dixis-

393 5075 496 5130 set,
551 5063 789 5127 Domine,
827 5065 873 5116 si
908 5063 1002 5122 vis.
1043 5073 1186 5131 potes
1231 5079 1310 5116 me
1358 5063 1611 5118 mundare
1669 5063 1778 5136 (Id.
1810 5065 1862 5120 8.
1887 5065 1964 5126 2).

390 5155 530 5222 Quid
563 5155 678 5209 ait?
713 5153 863 5218 Volo,
899 5155 1176 5208 mundare.
1210 5154 1322 5209 Cur
1344 5163 1528 5209 autem
1564 5171 1673 5210 non
1697 5156 1959 5227 simplici-

391 5257 474 5304 ter
501 5247 662 5312 dixit,
699 5246 1246 5302 Mundarehametsi
1275 5245 1608 5302 testificatus
1632 5248 1708 5302 illi
1746 5258 1862 5303 erat
1894 5249 1968 5304 le-

389 5357 585 5412 prosus
635 5349 960 5412 potestalem
996 5340 1173 5411 ipsum
1217 5340 1436 5405 habere,
1484 5355 1608 5393 cum
1644 5339 1872 5404 diceret,
1905 5339 1966 5394 Si

390 5429 488 5482 cis.
524 5427 630 5483 Sed
666 5444 735 5483 ne
779 5429 1130 5484 existimares
1173 5428 1458 5484 sententias
1502 5437 1715 5484 tantum
1765 5429 1964 5500 leprosi

383 5517 828 5583 adscribendum,
870 5519 930 5575 Si
962 5521 1061 5584 ris,
1111 5520 1312 5589 adjecit
1345 5520 1460 5590 ipse
1492 5535 1709 5590 quoque
1741 5511 1961 5584 dicens,

397 5609 552 5674 l'olo,
586 5611 863 5666 mundare.
889 5612 980 5667 Sic
995 5613 1120 5667 data
1134 5625 1299 5684 opera
1321 5629 1476 5668 suam
1498 5615 1697 5685 ubique
1723 5625 1964 5685 petesta-

385 5710 492 5755 tem
527 5698 935 5768 manifestabat,
974 5718 1141 5773 seque
1176 5705 1358 5758 omnia
1387 5720 1451 5760 ex
1475 5705 1800 5762 auctoritate
1825 5721 1960 5775 pra:-

3547 277 3655 334 792

2082 424 2226 470 stare
2248 435 2261 474 :
2283 417 2485 485 alioqui
2505 418 2610 471 nisi
2627 418 2698 470 ita
2713 428 2878 483 esset,
2897 418 3171 488 superﬂua
3191 420 3279 476 illa
3297 426 3650 478 essetoratio.

2152 508 2206 561 6.
2231 509 2368 562 Cum
2405 510 2570 579 igitur
2600 511 2654 563 in
2687 510 2944 565 omnibus
2965 511 3086 579 eius
3115 521 3438 581 potestatem
3466 515 3652 572 disca-

2077 608 2215 659 mus,
2261 595 2304 647 si
2350 594 2475 663 quid
2507 595 2629 650 alibi
2661 595 2858 650 humile
2885 597 3058 651 facere
3088 598 3233 652 illum
3265 598 3346 652 vel
3371 599 3550 654 dicere
3578 603 3660 654 vi-

2075 684 2330 752 derimus,
2351 699 2470 738 cum
2495 695 2710 754 propter
2723 701 2836 751 eas,
2865 702 2996 756 quas
3017 703 3186 757 nuper
3202 690 3658 756 enttmcravimus,

2072 790 2281 841 causas,
2327 784 2434 829 tum
2479 777 2618 844 quod
2645 777 2912 832 auditores
2937 779 3001 832 ad
3035 780 3386 836 humilitatem
3425 782 3555 838 velit
3583 785 3650 836 in-

2073 867 2174 918 cita
2187 882 2264 930 re,
2295 882 2360 919 ne
2383 867 2580 920 ideirco
2605 868 2855 923 vilitatem
2880 869 2954 923 illi
2977 871 3285 926 substantia:
3307 873 3664 942 impulemus;

2073 957 2330 1026 siquidem
2349 956 2451 1012 hoc
2471 958 2640 1027 ipsum
2659 959 2797 1027 quod
2818 975 3032 1015 carnem
3052 964 3359 1031 assumpsit,
3379 963 3447 1018 ab
3462 978 3527 1018 eo
3549 979 3660 1034 prae

2075 1048 2234 1100 nimia
2263 1049 2559 1103 humilitate
2579 1060 2884 1118 susceptum
2910 1061 3014 1113 est,
3045 1067 3148 1106 non
3173 1052 3314 1121 quod
3339 1053 3494 1108 Patre
3517 1063 3658 1109 esset

2074 1139 2309 1194 inferior.
2345 1139 2495 1195 Unde
2523 1155 2648 1194 vero
2679 1141 2729 1194 id
2758 1141 3008 1196 constat?
3037 1143 3166 1196 Nam
3201 1143 3301 1196 hoc
3330 1158 3544 1213 quoque
3568 1159 3665 1197 ve-

2073 1231 2242 1284 ritatis
2275 1230 2453 1284 hostes
2480 1232 2858 1286 circumferunt
2890 1233 3126 1288 dicentes
3153 1249 3168 1286 :
3200 1235 3245 1289 si
3285 1233 3504 1303 :equalis
3543 1242 3658 1288 erat

2075 1321 2236 1387 Patri,
2272 1337 2430 1391 quam
2459 1323 2528 1376 ob
2554 1337 2767 1377 causam
2797 1323 2953 1377 Pater
2977 1340 3190 1378 carnem
3217 1341 3321 1378 non
3348 1325 3660 1395 assumpsit.

2071 1413 2163 1469 sed
2194 1413 2359 1468 Filius
2387 1415 2523 1469 servi
2546 1415 2786 1470 .formam
2831 1415 3042 1470 induit?
3083 1411 3276 1468 Annon
3321 1427 3404 1472 est
3433 1417 3658 1472 manife-

2072 1517 2234 1571 stum,
2265 1505 2516 1574 quoniam
2549 1505 2770 1560 inferior
2789 1507 2941 1561 erat?
2992 1509 3148 1577 Atqui
3180 1507 3224 1561 si
3255 1516 3530 1577 propterea
3562 1522 3657 1560 no-

2071 1609 2235 1652 stram
2273 1599 2508 1668 suscepit
2550 1609 2813 1664 naturam,
2852 1599 3130 1669 Spiritum,
3178 1616 3336 1670 «ptem
3377 1601 3474 1671 ipsi
3522 1601 3660 1654 Filio

2073 1689 2330 1744 minorem
2353 1703 2473 1744 esse
2495 1700 2773 1744 autumant
2803 1700 2929 1762 (non
2957 1692 3100 1746 enim
3133 1691 3232 1747 hoc
3259 1708 3355 1748 nos
3379 1693 3652 1762 dicimus),

2070 1794 2286 1834 carnem
2313 1781 2592 1848 oportebat
2631 1795 2924 1836 assumere.
2968 1781 3023 1836 Si
3072 1782 3211 1837 enim
3255 1783 3454 1838 idcirco
3486 1785 3656 1854 nsijor

2070 1879 2150 1923 cst
2187 1869 2320 1923 Filio
2347 1870 2524 1934 Pater,
2553 1872 2802 1940 quoniam
2830 1871 2917 1926 ille
2957 1872 3262 1930 incarnatus
3290 1883 3392 1939 est,
3424 1873 3509 1929 hic
3549 1891 3655 1928 non

2073 1968 2157 2014 cst
2184 1960 2505 2024 incarnatus,
2551 1962 2652 2016 erit
2697 1963 2856 2017 etiam
2887 1963 3114 2031 Spiritus
3141 1964 3256 2032 ejus
3301 1963 3372 2020 ob
3414 1965 3658 2020 eamdem

2070 2065 2284 2107 causam
2334 2055 2449 2122 ipso
2487 2054 2705 2123 major:
2745 2070 2915 2126 neque
2961 2057 3100 2110 enim
3151 2059 3263 2127 ipse
3313 2072 3526 2113 carnem
3569 2073 3660 2112 as-

2071 2145 2318 2212 sumpsit.

2143 2234 2227 2290 Ex
2248 2236 2525 2306 Scripturis
2541 2239 2782 2308 probatur
2803 2240 2993 2295 Filium
3012 2259 3118 2296 esse
3143 2241 3286 2296 Patri
3309 2244 3570 2314 (aqualem.
3592 2276 3660 2285 -κ

2069 2327 2173 2382 Sed
2203 2343 2270 2383 ne
2297 2330 2628 2398 argumentis
2672 2331 2810 2385 istud
2837 2333 3282 2398 demonstremus,
3313 2349 3411 2404 age
3435 2351 3501 2389 ex
3532 2335 3661 2404 ipsis

2073 2421 2361 2490 Scripturis
2392 2422 2562 2490 ipsum
2595 2423 2882 2493 probemus
2907 2463 2924 2490 ,
2949 2435 3004 2480 et
3027 2426 3334 2480 humilitatis
3359 2442 3517 2482 causa
3545 2443 3661 2482 ear-

2073 2526 2192 2566 nem
2221 2512 2364 2565 illum
2402 2514 2756 2582 assumpsisse
2799 2514 3159 2569 ostendamus.
3207 2515 3401 2572 Paulus
3446 2517 3659 2586 quidem

2070 2609 2238 2666 certe,
2268 2602 2359 2671 qui
2384 2601 2498 2658 htec
2523 2612 2762 2669 noverat,
2792 2619 2912 2659 eum
2952 2605 3017 2659 ad
3042 2607 3309 2677 quidpiam
3352 2610 3504 2662 nobis
3533 2609 3662 2663 nti'o

2072 2707 2170 2747 nos
2199 2693 2576 2748 cohortaturus
2606 2704 2708 2760 est,
2733 2695 2974 2766 exempla
3009 2696 3162 2751 nobis
3190 2699 3396 2753 virtutis
3425 2699 3494 2753 de
3521 2701 3658 2753 ca-lo

2068 2783 2301 2838 demittit
2327 2799 2342 2836 :
2376 2793 2433 2838 ut
2457 2799 2578 2838 cum
2609 2799 2978 2854 saepenumero
3006 2787 3240 2842 caritatis
3267 2789 3504 2844 colenda:
3530 2803 3659 2843 eou-

2080 2875 2258 2928 silium
2289 2875 2402 2940 dat,
2449 2884 2502 2929 et
2530 2884 2585 2929 ut
2611 2889 2671 2929 se
2711 2886 2898 2930 mutuo
2935 2877 3172 2947 diligant,
3205 2879 3350 2949 cupit
3376 2879 3664 2950 discipulos

2071 2965 2312 3030 incitare,
2334 2965 2598 3021 Christum
2629 2968 2843 3022 adducit
2876 2968 2928 3021 in
2957 2968 3187 3023 medium
3209 2969 3417 3025 dicens:
3448 2969 3660 3029 Viri,di-

2069 3055 2210 3126 ligite
2228 3072 2431 3122 uxores,
2467 3057 2595 3110 sicut
2622 3068 2667 3111 et
2691 3058 2917 3113 Christus
2941 3059 3118 3113 dilexit
3141 3059 3414 3114 Ecclesium
3438 3061 3656 3132 (Ephes.

2070 3144 2123 3200 5.
2157 3145 2271 3216 25).
2302 3149 2527 3216 Rursus,
2569 3151 2656 3204 ubi
2692 3151 2757 3205 de
2791 3151 3128 3223 eleemosyna
3163 3152 3404 3219 disserit,
3433 3153 3662 3223 idipsuat

2071 3237 2236 3294 facit:
2291 3241 2538 3310 quocirca
2587 3244 2747 3298 etiam
2775 3244 2898 3299 dicit
2942 3263 2956 3299 :
3004 3244 3160 3298 Scitis
3202 3247 3418 3317 gratiam
3448 3246 3656 3302 Domini

2070 3333 2226 3386 nostri
2259 3331 2381 3386 Jesu
2408 3333 2612 3399 Christi,
2653 3336 2889 3405 quoniam
2929 3346 3135 3406 propter
3159 3353 3246 3392 vos
3272 3354 3457 3409 egenus
3496 3341 3662 3410 [nctus

2068 3433 2160 3487 est,
2193 3440 2305 3478 cum
2341 3435 2467 3479 esset
2499 3425 2654 3490 dives,
2689 3436 2744 3479 ut
2777 3427 2915 3480 illius
2949 3427 3123 3497 inopia
3167 3444 3250 3482 vos
3279 3429 3454 3483 divites
3486 3431 3657 3484 essetis

2071 3513 2147 3584 (2.
2188 3515 2306 3568 Cor.
2339 3515 2394 3570 8.
2425 3513 2503 3588 9).
2559 3516 2762 3570 [lorum
2807 3527 2980 3572 autem
3025 3519 3308 3574 verborum
3349 3520 3435 3574 hic
3473 3535 3663 3576 sensus

2068 3613 2151 3659 est
2178 3625 2192 3658 ;
2222 3606 2667 3674 quemadmodum
2709 3605 2878 3662 factus
2911 3618 2994 3663 est.
3017 3624 3216 3679 egenus
3258 3610 3510 3664 Dominus
3539 3620 3665 3664 tuus

2069 3707 2282 3748 carnem
2310 3711 2608 3760 assumens,
2641 3697 2708 3751 ita
2739 3706 2792 3751 tu
2821 3699 2870 3752 in
2899 3700 3131 3767 pecuniis
3160 3715 3359 3768 egenus
3390 3699 3506 3754 fias.
3529 3700 3662 3755 Nam

2072 3793 2127 3838 ut
2153 3784 2299 3838 illum
2328 3793 2538 3855 egestas
2563 3787 2748 3855 gloria:
2771 3787 2901 3842 nihil
2931 3789 3084 3853 liesit,
3118 3790 3196 3844 sic
3223 3805 3396 3859 neque
3422 3799 3472 3844 te
3503 3805 3665 3859 pecu-

2071 3875 2279 3930 uiarum
2309 3876 2486 3946 inopia
2522 3876 2718 3932 la-dere
2749 3879 2964 3948 poterit,
2993 3879 3085 3934 sed
3115 3880 3306 3934 multas
3335 3881 3428 3935 tibi
3447 3881 3664 3935 divitias

2069 3967 2420 4037 comparabit.
2465 3969 2554 4024 Sic
2595 3979 2647 4023 et
2687 3969 2756 4024 de
2797 3969 3095 4025 humilitate
3122 3971 3262 4040 apud
3292 3971 3664 4042 Philippenses

2069 4058 2338 4130 disserens
2358 4059 2627 4114 Christum
2656 4061 2706 4112 in
2735 4060 2965 4115 medium
2993 4061 3225 4126 adducit,
3251 4078 3479 4132 cumque
3500 4063 3666 4118 dixis-

2071 4158 2190 4212 set,
2263 4147 2561 4202 Hutnilitate
2611 4150 2707 4202 sibi
2771 4151 2981 4204 invicem
3032 4153 3311 4220 superiores
3360 4154 3665 4207 arbitrantes

2073 4240 2329 4312 (Philipp.
2360 4240 2413 4294 2.
2445 4241 2523 4312 5),
2569 4242 2831 4311 adjuuxit,
2875 4241 2988 4296 Hoc
3027 4244 3160 4297 euint
3197 4245 3374 4299 sentite
3408 4245 3461 4298 in
3501 4245 3662 4311 uobis,

2070 4331 2205 4400 quod
2249 4341 2295 4383 et
2322 4332 2375 4384 in
2401 4330 2598 4385 Christo
2634 4331 2780 4396 Jesu,
2810 4333 3045 4401 quicum
3078 4333 3131 4386 in
3173 4334 3338 4404 [arma
3377 4333 3473 4388 Dei
3512 4347 3661 4399 esset.

2074 4439 2173 4476 non
2208 4422 2443 4492 rapinam
2484 4424 2757 4478 arbitratus
2795 4429 2866 4478 est
2894 4440 2998 4478 esse
3029 4441 3083 4478 se
3115 4426 3361 4493 aequalem
3405 4425 3528 4491 Deo,
3572 4428 3663 4481 sed

2073 4514 2391 4584 semetipsum
2417 4515 2693 4568 exinanivit
2723 4517 2943 4586 formant
2969 4517 3098 4570 servi
3124 4518 3375 4588 accipiens
3395 4516 3501 4588 (Ib.
3529 4534 3576 4572 υ.
3601 4520 3656 4573 5.

2074 4605 2150 4675 7).
2183 4607 2354 4675 Atque
2391 4605 2436 4660 si
2465 4606 2605 4676 quod
2634 4616 2777 4662 esset
2803 4617 2990 4664 natura
3027 4606 3266 4674 inferior,
3307 4624 3520 4664 carnem
3565 4624 3660 4679 ge-

2074 4707 2217 4751 stare
2241 4697 2486 4766 dignatus
2514 4708 2616 4762 est,
2657 4713 2760 4753 non
2781 4698 2890 4768 jam
2924 4699 3050 4753 illud
3077 4698 3274 4755 factum
3300 4702 3402 4756 erit
3439 4701 3662 4754 humili-

2077 4789 2216 4853 tatis,
2262 4789 2356 4845 sed
2398 4789 2592 4845 frustra
2626 4792 2842 4860 protulit
2889 4792 3013 4847 illud
3043 4793 3262 4862 Paulus,
3294 4795 3420 4849 dum
3448 4797 3514 4850 ad
3559 4796 3661 4850 hu-

2077 4879 2350 4934 militatem
2379 4880 2709 4936 adhortatur.
2751 4882 2886 4938 Tum
2913 4885 3053 4938 enim
3097 4883 3364 4940 humilitas
3390 4896 3494 4952 est,
3535 4903 3659 4942 cum

2075 4972 2296 5040 mqualis
2317 4972 2496 5028 obedit
2511 4975 2722 5044 a‘quali.
2743 4975 2852 5028 lloc
2867 4975 3278 5046 igiturindieaus
3297 4988 3350 5032 et
3372 4979 3488 5048 ipsc
3501 4979 3633 5034 dicit
3650 4999 3664 5033 :

2079 5063 2179 5128 Qui
2206 5081 2317 5118 cum
2359 5065 2412 5118 in
2453 5067 2622 5136 forma
2649 5067 2746 5120 Dei
2786 5077 2930 5130 esset,
2977 5085 3078 5122 non
3115 5070 3349 5140 rapinam
3389 5071 3668 5128 arbitratus

2077 5168 2148 5212 est
2175 5174 2280 5213 esse
2304 5175 2357 5213 se
2375 5159 2618 5230 aqualem
2647 5160 2768 5225 Deo,
2800 5163 2887 5215 sed
2911 5163 3230 5232 semetipsum
3255 5164 3531 5218 exinaniuit
3551 5169 3667 5234 [or-

2077 5263 2211 5300 mam
2237 5249 2363 5302 servi
2393 5250 2664 5318 accipiens.
2689 5249 2823 5316 Quid
2850 5259 2953 5316 est,
2987 5249 3106 5304 Non
3129 5252 3366 5319 rapinam
3389 5253 3668 5306 arbitratus

2079 5349 2152 5394 est
2191 5357 2299 5394 esse
2337 5359 2390 5395 se
2430 5342 2678 5410 aqualem
2721 5341 2827 5396 Deo
2849 5383 2864 5409 ,
2909 5343 2999 5396 sed
3033 5345 3352 5414 semetipsum
3391 5345 3668 5398 exinaniri:

2078 5434 2294 5500 formam
2327 5433 2454 5486 servi
2480 5433 2769 5503 accipiens?
2793 5435 2892 5502 Qui
2917 5437 3093 5505 rapuit
3115 5437 3314 5508 aliquid
3335 5453 3400 5493 es
3432 5440 3514 5505 iis,
3547 5456 3670 5511 qua:

2081 5521 2209 5576 nihil
2260 5523 2325 5577 ad
2367 5537 2425 5578 se
2466 5525 2710 5588 attinent,
2766 5525 2893 5580 illud
2937 5537 3192 5597 perpetuo
3232 5530 3443 5594 retinet,
3493 5547 3667 5601 neque

2083 5623 2253 5685 potest
2297 5616 2486 5671 adduci
2519 5627 2575 5671 ut
2608 5618 2735 5672 illud
2762 5619 3026 5688 deponat,
3059 5621 3201 5691 quod
3233 5633 3462 5687 metuat,
3494 5639 3667 5694 neque

2084 5703 2411 5760 conﬁdenter
2436 5706 2559 5761 illud
2593 5708 2898 5778 possideat:
2941 5711 3030 5781 qui
3061 5726 3187 5770 vero
3225 5713 3418 5768 bonum
3451 5715 3664 5781 aii-tuod
