4062 6166
328 299 429 359 ’191

328 416 515 477 λαιοὺς
547 406 919 479 ἀναγινώσκει
959 407 1178 480 νόμους,
1209 412 1455 476 καὶτοὺς
1487 412 1641 479 νέους
1676 415 1912 487 παρατιι.

329 500 508 571 θησιν.
544 495 894 556 Ἠκούσατε,
916 500 1101 564 φησιν,
1116 493 1207 547 ὅτι
1228 493 1442 565 ἐρρέθη
1469 495 1594 561 τοῖς
1607 497 1880 567 ἀρχαίοις
1902 516 1912 526 ·

332 585 415 639 οὑ
456 580 800 652 φονεύσεις.
831 571 970 631 Εἰπὲ
1008 578 1102 632 καὶ
1132 577 1286 650 παρὰ
1314 578 1458 643 τίνος
1482 579 1683 652 ἐρρέθη
1703 597 1719 611 ο
1746 583 1811 636 σὺ
1844 578 1919 637 et.

329 680 435 731 πας
466 664 649 729 τοῦτο,
673 661 709 733 ἢ
745 662 775 716 6
804 658 996 732 Πατὴρ
1023 661 1053 714 6
1086 661 1215 729 06;;
1251 661 1393 715 Ἀλλ’
1423 663 1487 715 οὑ
1514 661 1684 732 λέγει.

393 837 552 902 Τίνος
587 832 683 891 οῦν
721 834 910 890 ἕνεκεν
950 833 1111 889 τοῦτο
1145 835 1393 905 ἐσίγησε,
1437 836 1532 890 καὶ
1570 836 1663 891 τὸν
1693 837 1919 891 εἰπόντα

323 921 423 975 οὐκ
472 917 999 991 ὲποίησετφανερὸν,
1039 918 1156 972 ἀλλ’
1194 918 1525 989 ἀπρόσωπον
1571 919 1671 991 τὴν
1697 918 1920 991 νομοθε-

326 1004 447 1059 σίαν
479 1003 813 1074 είσήγαγεν;
843 1001 968 1055 Ὀτι
993 1002 1042 1054 εί
1074 1001 1175 1072 μὲν
1207 997 1362 1054 εἶπεν
1383 1018 1398 1033 ·
1439 1001 1513 1054 Οὐ
1546 1000 1919 1075 [556]’φονεύ;

324 1104 458 1152 σεις,
500 1084 614 1156 ἐγὼ
661 1085 719 1139 δὲ
751 1084 896 1154 λέγω
933 1085 1063 1155 ὑμῖν
1086 1101 1100 1115 ⁸
1121 1084 1235 1137 Ούκ
1261 1084 1596 1160 ὀργισθήσῃ,
1648 1085 1823 1150 ἔδοξεν
1852 1086 1921 1140 ἂν

325 1171 465 1242 βαρὺ
494 1170 558 1223 τὸ
579 1168 875 1238 λεγόμενον
903 1160 1043 1220 εἶναι
1072 1165 1162 1219 διά
1190 1167 1291 1237 τὴν
1325 1167 1589 1222 ἀπόνοιαν
1614 1167 1722 1222 τῶν
1750 1170 1917 1224 ἀκου-

318 1255 491 1308 όντων
515 1252 742 1326 μηδέπω
769 1250 1007 1304 συνιέναι
1026 1250 1359 1321 δυναμένων,
1374 1250 1456 1304 ὅτι
1474 1251 1574 1306 οὐκ
1593 1252 1920 1324 ἀνατρέπων

318 1335 393 1391 τά
416 1334 683 1407 πρότερα,
729 1332 848 1387 ἀλλ’
895 1332 1077 1399 αῦξων
1114 1334 1288 1387 ταῦτα
1321 1333 1633 1404 ἐνομοθέτει
1655 1352 1670 1366 ο
1708 1335 1803 1389 καὶ
1841 1329 1920 1386 εἷ-

322 1435 425 1473 πον
453 1417 522 1473 ἀν
557 1415 699 1487 πρὸς
724 1415 889 1469 αὐτόν
911 1433 926 1448 ⁸
964 1416 1031 1469 Τί
1063 1415 1285 1484 λέγεις;
1323 1415 1352 1468 6
1377 1417 1570 1486 Πατήρ
1594 1434 1689 1471 σου
1719 1412 1874 1471 εἶπεν
1901 1433 1914 1449 ο

323 1498 828 1568 οὐ⁸φονιύσιις,σὺ
853 1497 910 1552 δὲ
943 1497 1155 1567 λέγεις·
1188 1498 1302 1552 Ούκ
1328 1498 1668 1571 ὀργισθήσῃ;
1699 1500 1796 1554 Ἵν*
1823 1496 1919 1554 οῦν

326 1587 399 1656 μή
436 1601 524 1649 τις
550 1583 796 1639 ἐναντίον
823 1582 988 1637 αὐτὸν
1022 1581 1103 1653 τῷ
1136 1583 1313 1652 Πατρὶ
1341 1582 1539 1656 νομίσῃ
1570 1581 1733 1650 εἶναι,
1760 1583 1795 1655 ἢ
1841 1582 1915 1648 ώς

322 1666 633 1740 σοφώτερόν
656 1685 713 1722 τι
745 1666 908 1720 πλέον
927 1666 1203 1738 εἰσφέρειν
1234 1665 1468 1733 ἐκείνου,
1504 1667 1608 1721 ούκ
1630 1662 1805 1730 εἶπεν,
1832 1667 1915 1721 ὅτι

328 1752 635 1808 Ἠκούσατε
652 1749 805 1822 παρά
835 1748 929 1803 τοῦ
964 1748 1200 1821 Πατρός.
1231 1748 1403 1805 Πάλιν
1428 1751 1478 1804 εί
1505 1744 1658 1804 εἶπεν
1678 1767 1692 1781 ⁸
1730 1752 1918 1804 Ἠκού-

320 1854 451 1894 σατε
480 1837 565 1890 ὅτι
612 1833 725 1904 ἐγὼ
774 1828 930 1887 εἷπον
960 1833 1074 1895 τοῖς
1104 1830 1373 1902 ἀρχαίοις,
1424 1832 1700 1905 ἀφόρητον
1736 1832 1916 1900 ἔδοξεν

319 1922 387 1979 ἀν
426 1917 592 1984 εἶναι,
641 1918 736 1973 καὶ
777 1915 939 1970 τοῦτο
969 1915 1071 1969 οὐκ
1103 1914 1324 1968 ἔλαττον
1369 1914 1403 1986 ἥ
1440 1916 1503 1969 τὸ
1534 1916 1818 1989 πρότερον.
1850 1917 1915 1971 El

321 2004 461 2077 γὰρ,
498 2001 688 2073 ἐπειδὴ
716 1995 859 2067 εἷπε,
892 1998 1017 2069 Πρὸ
1059 1999 1168 2053 τοῦ
1211 1998 1459 2069 Ἀϐραὰμ
1487 1999 1767 2071 γενέσθαι
1800 2000 1916 2070 ἐγώ

327 2090 468 2158 ειμι,
499 2085 716 2140 λιθάσαι
756 2083 919 2138 αὐτὸν
953 2082 1341 2154 ἐπεχείρησαν,
1371 2084 1422 2136 εί
1461 2081 1803 2155 προσέθηκεν
1831 2084 1913 2138 ὅτι

327 2173 424 2226 καὶ
447 2172 654 2240 Μωῦσῇ
680 2168 841 2232 αὐτὸς
864 2166 958 2222 τὸν
982 2166 1149 2238 νόμον
1188 2166 1381 2235 ἔδωκε,
1410 2166 1466 2220 τί
1499 2166 1603 2220 οὐκ
1632 2166 1700 2221 ἂν
1724 2168 1914 2238 ἐποίη-

314 2273 464 2323 ησαν;
489 2253 589 2307 Διά
615 2250 773 2306 τοῦτο
801 2249 930 2304 οὔτε
962 2248 1090 2322 περὶ
1124 2249 1340 2315 ἑαυτοῦ,
1373 2248 1498 2304 οὔτε
1525 2249 1656 2321 περὶ
1679 2250 1772 2304 τοῦ
1798 2251 1913 2303 Πα-

319 2338 448 2409 τρὺς
496 2337 650 2391 οὐδὲν
680 2332 875 2400 εἰπὼν,
933 2332 1071 2387 ἀλλά
1119 2332 1284 2404 μέσον
1327 2334 1508 2402 ἀφεὶς,
1556 2333 1654 2387 καὶ
1697 2331 1868 2387 εἰπών
1893 2349 1908 2363 ο

329 2421 661 2480 Ἠκούσατε
695 2416 787 2472 ὅτι
816 2416 1030 2486 ἐρρέθη
1066 2416 1191 2482 τοῖς
1225 2416 1531 2486 ἀρχαίοιςο
1579 2417 1664 2471 Οὐ
1689 2416 1909 2486 φονεύ-

317 2518 448 2573 σεις
471 2521 486 2535 ·
525 2504 666 2574 ὅπερ
699 2501 794 2554 ἐπὶ
826 2499 938 2553 τῶν
966 2499 1238 2570 σωμάτων
1270 2498 1517 2570 ἐποίησε,
1568 2499 1658 2553 διὰ
1682 2500 1782 2571 τῆς
1812 2498 1909 2553 τοῦ

316 2588 596 2651 λείποντος
630 2581 1074 2654 ἀναπληρώσεως
1111 2581 1330 2648 διδάξας
1361 2584 1562 2647 αὐτοὺς
1586 2583 1683 2637 καὶ
1724 2583 1818 2637 τὸν
1850 2584 1909 2636 ἐν

315 2674 462 2747 ἀρχῇ
523 2668 1011 2741 δημιουργήσαντα
1070 2666 1163 2720 τὸν
1221 2666 1543 2738 ἄνθρωπον,
1589 2665 1750 2720 τοῦτο
1816 2665 1909 2719 καὶ

313 2754 556 2813 ἐνταῦθα
594 2754 762 2818 ποιεῖ,
806 2749 896 2804 διὰ
946 2750 1050 2820 τῆς
1101 2748 1198 2803 τοῦ
1237 2748 1406 2820 νόμου
1445 2747 1784 2820 διορθώσεως
1815 2749 1910 2805 καὶ

310 2841 413 2913 τῆς
460 2836 558 2893 τοῦ
614 2834 891 2898 ἐνδέοντος
933 2831 1257 2907 προσθήκης
1305 2832 1573 2887 διδάσκων
1621 2833 1706 2896 τίς
1760 2834 1908 2885 ἐστιν

319 2925 353 2979 δ
396 2922 496 2978 xal
541 2918 697 2992 παρά
755 2917 855 2988 τὴν
894 2916 1071 2989 ἀρχὴν
1124 2915 1216 2969 τὸν
1273 2915 1439 2987 νόμον
1481 2913 1749 2978 δεδωκώς.
1810 2916 1908 2968 Διὰ

309 3006 475 3061 τοῦτο
534 3005 630 3058 καὶ
688 3001 820 3073 περὶ
875 3001 974 3071 τῆς
1032 2999 1127 3053 τοῦ
1188 2999 1478 3072 ἀνθρώπου
1544 2998 1905 3071 δημιουργίας

309 3086 719 3157 διαλεγόμενος,
751 3082 876 3137 οὔτε
908 3076 1134 3147 ἑαυτοῦ,
1183 3081 1308 3137 οὕτε
1340 3081 1436 3135 τοῦ
1471 3081 1688 3153 Πατρὸς
1736 3081 1905 3153 ἐμνή-

312 3172 462 3243 σθη,
515 3168 653 3224 ἀλλὰ
700 3167 796 3222 καλ¹
848 3165 1082 3221 ἐνταῦθα
1141 3165 1474 3238 ἀπρόσωπόν
1522 3182 1583 3219 τε
1639 3166 1735 3218 καὶ
1790 3166 1907 3219 ἀδι-

307 3258 530 3330 όριστον
568 3254 800 3307 ποιεῖται
824 3251 916 3305 τὸν
960 3251 1143 3319 λόγον,
1168 3249 1367 3305 εἰπών·
1416 3249 1470 3302 '0
1529 3248 1793 3317 ποιήσας
1834 3251 1905 3315 ἐξ

304 3336 732 3413 ἀρχῆς-,ἄρσεν
764 3334 864 3389 καί
891 3333 1052 3403 θῆλυ
1081 3333 1373 3401 ἐποίησεν
1400 3332 1624 3399 αὐτούς
1645 3348 1660 3361 ⁸
1702 3332 1800 3387 καὶ
1825 3332 1904 3403 τῷ

310 3426 414 3498 μὲν
440 3424 649 3495 ῥήματι
681 3419 905 3490 ἐσίγησε
941 3417 1034 3471 τὸν
1072 3417 1396 3488 ποιήσαντα,
1429 3414 1508 3487 τῷ
1530 3415 1587 3470 δὲ
1620 3415 1771 3488 ἔργῳ
1797 3418 1903 3471 ὲδί-

304 3508 442 3576 δαξε
469 3506 543 3560 τά
587 3504 842 3558 λείποντα
874 3499 987 3555 τῶν
1032 3501 1303 3570 σωμάτων
1348 3499 1701 3571 ἀναπληρῶν.
1745 3498 1904 3554 υῦτω

306 3593 407 3647 καὶ
430 3587 671 3645 ἐνταῦθα
698 3583 890 3642 εἰπὼν.
929 3585 1013 3639 ὅτι
1051 3584 1387 3638 Ἠκούσατε
1419 3582 1510 3636 ὅτι
1533 3582 1746 3652 ἐρρέθη
1779 3582 1904 3650 τοῖς

302 3673 608 3744 ἀρχαίοις,
661 3667 816 3740 παρά
864 3667 963 3739 μὲν
994 3665 1141 3730 τίνος
1194 3664 1397 3738 ἐρρέθη
1429 3665 1675 3737 ἐσίγησε.
1717 3665 1808 3720 διὰ
1845 3664 1903 3720 δὲ

303 3757 424 3812 τῶν
452 3755 634 3827 έργων
653 3751 833 3807 αὐτῶν
858 3750 1129 3823 ἐδήλωσεν
1161 3748 1377 3802 ἑαυτόν.
1407 3748 1465 3803 '0
1492 3747 1602 3820 γὰρ
1624 3747 1686 3801 τὸ
1717 3747 1902 3803 λεῖπον

304 3835 743 3910 ἀναπληρώσας,
773 3827 930 3898 οὗτός
960 3835 1109 3888 ἐστιν
1137 3834 1166 3887 6
1196 3831 1292 3887 καὶ
1317 3830 1378 3898 ἐξ
1403 3832 1580 3904 ἀρχῆς
1602 3831 1763 3885 αὐτὸν
1789 3833 1902 3885 εἰσ-

279 3919 577 3990 ενεγκὼν.
616 3917 727 3971 Καὶ
754 3916 954 3981 αὐτοὺς
985 3916 1045 3970 δὲ
1073 3916 1201 3980 τοὺς
1234 3915 1500 3978 παλαιοὺς
1534 3913 1901 3984 ἀναγινώσκει

300 4006 535 4077 νόμους,
562 4001 652 4056 ἵνα
688 4003 758 4073 τῇ
798 3999 1103 4072 παραθέσει
1141 3997 1388 4070 μάθωσιν
1402 3999 1467 4053 vol
1495 3996 1786 4061 ἀκούοντες
1817 3998 1900 4052 ὅτι

300 4088 437 4145 οὔτε
461 4081 833 4147 ἐναντιώσεως
853 4085 971 4136 ἐστι
995 4082 1066 4137 τὰ
1090 4081 1382 4153 λεγόμενα,
1404 4081 1500 4135 καὶ
1516 4081 1600 4134 ὅτι
1621 4080 1699 4151 τῷ
1714 4097 1902 4150 γεγεν-

299 4170 502 4245 νηκότι
520 4168 620 4241 τὴν
643 4167 810 4238 αὐτὴν
824 4165 1075 4234 ἐξουσίαν
1093 4164 1229 4236 ἔχει.
1255 4163 1443 4218 Ταῦτα
1467 4162 1563 4218 καὶ
1586 4165 1637 4218 οί
1653 4165 1899 4218 Ἰουδαῖοι

302 4256 557 4326 συνῆκαν
575 4252 672 4306 καὶ
687 4248 819 4304 ὲθαύ
827 4248 1018 4319 μαζον.
1039 4249 1153 4302 Καὶ
1167 4248 1248 4302 ὅτι
1274 4246 1607 4318 ἐθαύμαζον,
1623 4247 1786 4302 ἄκουε
1801 4247 1897 4301 τοῦ

301 4332 702 4403 εὐαγγελιστοῦ
741 4328 900 4385 τοῦτο
948 4329 1236 4401 δηλοῦντος
1270 4330 1366 4384 καὶ
1416 4329 1668 4394 λέγοντος
1689 4345 1706 4361 ο
1749 4329 1901 4394 Ἑξε-

302 4417 693 4486 πλήσσοντο,
720 4415 907 4485 φησιν,
931 4415 986 4468 οἱ
1012 4411 1187 4482 ὄχλοι
1204 4411 1306 4466 ἐπὶ
1329 4410 1404 4481 τῇ
1429 4410 1653 4482 διδαχῇ
1684 4410 1897 4476 αὑτοῦ,

301 4504 399 4558 ὅτι
430 4499 756 4555 ἐδίδασκεν
779 4496 1005 4563 αὐτοὺς
1026 4497 1108 4562 ὠς
1125 4495 1420 4561 ἐξουσίαν
1446 4493 1625 4563 ἔχων,
1658 4496 1758 4548 καὶ
1782 4496 1896 4564 οὺχ

299 4585 387 4652 ὡς
415 4587 470 4639 οἱ
498 4580 856 4655 γραμματεῖς
882 4577 1195 4635 αὐτῶνκαὶ
1212 4580 1266 4632 οἱ
1285 4576 1615 4646 Φαρισαῖοι.
1635 4573 1830 4644 Τίοῦν,
1848 4580 1898 4632 εί

301 4666 499 4731 κακῶς
524 4664 688 4719 τοῦτο
712 4661 1035 4718 ὑπώπτευον
1060 4661 1258 4716 ἐκεῖνοι
1282 4677 1298 4729 ;
1324 4659 1480 4731 φησί.
1512 4659 1624 4714 Kal
1656 4660 1763 4732 μὴν
1796 4660 1897 4715 οὐκ

298 4749 631 4806 ἐνεκάλεσεν
668 4747 872 4813 αὐτοῖς,
919 4746 1042 4800 οὐδὲ
1074 4745 1429 4817 ἐπετίμησεν,
1457 4742 1594 4798 ἀλλά
1635 4744 1732 4798 καὶ
1770 4744 1898 4797 ὲκύ-

304 4850 488 4908 ρωσεν
509 4831 689 4887 αὐτῶν
715 4831 812 4903 τὴν
835 4828 1081 4903 γνώμην.
1130 4827 1528 4902 Προσελθόντος
1559 4826 1667 4900 γάρ
1693 4827 1898 4893 εὐθέως

296 4918 404 4973 τοῦ
433 4915 636 4988 λεπροῦ
667 4916 761 4970 καὶ
795 4915 1072 4984 λέγοντοςο
1105 4914 1302 4982 Κύριε,
1327 4910 1439 4967 ἐὰν
1474 4910 1680 4981 θέλῃς,
1717 4910 1898 4965 δύνα-

299 5001 415 5058 σαί
447 5018 527 5071 με
564 4999 912 5069 καθαρίσαν
958 4997 1012 5050 τί
1058 5013 1222 5068 φησι;
1266 4994 1453 5061 Θέλω,
1483 4995 1893 5064 καθαρίσθητι.

300 5084 421 5140 Kal
466 5084 613 5147 τίνος
652 5081 838 5135 ἕνεκεν
877 5081 978 5134 οὐκ
1017 5074 1171 5133 εἶπεν
1217 5079 1427 5143 ἀπλῶς,
1479 5078 1893 5149 Καθαρίσθητι;

301 5168 489 5222 καίτοι
524 5166 556 5219 ὁ
591 5166 794 5238 λεπρὸς
841 5163 1228 5238 ἐμαρτύρησεν
1260 5162 1412 5233 αὐτῷ
1442 5161 1693 5227 ἐξουσίαν
1724 5161 1894 5233 ἔχειν,

301 5249 503 5314 είπὼν,
562 5250 704 5304 Ἐὰν
732 5249 931 5317 θέλῃς.
991 5248 1131 5301 Ἀλλ’
1162 5248 1251 5301 ἵνα
1291 5246 1366 5318 μὴ
1400 5247 1632 5319 νομίσῃς
1669 5246 1770 5316 τῆς
1798 5245 1894 5299 τοῦ

302 5331 517 5404 λεπροῦ
545 5330 771 5402 γνώμης
793 5326 936 5385 εἶναι
957 5330 1018 5383 τὸ
1053 5329 1196 5384 Ἐὰν
1223 5329 1431 5398 θέλῃς,
1461 5328 1771 5400 προσέθηκε
1803 5329 1896 5382 καὶ

302 5415 477 5480 αὐτὸς
507 5414 683 5482 λέγων
701 5429 714 5443 ⁶
759 5415 943 5476 Θέλω,
986 5412 1399 5483 καθαρίσθητι.
1427 5411 1614 5473 Οῦτως
1644 5409 1894 5482 ἐπίτηδες

306 5499 592 5571 πανταχοῦ
624 5500 722 5570 τὴν
755 5498 1003 5567 ἐξουσίαν
1029 5496 1266 5552 ἐδείκνυε
1307 5497 1407 5569 τὴν
1437 5495 1655 5558 ἑαυτοῦ,
1688 5494 1781 5549 καὶ⁵
1812 5495 1893 5549 ὅτι

369 5715 403 5779 ξ
421 5716 574 5779 Sam.
611 5716 882 5778 legendum
911 5713 1108 5779 conjicil
1127 5713 1252 5762 εἶπεν
1304 5711 1363 5762 '0
1391 5714 1546 5776 πατήρ
1571 5728 1662 5775 μου
1689 5713 1787 5770 τοῖς
1808 5714 1893 5776 ἀρα

302 5776 462 5838 χαίοις
484 5776 629 5828 εἶπεν·
653 5776 743 5827 Οὐ.

1116 299 1199 352 DE
1237 302 1516 356 CIIIUS'II
1555 302 1918 371 ιίιιιεηιυδ,
1955 303 2236 360 CONTRA
2272 304 2662 364 ANOMCI‘IOS.
2695 304 2762 361 Χ.

3511 314 3619 370 792

2028 416 2207 471 πάντα
2261 417 2369 471 ἀπὺ
2398 418 2683 484 αύθεντίας
2714 420 2857 473 ποιεῖ
2882 434 2893 449 ⁸
2949 420 3072 476 ἐπεὶ
3109 422 3159 477 εί
3209 420 3287 493 μὴ
3318 421 3475 478 τοῦτο
3525 418 3619 495 ἢν,

2028 500 2284 571 περιττὸν
2310 495 2380 572 ἦν
2412 503 2472 556 τὸ
2498 502 2808 575 λεγόμενον.

2101 748 2173 808 ςν.
2192 745 2473 811 Μαθόντες
2494 747 2672 801 τοίνυν
2695 747 2789 802 διὰ
2804 750 3019 804 πάντων
3035 752 3201 807 αὑτοῦ
3222 753 3321 825 τὴν
3342 753 3614 819 ἐξουσίαν,

2026 824 2094 880 ἀν
2124 827 2324 899 ἴδωμεν
2342 828 2570 901 ἑτέρωθι
2595 832 2851 887 ταπεινόν
2876 851 2930 887 τι
2962 834 3220 889 ποιοῦντα
3247 824 3343 891 καὶ
3365 836 3613 906 λέγοντα,

2026 908 2117 963 διά
2156 927 2215 964 τε
2248 911 2350 976 τάς
2377 913 2555 979 αἰτίας
2595 914 2663 978 ἃς
2698 915 3089 990 ἠριθμήσαμεν
3142 920 3354 992 πρῴην,
3407 921 3502 976 καὶ
3527 922 3616 977 διὰ

2031 992 2182 1066 [557]
2207 993 2270 1047 τὸ
2289 993 2576 1065 βούλεσθαι
2597 999 2726 1062 τοὺς
2751 999 3051 1065 ἀκούοντας
3073 1003 3154 1067 είς
3183 1006 3615 1077 ταπεινοφροσύ-

2028 1093 2126 1145 νην
2158 1076 2469 1147 ὲναγαγεῖν,
2502 1080 2579 1151 μὴ
2610 1080 2699 1134 διὰ
2728 1080 2888 1137 τοῦτο
2912 1082 3077 1137 αὐτὸν
3106 1086 3186 1148 εἰς
3216 1076 3493 1141 εὐτέλειαν
3525 1090 3616 1142 ού-

2030 1158 2149 1222 σίας
2170 1158 2565 1232 διαϐάλλωμεν.
2600 1163 2712 1217 Kal
2735 1164 2844 1236 γάρ
2871 1166 3003 1220 αὐτὸ
3026 1167 3088 1220 τὸ
3114 1168 3294 1239 σάρκα
3324 1170 3615 1224 ἀναλαϐεῖν

2027 1240 2137 1295 ἀπὸ
2173 1245 2676 1318 ταπεινοφροσύνης
2712 1248 3028 1318 ὑπέμεινεν,
3062 1250 3242 1306 οὑνδιά
3268 1253 3328 1306 τὸ
3352 1255 3614 1308 καταδεέ-

2029 1342 2221 1398 στερον
2252 1325 2393 1383 εῖναι
2413 1328 2510 1383 τοῦ
2532 1331 2764 1403 Πατρός.
2792 1334 2905 1387 Kal
2932 1334 3099 1389 πόθεν
3119 1336 3281 1389 τοῦτο
3304 1337 3461 1407 δῆλον
3476 1356 3490 1400 ;
3504 1339 3615 1394 Kal

2026 1408 2136 1492 γάρ
2163 1412 2259 1465 καὶ
2287 1412 2447 1466 τοῦτο
2479 1414 2871 1485 περιφέρουσιν
2904 1418 2953 1470 οἱ
2985 1416 3088 1487 τῆς
3118 1417 3374 1488 ἀληθείας
3403 1420 3611 1492 ἐχθροὶ,

2026 1490 2295 1561 λέγοντες,
2317 1495 2401 1549 ὅτι
2427 1496 2491 1550 Εἰ
2522 1496 2635 1561 ίσος
2666 1492 2737 1570 ἦν
2760 1498 2838 1570 τῷ
2865 1500 3238 1571 γεγεννηκότι,
3256 1502 3401 1566 τίνος
3429 1490 3614 1557 ἕνεκεν

2025 1575 2054 1627 6
2083 1576 2275 1648 Πατὴρ
2314 1577 2417 1632 οὐκ
2443 1578 2673 1633 ἀνέλαϐε
2716 1580 2920 1653 σάρκα,
2954 1582 3070 1636 ἀλλ’
3102 1583 3132 1636 6
3159 1583 3290 1648 Υίὺς
3315 1583 3483 1639 ὑπέδυ
3515 1587 3613 1657 τὴν

2024 1657 2121 1741 τοῦ
2147 1659 2336 1715 δούλου
2367 1663 2619 1741 μορφήν;
2659 1659 2773 1735 ἆρα
2804 1665 2907 1719 οὐκ
2931 1663 3156 1737 εὔδηλον
3183 1666 3265 1719 ὅτι
3295 1667 3484 1741 ἐπειδὴ
3514 1685 3614 1723 κα-

2023 1740 2377 1814 ταδεέστερος
2405 1739 2509 1817 ἦνς
2532 1746 2644 1800 Kal
2676 1747 2805 1818 μὴν,
2832 1748 2882 1801 εί
2909 1747 2999 1802 διὰ
3022 1747 3183 1804 τοῦτο
3210 1749 3308 1821 τὴν
3331 1739 3612 1822 ἡμετέραν

2024 1824 2193 1879 ὑπέδυ
2248 1827 2433 1897 φύσιν,
2477 1827 2539 1881 τὺ
2580 1829 2826 1901 Πνεῦμα,
2871 1831 2901 1884 ὅ
2932 1848 3100 1900 φασιν
3141 1832 3296 1886 αὐτοὶ
3346 1834 3443 1887 τοῦ
3476 1834 3610 1888 Υἱοῦ

2023 1906 2244 1963 ἔλαττον
2274 1906 2413 1964 εἷναι
2430 1910 2514 1984 (οὐ
2541 1912 2650 1984 γὰρ
2678 1912 2745 1966 ἂν
2770 1915 2933 1984 ἡμεῖς
2961 1914 3255 1986 εἴποιμεν),
3275 1919 3453 1970 έκεῖνο
3475 1934 3610 1990 σαρ-

2023 1990 2269 2063 κωθῆναι
2309 1994 2436 2049 ἔδει.
2467 1996 2532 2049 El
2560 1996 2673 2066 γάρ
2720 1995 2812 2050 διὰ
2852 1996 3012 2051 τοῦτο
3041 1997 3244 2069 μείζων
3276 1998 3370 2053 τοῦ
3413 1999 3547 2054 Υίοῦ
3581 2003 3611 2055 6

2022 2076 2233 2148 Πατὴρ,
2263 2078 2455 2149 ἐπειδὴ
2486 2080 2516 2131 6
2547 2079 2646 2149 μὲν
2675 2079 2988 2152 ὲσαρκώθη,
3019 2083 3049 2135 6
3075 2082 3134 2136 δὲ
3160 2082 3263 2136 ούκ
3290 2083 3605 2156 έσαρκώθη,

2022 2157 2175 2211 ἔσται
2209 2160 2304 2214 xal
2354 2161 2416 2214 τὸ
2461 2160 2687 2231 Πνεῦμα
2732 2162 2897 2216 αὐτοῦ
2943 2163 3031 2217 διά
3084 2163 3185 2235 τὴν
3216 2165 3388 2237 αὐτὴν
3428 2166 3608 2221 αἰτίαν

2024 2241 2209 2308 μεῖζον
2229 2259 2243 2272 ·
2280 2242 2400 2296 οὐδὲ
2430 2242 2540 2314 γὰρ
2566 2244 2698 2298 αὐτὸ
2728 2245 2910 2315 σάρκα
2939 2246 3222 2302 ἀνέλαϐεν.

2104 2503 2241 2557 Ἀλλ’
2287 2503 2375 2558 ἵνα
2422 2505 2498 2578 μὴ
2551 2506 2660 2559 ἀπὸ
2691 2507 3064 2581 συλλογισμῶν
3097 2510 3256 2566 τοῦτο
3291 2513 3606 2581 ἀποφαινώ-

2021 2587 2183 2659 μεθα,
2223 2590 2358 2660 φέρε
2397 2590 2493 2643 ἀπ’
2523 2590 2705 2645 αὐτῶν
2736 2592 2845 2647 τῶν
2875 2593 3110 2665 Γραφῶν
3148 2597 3283 2651 αὐτὸ
3322 2599 3608 2669 παραστή-

2020 2687 2224 2742 σωμεν,
2255 2672 2594 2738 δεικνύοντες
2638 2673 2721 2727 ὅτι
2750 2674 2840 2728 διὰ
2887 2680 3393 2753 ταπεινοφροσύνην
3423 2680 3607 2750 σάρκα

2017 2752 2298 2808 ἀνέλαϐεν.
2346 2754 2405 2806 '0
2461 2754 2570 2827 γὰρ
2601 2755 2810 2822 Παῦλος
2841 2760 2869 2811 6
2912 2759 3086 2814 ταῦτα
3135 2762 3291 2827 εἰδὼς
3335 2761 3602 2833 ἀκριϐῶς,

2017 2837 2236 2890 ἐπειδάν
2270 2837 2441 2911 μέλλῃ
2482 2855 2536 2891 τι
2579 2838 2689 2895 τῶν
2716 2842 3002 2914 χρησίμων
3035 2846 3168 2916 ἡμῖν
3199 2849 3506 2919 παραινεῖν,
3535 2846 3607 2899 τὰ

2017 2920 2393 2991 ὑποδείγματα
2412 2921 2619 2976 ἀνωθεν
2652 2925 2783 2995 ἡμῖν
2814 2928 3043 2995 κατάγει
3074 2928 3176 3001 τῆς
3198 2929 3400 3002 ἀρετῆς
3419 2946 3433 2961 ο
3468 2924 3602 2995 οἷον,

2018 3002 2377 3074 συμϐουλεύει
2401 3003 2663 3069 πολλάκις
2696 3007 2826 3078 περὶ
2860 3007 3105 3080 ἀγάπης,
3152 3013 3250 3065 καὶ
3279 3012 3602 3085 βουλόμενος

2014 3087 2306 3157 ὲναγαγεῖν
2361 3088 2488 3152 τοὺς
2535 3087 2785 3160 μαθητάς
2825 3092 2907 3154 εἰς
2953 3092 3013 3144 τὸ
3063 3096 3285 3167 ἀγαπᾷν
3318 3097 3600 3170 ἀλλήλους,

2013 3171 2254 3243 Χριστὸν
2280 3172 2361 3234 είς
2393 3172 2559 3243 μέσον
2591 3173 2832 3242 παράγει
2857 3172 3031 3243 λέγων
3051 3193 3066 3206 ο
3103 3181 3169 3232 Ol
3191 3178 3428 3248 ἄνδρες,
3458 3183 3602 3252 ἀγα-

2014 3253 2164 3309 πᾶτε
2188 3254 2299 3322 τὰς
2324 3253 2638 3326 γυναῖκας,
2664 3255 2863 3321 καθὼς
2890 3257 2990 3311 καὶ
3023 3261 3057 3313 δ
3076 3262 3333 3329 Χριστὸς
3362 3265 3599 3334 ἠγάπη-

2011 3353 2088 3390 σε
2100 3336 2217 3405 τὴν
2230 3337 2618 3405 Ἐκκλησίαν.
2636 3337 2827 3403 Πάλιν,
2840 3339 3061 3395 ἐπειδὰν
3078 3345 3207 3415 περὶ
3228 3344 3601 3418 ὲλεημοσύνης

2010 3418 2349 3491 διαλέγηται,
2376 3420 2535 3474 τοῦτο
2571 3421 2704 3475 αὐτὸ
2732 3425 2905 3476 ποιεῖ·
2945 3423 3026 3478 διὸ
3064 3427 3158 3479 καὶ
3197 3425 3346 3496 λέγει
3371 3445 3386 3460 ⁸
3412 3431 3599 3484 Γινώ-

2011 3520 2190 3561 σκετε
2230 3503 2348 3574 τὴν
2386 3504 2564 3575 χάριν
2600 3504 2707 3560 τοῦ
2749 3505 2972 3576 Κυρίου
3018 3509 3187 3578 ἡμῶν
3233 3512 3430 3582 Ἰησοῦ
3464 3518 3600 3585 Χρι-

2010 3587 2184 3654 στοῦ,
2221 3587 2310 3643 ὅτι
2353 3587 2428 3641 δι’
2456 3586 2613 3658 ὑμᾶς
2649 3589 2997 3660 ἐπτώχευσε
3031 3593 3330 3663 πλούσιος
3359 3595 3466 3659 ὢν,
3499 3599 3599 3653 ἵνα

2009 3671 2179 3742 ὑμεῖς
2207 3670 2285 3741 τῇ
2311 3671 2553 3727 ἐκείνου
2588 3674 2850 3742 πτωχείᾳ
2872 3675 3284 3747 πλουτήσητε.
3332 3681 3398 3735 Ὃ
3425 3681 3483 3736 δὲ
3511 3682 3598 3736 λέ-

2009 3774 2094 3826 γει
2120 3754 2361 3810 τοιοῦτόν
2387 3757 2535 3810 ἐστιν
2556 3773 2571 3788 ⁸
2594 3755 2827 3829 ῶσπερὸ
2842 3760 3118 3831 Δεσπότης
3148 3779 3240 3817 σου
3264 3763 3594 3837 ὲπτώχευσε,

2011 3841 2190 3913 σάρκα
2218 3838 2666 3912 περιϐαλόμενος,
2723 3839 2867 3895 οὕτω
2916 3843 2980 3897 σὺ
3025 3843 3340 3916 πτὼχευσον
3369 3849 3428 3902 ὲν
3459 3852 3596 3922 χρή-

2012 3941 2145 3993 μασι
2168 3939 2183 3954 ο
2219 3924 2317 3978 καὶ
2342 3923 2451 3995 γάρ
2479 3923 2668 3995 ῶσπερ
2699 3925 2906 3978 ἐκεῖνον
2933 3925 3086 3979 οὐδὲν
3120 3928 3355 3997 ἔϐλαψεν
3379 3932 3412 4001 ἡ
3446 3948 3596 3985 πτω-

2006 4006 2130 4076 χεία
2156 4009 2256 4078 τῆς
2302 4005 2481 4077 δόξης,
2513 4005 2687 4070 οὕτως
2720 4007 2842 4061 οὐδὲ
2891 4007 2951 4060 σὲ
2996 4008 3199 4080 βλάψαι
3244 4010 3530 4083 δυνήσεται
3560 4017 3595 4087 ἡ

2006 4090 2115 4145 τῶν
2141 4090 2441 4162 χρημάτων
2490 4090 2758 4161 πτωχεία,
2803 4090 2941 4144 ἀλλά
2970 4092 3139 4147 πολὺν
3188 4095 3482 4164 ἐργάσεταί
3512 4116 3593 4154 σοι

2004 4174 2098 4228 τὸν
2135 4172 2385 4229 πλοῦτον.
2417 4172 2576 4228 Οὕτω
2604 4175 2699 4228 καὶ
2733 4174 2861 4245 περ)⁸
2900 4177 3402 4251 ταπεινοφροσύνης
3432 4180 3596 4237 πάλιν

2005 4257 2388 4329 Φιλιππησίοις
2423 4257 2804 4328 διαλεγόμενος
2859 4257 2951 4313 τὸν
3002 4259 3240 4331 Χριστὸν
3288 4264 3370 4326 εἰς
3427 4264 3595 4334 μέσον

2005 4342 2150 4412 ἄγει,
2198 4342 2292 4396 καὶ
2338 4339 2508 4394 εἰπὼν
2527 4378 2544 4404 ,
2584 4339 2664 4409 Τῇ
2704 4344 3233 4414 ταπεινοφροσύνῃ
3280 4345 3594 4416 ἀλλήλους

2003 4425 2326 4494 ἡγούμενοι
2351 4422 2758 4493 ὑπερέχοντας
2783 4424 3034 4490 ἑαυτῶν,
3082 4427 3358 4500 ὲπήγαγευ
3413 4431 3593 4487 Τοῦτο

2004 4508 2117 4579 γὰρ
2148 4506 2484 4578 φρονείσθω
2503 4507 2574 4560 ἐν
2593 4505 2757 4576 ὑμῖν,
2792 4506 2826 4560 ὃ
2862 4506 2962 4562 καὶ
2988 4507 3060 4562 ἐν
3097 4511 3333 4579 Χριστῷ
3370 4515 3588 4584 Ἰησοῦ,

2006 4591 2076 4657 ὃς
2099 4591 2169 4646 ἐν
2187 4588 2393 4663 μορφῇ
2423 4588 2571 4644 Θεοῦ
2607 4590 2896 4660 ὑπάρχων
2933 4593 3048 4663 οὐχ
3091 4594 3409 4666 ἁρπαγμὸν
3444 4600 3592 4670 ἡγή-

2004 4691 2160 4733 σατο
2189 4674 2257 4730 τὸ
2276 4670 2429 4728 εἶναι
2452 4673 2559 4728 ἴσα
2588 4673 2730 4739 Θεῷ,
2758 4674 2898 4729 ἀλλ’
2921 4674 3140 4730 ἑαυτὸν
3161 4677 3424 4734 έκένωσε
3443 4699 3590 4752 μορ-

2004 4759 2132 4828 φὴν
2157 4758 2386 4814 δούλου
2413 4755 2635 4811 λαϐὼν.
2690 4755 2883 4811 Καίτοι
2916 4758 2972 4812 ει
2997 4757 3091 4813 διά
3112 4758 3172 4812 τὸ
3212 4761 3421 4815 ἐλάττω
3452 4758 3588 4818 εἶναι

2005 4842 2149 4897 κατά
2181 4840 2362 4911 φύσιν,
2394 4839 2728 4907 κατεδέξατο.
2761 4840 2939 4912 σάρκα
2968 4842 3222 4912 φορέσαι,
3250 4845 3349 4897 οὐκ
3379 4843 3459 4898 έτι
3493 4863 3587 4899 τα.

2006 4922 2435 4996 πεινοφροσύνης
2474 4923 2538 4977 τὸ
2582 4923 2894 4995 γενόμενον,
2951 4925 3087 4979 ἀλλά
3142 4927 3413 4998 περιττῶς
3456 4929 3589 4983 αὐτὸ

2005 5008 2331 5079 παρήγαγεν
2374 5008 2404 5061 6
2433 5005 2648 5068 Παῦλος
2688 5009 2771 5071 είς
2797 5010 3305 5082 ταπεινοφροσύνην
3331 5027 3589 5084 παρακα-

2004 5091 2139 5144 λῶν⁸
2196 5089 2665 5163 ταπεινοφροσύνη
2698 5092 2807 5164 γάρ
2846 5094 2994 5147 ἐστιν
3034 5094 3161 5149 ὅταν
3192 5095 3306 5159 ἴσος
3335 5096 3587 5169 ὑπακούῃ

2004 5175 2083 5246 τῷ
2118 5175 2238 5246 ῖσῳ.
2292 5173 2464 5228 Τοῦτο
2491 5169 2584 5228 οῦν
2614 5175 2710 5227 καὶ
2739 5176 2901 5241 αὐτὸς
2934 5177 3147 5242 δεικνὺς
3174 5177 3352 5248 λέγει’
3391 5182 3496 5248 Ὃς
3518 5183 3590 5236 ἐν

1999 5256 2203 5330 μορφῇ
2236 5258 2388 5314 Θεοῦ
2419 5257 2709 5329 ὑπάρχων
2732 5262 2858 5329 οὐχ,
2879 5259 3195 5334 ἁρπαπμὸν
3220 5263 3492 5334 ἡγήσατο
3521 5265 3589 5320 τὸ

2003 5339 2156 5399 εἶναι
2187 5344 2294 5400 ἶσα
2324 5343 2467 5410 Θεῷ,
2494 5346 2634 5399 ἀλλ’
2665 5344 2885 5398 ἑαυτὸν
2904 5345 3166 5400 ἑκένωσε
3186 5350 3433 5419 μορφὴν
3458 5349 3589 5406 δού-

2003 5430 2119 5483 λου
2143 5427 2364 5482 λαϐὠν.
2406 5427 2472 5479 Τί
2504 5427 2654 5481 ἐστιν
2674 5466 2690 5491 ,
2729 5428 2852 5495 Οὐχ
2880 5427 3196 5499 ἁρπαγμὸν
3214 5431 3489 5500 ἡγήσατο
3521 5435 3589 5488 τὸ

2003 5509 2159 5567 εἶναι
2175 5511 2282 5565 ῑσα
2296 5508 2440 5576 Θεῷ,
2455 5510 2594 5565 ἀλλ’
2607 5509 2827 5564 ἑαυτὸν
2835 5508 3097 5565 έκένωσε
3103 5511 3351 5581 μορφὴν
3360 5514 3546 5571 δούλο
3555 5536 3586 5569 υ

2003 5595 2204 5650 λαϐὼν
2223 5611 2244 5660 ;
2295 5595 2353 5649 '0
2378 5593 2634 5666 ἁρπάσας
2660 5610 2714 5647 τι
2750 5593 2860 5647 τῶν
2895 5593 2971 5666 μὴ
3017 5596 3403 5665 προσηκόντων
3452 5616 3585 5654 κατ-

2006 5682 2121 5751 έχει
2151 5678 2308 5735 τοῦτο
2330 5677 2590 5751 διηνεκῶς
2621 5677 2713 5733 καὶ
2734 5676 3030 5733 ἀποθέσθαι
3064 5680 3163 5734 οὐκ
3181 5680 3247 5735 ἂν
3278 5681 3472 5749 ἕλοιτο,
3500 5683 3587 5741 δε-

2003 5763 2198 5831 δοικὼς
2222 5765 2314 5819 καί
2345 5763 2567 5838 θαρρεῖν
2595 5763 2694 5818 οὐκ
2741 5763 2878 5835 ἔχων
2911 5763 3052 5839 ὑπὲρ
3086 5766 3186 5837 τῆς
3227 5766 3473 5838 κτήσεως
3494 5781 3509 5796 ⁸
3553 5768 3581 5817 6
