4062 6166
445 293 554 348 795

438 405 670 464 habituri
724 425 1001 482 essemus,
1055 416 1435 490 impediamus,
1490 441 1690 497 eosque
1736 433 1826 499 qui
1877 435 2030 491 nobis

438 499 600 590 amici
650 512 776 558 sunt
822 505 1086 564 ﬁrmiores
1148 516 1641 590 constantioresque
1695 523 2024 580 reddamus:

437 589 700 660 siquidem
751 594 960 652 initium
987 609 1042 654 et
1090 600 1208 656 linis
1233 605 1407 660 cunnis
1433 607 1642 666 virtutis
1681 622 1764 667 est
1784 615 1979 670 caritas
2009 634 2022 670 :

432 696 536 749 qua
565 683 773 740 sincere
810 701 874 741 ac
903 699 1158 761 perpetuo
1185 693 1418 754 fruentes
1447 711 1502 754 ut
1525 716 1745 773 regnum
1771 705 2024 762 calorum

454 938 1316 983 Eat—=42

1154 306 1211 362 S.
1248 309 1526 370 JOANNIS
1563 318 2038 382 CHRYSUSTUMI
2078 327 2393 385 ARCHIEP.
2433 332 2968 395 CONSTANTINOP.

3610 338 3708 394 796

2136 439 2512 511 adipiscamur,
2545 447 2674 502 faxit
2697 451 2866 520 gratia
2892 461 2948 509 et
2991 452 3286 527 benignitas
3312 459 3521 517 Domini
3540 464 3709 518 nostri

2133 528 2259 585 Jesu
2286 531 2506 599 Christi,
2533 537 2616 593 cui
2645 540 2813 609 gloria
2841 551 2896 599 et
2919 544 3198 615 imperium
3227 549 3280 606 in
3315 553 3507 608 saecula
3550 545 3714 611 saecu-

2135 620 2327 677 lorum.
2359 625 2551 682 Amen.

1153 957 3578 988 ww.”

684 1213 763 1273 ιΝ
807 1213 1206 1281 HOMILIAS
1235 1219 1441 1284 DUAS
1472 1219 1794 1284 CONTRA
1839 1221 2260 1288 ANOMOEOS
2298 1227 3052 1294 CONSTANTINOPOLI
3089 1229 3440 1294 HABITAS

500 1764 654 1823 Licet
680 1771 779 1825 itas
811 1786 1002 1827 contra
1050 1777 1351 1830 Anommos
1396 1777 1654 1832 homilias
1704 1777 2017 1834 Constanti-

433 1883 619 1952 nopoli
671 1883 926 1940 habuerit
973 1883 1426 1958 Chrysostomus,
1486 1889 1741 1946 undecim
1801 1891 2019 1948 circiter

433 1999 591 2054 annis
623 2011 915 2071 postquam
948 2001 1072 2058 illas
1101 2003 1240 2059 alias
1287 2013 1477 2060 contra
1534 2009 1835 2063 Anomoeos
1883 2023 2018 2063 con-

431 2112 619 2169 ciones
648 2113 953 2171 Antiochiae
979 2116 1307 2178 absolverat,
1338 2120 1644 2190 argumenti
1698 2130 1878 2177 tamen
1935 2137 2020 2176 ra-

435 2223 583 2280 tione
610 2224 782 2295 ducti,
803 2241 898 2283 eas
921 2239 1322 2299 consequenter
1343 2231 1650 2302 posuimus,
1674 2249 1841 2290 secus
1853 2251 2016 2304 quam

429 2335 637 2393 Fronto
678 2337 930 2406 Duceeus,
961 2343 1053 2411 qui
1086 2343 1317 2412 primam
1355 2346 1544 2415 procul
1573 2344 1642 2401 ab
1672 2347 1793 2404 aliis
1831 2360 2019 2404 contra

428 2451 732 2508 Anommos
774 2454 1136 2512 concionibus
1191 2457 1451 2527 positam,
1507 2474 1633 2516 cum
1694 2460 1798 2517 hoc
1835 2471 2015 2517 tamen

428 2563 607 2631 titulo,
636 2574 823 2618 contra
847 2565 1119 2623 Anomoeos
1150 2567 1238 2635 VI,
1259 2571 1524 2627 ediderat.
1553 2572 1860 2630 Secundam
1890 2592 2019 2633 vero

428 2679 622 2749 paucis
651 2689 776 2748 post
813 2680 1011 2738 diebus
1061 2683 1300 2739 habitam
1356 2701 1466 2740 non
1503 2686 1794 2746 advertens
1823 2701 2017 2746 contra

430 2790 734 2847 Anomoeos
787 2806 930 2858 esse,
967 2793 1024 2848 in
1078 2795 1330 2866 quintum
1388 2805 1596 2852 tomum
1649 2800 2015 2871 ahlcgaverat.

433 2895 628 2957 Habita
663 2911 845 2960 autem
878 2913 963 2962 est
991 2914 1225 2978 utraque
1251 2923 1398 2962 anno
1444 2909 1570 2964 598.
1607 2908 1766 2966 Prior
1811 2922 1894 2969 est
1925 2928 2014 2970 se-

431 3017 612 3074 cunda
677 3017 825 3074 illius
889 3018 959 3075 ad
1013 3017 1683 3094 Constantinopolitanum
1750 3025 2013 3096 populum

433 3134 650 3198 concio,
681 3143 742 3190 ut
767 3134 924 3192 initio
957 3136 1074 3206 ipse
1117 3136 1482 3206 testiﬁcatur;
1535 3154 1726 3197 verum
1772 3157 1859 3207 ea,
1891 3160 2014 3216 qua:

432 3248 579 3304 hanc
602 3249 904 3320 praecessit,
938 3249 1213 3306 interiisse
1247 3251 1480 3307 videtur.
1523 3251 1582 3308 Si
1617 3253 1751 3312 fides
1798 3256 2014 3316 duobus

430 3360 662 3416 vetustis
693 3360 1000 3430 codicibus,
1049 3363 1288 3434 priorem
1345 3365 1538 3420 habuit
1589 3366 2014 3440 Chrysostomus

431 3472 487 3526 iu
513 3469 662 3527 Nova
702 3471 968 3539 Ecclesia,
1002 3473 1151 3546 ὲντῇ
1197 3475 1373 3547 Καινῇ
1424 3474 1736 3548 Ἐκκλησέᾳ.
1776 3481 1843 3536 At
1876 3484 2014 3538 veri-

2121 1771 2302 1827 simile
2333 1777 2416 1827 cst
2445 1770 2498 1825 id
2528 1772 2580 1824 in
2612 1771 2768 1826 titulo
2797 1772 3048 1841 posuisse
3079 1772 3354 1841 librarios,
3386 1772 3490 1830 hoc
3531 1769 3704 1846 Chry-

2119 1884 2344 1940 sostomi
2375 1883 2498 1938 loco
2523 1885 2741 1948 ductos,
2772 1885 2862 1954 qni
2887 1884 3050 1956 paulo
3078 1894 3199 1955 post
3228 1884 3442 1940 initium
3469 1885 3702 1957 legitur;

2122 1995 2219 2051 Est
2251 1996 2428 2051 ethoc
2477 1995 2797 2050 admirabile
2833 1997 2973 2068 quod
3006 1997 3242 2052 videmus
3296 1998 3353 2051 in
3418 1999 3517 2052 hac
3550 2009 3704 2068 parte

2120 2111 2355 2166 civitatis
2393 2109 2687 2165 Ecctcsiam
2715 2110 2849 2166 hanc
2875 2111 3199 2181 plantatam,
3247 2113 3664 2184 πεφυτευμένην
3684 2153 3704 2176 ,

2119 2232 2168 2279 et
2207 2223 2549 2279 nihilominus
2569 2226 2722 2294 quasi
2754 2226 2810 2278 in
2842 2226 3014 2280 medio
3046 2225 3255 2280 camino
3305 2224 3476 2280 oleam
3505 2227 3706 2296 germi-

2121 2346 2357 2402 nantem,
2399 2337 2649 2407 feliisque
2691 2348 2994 2393 comantem
3046 2348 3096 2393 et
3131 2339 3311 2408 fructu
3339 2355 3569 2409 gravem.
3611 2339 3705 2396 Sic

2123 2464 2252 2504 vero
2283 2449 2548 2520 loquitur,
2579 2459 2636 2505 ut
2662 2450 2834 2520 liquet
2857 2465 2924 2506 ex
2959 2450 3028 2506 iis
3053 2465 3175 2520 qua:
3207 2452 3544 2520 praecedunt,
3573 2453 3707 2524 quia

2121 2565 2215 2621 illa
2244 2566 2394 2621 urbis
2425 2581 2551 2636 pars
2579 2565 2648 2621 ab
2691 2566 2963 2622 haereticis
2998 2575 3058 2621 ut
3091 2567 3388 2637 plurimum
3424 2568 3706 2624 incolebao

2121 2691 2250 2736 tur:
2286 2696 2462 2752 neque
2513 2690 2700 2737 tamen
2731 2681 2864 2738 dicit
2927 2698 3162 2754 usquam
3199 2685 3488 2741 ecclesiam
3551 2685 3702 2741 illam

2121 2809 2315 2851 recens
2366 2803 2631 2850 structam
2695 2794 2886 2852 fuisse.
2944 2795 3314 2863 Quamobrem
3369 2797 3546 2853 donec
3575 2798 3707 2868 quid

2119 2910 2325 2966 certius
2349 2920 2612 2982 emergat,
2647 2909 2774 2967 huic
2809 2911 3312 2982 manuscriptorum
3352 2911 3584 2968 duorum
3635 2913 3712 2968 ti-

2123 3022 2243 3078 tulo
2273 3037 2381 3078 non
2408 3022 2714 3078 habendam
2737 3038 2860 3080 esse
2876 3024 3040 3079 ﬁdem
3063 3039 3284 3081 censeo.

2193 3143 2352 3210 Huic,
2382 3155 2441 3202 ιιι
2482 3146 2742 3214 diximus,
2773 3156 2828 3203 et
2881 3147 3146 3218 temporis
3172 3158 3226 3205 et
3262 3148 3568 3218 argumenti
3617 3163 3714 3203 ra-

2054 3339 2056 3341 ,
2122 3258 2270 3314 tione
2299 3259 2468 3326 ducti,
2502 3259 2889 3331 subiungimus
2917 3260 3197 3316 homiliam
3231 3263 3293 3317 in
3315 3262 3704 3333 paralyticum,

2119 3379 2175 3427 et
2207 3370 2286 3426 De
2314 3372 2594 3426 divinitate
2623 3370 2846 3439 Christi,
2877 3373 3043 3445 deque
3061 3372 3176 3442 eius
3197 3391 3317 3428 cum
3341 3373 3502 3430 Patre
3527 3390 3713 3446 (equas

2123 3488 2297 3551 litate,
2330 3501 2498 3555 quam
2551 3487 2744 3556 paucis
2791 3496 2915 3558 post
2975 3488 3124 3544 illam
3188 3500 3377 3546 contra
3434 3491 3720 3545 Ariamazes

455 4096 725 4142 nomua
767 4096 1343 4141 CONSTANTINOPOLI
1387 4076 1624 4140 mam
1667 4093 1916 4138 comma
1959 4094 2026 4136 an

2136 4090 2284 4136 OEOS
2327 4091 2408 4132 DE
2451 4089 3093 4133 INCOMPREHENSIBILI
3136 4089 3244 4131 DEI
3286 4089 3541 4132 NATUBA
3569 4089 3614 4144 ί,
3647 4091 3723 4136 ΕΤ

537 4197 707 4251 QUOD
749 4197 970 4243 NOVUM
1011 4197 1486 4242 TESTAMENTUM
1533 4196 1763 4241 VETEBI
1807 4194 2154 4250 CONSONET,
2200 4191 2408 4244 ATQUE
2449 4189 2517 4231 IN
2561 4187 2708 4243 EOS,
2753 4187 2862 4240 QUI
2917 4187 3155 4232 DIVINIS
3199 4187 3322 4232 NON
3367 4185 3724 4232 INTERSUNT

532 4298 983 4345 CONVRNTIBUS.

945 4554 1159 4594 BOIIILIA
1197 4552 1459 4594 UNDECINA
1489 4535 1588 4606 (α).

532 4635 586 4687 i.
629 4632 868 4688 Secundo
901 4632 1075 4686 concio
1101 4631 1540 4701 Constantinopoli
1567 4628 1738 4682 habita
1764 4642 1899 4680 anno
1916 4623 2040 4681 598.

461 4755 534 4767 —
553 4722 729 4782 Unum
759 4723 897 4793 apud
927 4737 1024 4778 vos
1050 4723 1190 4778 diem
1217 4721 1464 4785 disserui,
1486 4730 1542 4775 et
1569 4718 1696 4774 inde
1721 4725 1927 4772 tantum
1947 4729 2044 4770 vos

457 4816 643 4882 dilexi,
669 4824 922 4885 quantum
967 4813 1010 4867 si
1050 4813 1119 4868 ab
1154 4812 1304 4866 initio
1330 4811 1600 4865 vobiscum
1638 4822 1814 4864 essem
1843 4805 2048 4862 educa-

457 4919 550 4965 tus
577 4925 591 4962 :
624 4907 695 4962 ita
722 4921 839 4962 sum
867 4904 1016 4960 vobis
1045 4902 1279 4959 caritatis
1307 4901 1533 4956 vinculis
1568 4899 1881 4968 conjunctus
1907 4911 1971 4952 ae
1998 4898 2043 4951 si

459 4999 690 5070 plurimo
716 5007 957 5066 tempore
995 4993 1197 5049 fructus
1222 4991 1545 5048 dulcissimae
1588 4987 1986 5044 consuetudinis
2015 5002 2045 5040 a

463 5091 615 5146 vobis
658 5089 1036 5161 percepissem.
1069 5085 1222 5154 Quod
1265 5088 1323 5139 iit
1348 5100 1454 5139 non
1487 5084 1605 5154 quia
1637 5098 1735 5153 ego
1761 5081 2046 5137 admodum

465 5184 534 5238 ad
587 5182 874 5238 amicitiam
927 5189 982 5236 et
1028 5179 1302 5235 caritatem
1348 5177 1448 5231 sim
1495 5175 1734 5241 idoneus,
1789 5173 1883 5229 sed
1927 5171 2046 5242 quia

528 5364 543 5393 ι
581 5359 684 5419 Alii,
708 5359 926 5419 eiusdem
954 5356 1016 5407 de
1030 5351 1495 5420 incomprehensibili
1516 5356 1682 5420 contra
1704 5360 1946 5420 Anommos
1964 5348 2049 5420 Ito-

462 5421 596 5472 milia
615 5415 770 5471 scita.
785 5427 885 5469 Duo
899 5428 1063 5468 autem
1084 5415 1326 5479 adjiciunt,
1344 5415 1504 5466 habita

463 5542 548 5613 vii:
575 5543 813 5613 etum-el.
839 5542 1030 5613 titulum
1054 5542 1509 5613 habentugsulll'a;
1558 5599 1584 5613 ,,
1631 5611 1673 5613 __
1713 5604 1771 5613 __

495 5606 603 5716 ὦ)
623 5611 673 5652 In
696 5604 820 5653 banc
863 5603 1111 5651 tiomiliam
1146 5595 1436 5652 contulimus
1479 5599 1676 5650 Codices
1713 5597 1888 5661 Regios
1914 5595 2048 5659 1933,

467 5669 487 5718 l
590 5703 604 5726 ,
633 5665 770 5725 1963,
796 5665 916 5714 1973
937 5663 1210 5714 etColbert.
1234 5663 1343 5712 629.

1517 5413 1606 5476 fuit
1627 5413 1678 5464 in
1691 5424 1811 5462 nova
1829 5409 2050 5469 ecclesia,

461 5483 590 5545 quod
613 5483 988 5545 additamentum
1023 5476 1189 5545 uolatu
1212 5482 1411 5541 dignum
1436 5485 1527 5527 est.
1555 5477 1671 5525 vide
1694 5476 1945 5524 monitum.
1969 5480 2050 5523 Sa-

2153 4539 2248 4580 vos
2298 4523 2716 4592 desiderabiles,
2766 4523 3109 4593 omniumque
3169 4524 3402 4578 maxime
3451 4523 3728 4580 amabiles.

2147 4615 2279 4683 Quis
2305 4617 2446 4671 enim
2479 4631 2586 4672 non
2612 4615 2966 4671 admiraretur
2992 4615 3203 4686 igneum
3229 4616 3426 4684 zelum,
3457 4617 3732 4671 caritatem

2148 4707 2349 4777 absque
2390 4706 2748 4774 simulatione,
2792 4705 3216 4762 benevolentiam
3256 4706 3309 4760 in
3352 4716 3732 4776 praeceptores,

2148 4798 2491 4856 concordiam
2531 4800 2669 4854 inter
2696 4812 2809 4862 vos,
2855 4813 2975 4868 quae
3019 4812 3150 4853 sane
3175 4798 3351 4852 omnia
3386 4799 3514 4853 satis
3555 4805 3738 4852 essent

2151 4899 2211 4947 ut
2256 4890 2342 4946 vel
2378 4891 2640 4960 lapideam
2694 4889 2926 4944 animam
2971 4888 3122 4944 vobis
3164 4888 3554 4943 conciliarent?
3597 4889 3738 4943 ΡΜ⁴

2153 4991 2332 5052 pterea
2362 4995 2467 5035 non
2493 4981 2671 5035 minus
2694 4995 2789 5034 vos
2812 4994 3073 5046 amamus,
3095 4994 3254 5049 quam
3277 4979 3566 5034 Ecclesiam
3587 4974 3741 5030 illam

2152 5074 2209 5128 in
2237 5088 2339 5143 qua
2379 5073 2509 5139 nati,
2552 5071 2785 5135 educati,
2832 5079 2888 5125 et
2915 5069 3110 5126 eruditi
3139 5085 3324 5125 sumus
3356 5087 3369 5125 :
3401 5084 3557 5124 soror
3589 5066 3742 5126 enim

2154 5166 2296 5220 illius
2334 5164 2451 5220 lucc
2494 5174 2594 5231 est,
2628 5179 2834 5235 vosque
2867 5163 3236 5234 cognationem
3267 5163 3414 5217 illam
3443 5176 3609 5232 opere
3638 5161 3740 5216 de-

2154 5259 2417 5314 clarastis.
2445 5257 2700 5324 Quamvis
2725 5267 2902 5312 autem
2935 5257 3026 5311 illa
3055 5265 3298 5326 tempore
3338 5255 3410 5310 sit
3448 5255 3742 5324 antiquior,

2156 5349 2272 5404 lucc
2300 5363 2476 5404 tamen
2527 5348 2631 5403 ﬁde
2661 5347 2951 5402 ferventior
2999 5356 3103 5414 est,
3148 5356 3203 5404 et
3245 5347 3355 5402 illic
3397 5347 3570 5415 major
3607 5360 3741 5400 con-

2157 5450 2346 5496 ventus
2374 5449 2457 5496 est
2492 5454 2556 5494 ac
2593 5439 2856 5495 celebrius
2883 5439 3170 5504 theatrum,
3212 5439 3307 5494 sed
3332 5439 3419 5493 hic
3449 5438 3620 5507 major
3650 5453 3745 5506 pa-

2158 5532 2364 5597 tientia,
2396 5529 2722 5601 majorisque
2761 5527 3084 5584 fortitudinis
3122 5529 3394 5584 indicium.
3428 5527 3561 5581 Nam
3587 5526 3748 5580 video

2159 5624 2506 5696 undequaque
2530 5623 2621 5680 hic
2647 5623 2802 5694 lupos
2839 5623 3203 5690 obambulare,
3250 5623 3388 5680 ovile
3415 5631 3598 5678 autem
3635 5636 3746 5676 non
