4062 6166
297 306 404 363 795

299 421 460 479 δντας
491 405 929 482 ἀσφαλεστέρους
949 403 1142 482 ποιεῖν.
1175 401 1287 454 Καὶ
1307 398 1414 469 γὰρ
1449 394 1597 482 ἀρχὴ
1617 394 1712 448 καὶ

301 474 504 575 aperi}:
529 474 750 566 ἀπάσης
776 474 818 564 η’
842 490 1030 575 ἀγάπη
1049 502 1064 516 ⁸
1094 480 1163 575 ἧς
1181 483 1394 575 γένοιτο
1435 477 1678 575 γνησίως
1731 474 1886 572 [549]

306 559 401 641 καὶ
424 559 718 654 διηνεκῶς,
736 559 1107 633 ἀπολαύοντας
1138 568 1305 638 ἡμᾶς,
1330 564 1430 635 τῆς
1463 560 1741 634 βασιλείας
1771 559 1880 613 τῶν

1535 281 1818 342 CONTRA
1853 274 2234 338 ΑΝοΜοΕοδ.
2252 274 2347 331 XI.

3453 260 3557 318 796

1986 388 2234 462 οὐρανῶν
2258 385 2554 454 ἐπιτυχεῖν,
2582 383 2772 453 χάριτι
2798 386 2895 462 καὶ
2921 375 3307 462 φιλανθρωπία
3322 374 3418 430 τοῦ
3448 377 3563 462 ltu-

1990 457 2107 544 ρίου
2129 470 2290 542 ἡμῶν
2323 466 2498 541 Ἰησοῦ
2526 463 2787 539 Χριστοῦ,
2924 467 2957 536 ἠ
2990 462 3117 528 δόξα
3147 461 3242 515 καὶ
3263 460 3326 513 τὸ
3367 457 3563 529 κράτος

1988 557 2070 618 είς
2089 556 2216 618 τοὺς
2249 551 2450 615 αἰῶνας
2473 551 2583 604 τῶν
2606 547 2837 602 αἰώνων.
2880 547 3074 618 Ἀμήν.

339 889 3549 962 W

1735 1188 2130 1253 MONITUM.

313 1746 507 1803 diebus
536 1741 1006 1813 Constantinopoli
1041 1737 1251 1795 habuit.
1275 1738 1332 1794 Id
1361 1753 1490 1793 vero
1524 1739 1670 1794 clare
1704 1739 1877 1809 signi-

311 1859 438 1913 ﬁcat
465 1855 916 1928 Chrysostomus,
959 1865 1084 1907 cum
1129 1849 1245 1904 ait:
1285 1847 1430 1902 Tunc
1477 1849 1662 1918 igitur.
1701 1846 1752 1901 id
1808 1855 1893 1902 est

311 1981 507 2036 nuper,
537 1972 598 2019 ut
623 1980 689 2019 ex
713 1960 1148 2034 prmeedentibus
1179 1958 1372 2029 liquet,
1403 1975 1468 2012 ea:
1505 1957 1682 2012 Vetere
1712 1961 1892 2012 Testa-

317 2087 492 2132 mento
526 2075 930 2144 disputationem
959 2070 1109 2124 itlam
1149 2071 1395 2134 tezimus,
1450 2085 1567 2139 qua:
1596 2069 1661 2123 de
1719 2068 1891 2140 gloria

317 2191 579 2262 unigeniti
618 2187 750 2243 Filii
802 2187 898 2241 Dei
931 2185 1245 2247 habebatur,
1290 2200 1429 2237 nunc
1463 2197 1528 2236 ea:
1583 2183 1893 2237 eodemhoc

311 2306 484 2374 ipsum
513 2304 764 2373 faciemus
786 2315 805 2354 :
834 2311 961 2356 tunc
998 2299 1132 2352 illud
1160 2296 1531 2366 aﬁ'erebamus,
1563 2295 1704 2365 quod
1749 2295 1891 2349 dice-

309 2419 398 2473 bat
428 2417 673 2473 Christus
696 2433 716 2470 :
759 2435 779 2468 ¢
829 2415 890 2471 Si
922 2413 1200 2468 crederetis
1234 2409 1433 2481 Moysi,
1473 2410 1749 2464 crederetis
1783 2411 1889 2462 uti-

310 2548 407 2602 que
434 2539 488 2585 et
537 2530 714 2584 mihi:
757 2548 776 2582 ι
817 2544 956 2582 nunc
998 2535 1174 2581 autem
1209 2525 1435 2578 dicimus
1488 2523 1583 2576 hoc
1624 2539 1656 2575 a
1713 2521 1894 2591 Moyse

310 2641 514 2694 dictum
550 2654 699 2693 esse:
745 2656 764 2689 ι
803 2637 1126 2707 Prophetam
1151 2635 1296 2688 vobis
1321 2633 1600 2688 suscitabit
1638 2631 1893 2685 Dominus

310 2753 455 2808 Deus
487 2767 554 2807 ex
578 2752 840 2822 fratribus
871 2751 1057 2806 uestris
1076 2766 1095 2805 :
1125 2750 1264 2804 sicut
1295 2766 1375 2804 me
1395 2750 1568 2819 ipsum
1593 2750 1840 2803 audietis.
1869 2767 1889 2801 ›

313 2867 527 2924 Etenim
555 2866 1025 2939 quemadmodum,
1048 2873 1154 2920 etc.
1189 2863 1370 2919 Locus
1415 2871 1595 2917 autem
1632 2861 1740 2928 ille,
1777 2881 1797 2914 ‹
1833 2860 1894 2915 Si

312 2981 598 3036 crederetis
627 2980 821 3050 Moysi,
853 2987 984 3042 etc.,
1032 2995 1051 3028 ι
1084 2975 1334 3048 pluribus
1371 2975 1670 3044 explicatur
1700 2973 1753 3028 in
1789 2975 1890 3028 ho-

315 3093 465 3147 milia
504 3092 997 3163 prmcedenti,quaa
1019 3097 1104 3144 est
1159 3097 1345 3142 contra
1395 3087 1695 3153 Anomosos,
1737 3101 1886 3140 num.

311 3211 368 3264 2.
407 3208 481 3264 Ex
539 3208 703 3264 dictis
742 3221 907 3277 porro
969 3205 1346 3277 Chrysostomi
1403 3204 1630 3274 jamjam
1691 3202 1889 3269 allatis,

312 3325 488 3396 liquet
519 3337 646 3378 eum
677 3321 823 3375 hanc
847 3314 1166 3374 concionem
1200 3315 1480 3381 habuisse,
1506 3324 1567 3369 ut
1599 3329 1894 3386 argumen-

311 3448 430 3493 tum
456 3437 512 3492 in
535 3432 862 3507 praecedenti
892 3429 1116 3487 homilia
1146 3428 1482 3500 propositum
1517 3427 1574 3480 in
1607 3427 1710 3480 hac
1733 3425 1894 3480 etiam

315 3553 768 3619 prosequeretur,
796 3543 942 3614 quod
963 3543 1127 3597 etiam
1156 3539 1429 3610 praestitit.
1461 3536 1723 3604 Quamvis
1752 3535 1898 3591 enim

1994 1736 2164 1790 multa
2198 1733 2264 1787 de
2291 1729 2591 1804 paralytico
2627 1726 2787 1782 verba
2817 1723 2998 1789 faciat,
3053 1721 3235 1776 omnia
3282 1728 3464 1775 tamen
3498 1733 3564 1776 eo

1992 1855 2259 1919 spectant,
2292 1853 2354 1900 ut
2378 1859 2442 1898 ex
2485 1838 2796 1910 huiusmodi
2826 1835 3027 1892 Christi
3055 1834 3332 1904 operibus,
3357 1848 3482 1887 cum
3509 1837 3565 1885 et

1993 1961 2159 2016 Dcnm
2183 1967 2236 2014 et
2268 1956 2416 2012 Patri
2458 1955 2723 2027 aequalem
2769 1950 3001 2023 probet;
3036 1947 3179 2018 quod
3226 1954 3286 2001 ut
3325 1953 3564 2016 peragat.

1990 2084 2116 2145 post
2158 2068 2442 2143 paralytici
2477 2066 2759 2122 historiam
2800 2062 2866 2116 ad
2902 2061 3018 2116 hate
3049 2058 3360 2129 evangelica
3399 2056 3562 2112 verba

1989 2185 2332 2259 explananda
2367 2183 2730 2252 deproperat:
2777 2175 2951 2229 Pater
3008 2189 3152 2226 meus
3206 2187 3368 2241 usque
3413 2169 3568 2222 modo

1991 2305 2259 2366 operatur,
2319 2300 2370 2347 et
2423 2307 2516 2360 ego
2571 2302 2800 2359 aperor:
2851 2293 2907 2340 et
2966 2283 3170 2338 Christi
3229 2280 3566 2336 divinitatem

1991 2409 2207 2481 egregie
2247 2421 2346 2478 pro
2379 2418 2532 2460 more
2563 2416 2664 2458 suo
2703 2406 2908 2453 tuetur.
2951 2394 3089 2449 Male
3126 2393 3288 2463 igitur
3336 2392 3452 2446 haec
3500 2379 3584 2445 dc‘

1993 2522 2293 2595 paralytico
2336 2517 2532 2575 concio
2573 2531 2603 2571 a
2649 2511 2976 2584 praecedenti
3033 2518 3223 2564 contra
3273 2505 3570 2559 Anomoeos

1993 2647 2199 2694 semota
2224 2633 2478 2690 fueratin
2517 2628 2772 2685 omnibus
2820 2624 2975 2695 prius
3013 2621 3194 2686 editis,
3247 2615 3466 2686 quando
3515 2623 3569 2670 et

1993 2750 2172 2812 locus,
2200 2754 2256 2801 et
2286 2754 2524 2813 tempus,
2569 2750 2623 2796 et
2681 2744 3090 2809 argumentum,
3155 2741 3207 2786 et
3245 2731 3569 2799 Chrysosto-

1995 2873 2120 2913 mus
2161 2854 2299 2925 ipse,
2345 2852 2535 2907 ambas
2559 2847 2722 2904 simul
2761 2843 3062 2917 ponendas,
3089 2855 3187 2894 nec
3222 2844 3568 2906 sequestran-

1995 2972 2094 3026 das
2127 2981 2251 3025 esse
2278 2966 2496 3021 docent.

2067 3080 2273 3135 Prioris
2334 3069 2710 3144 interpretatio
2770 3067 2959 3122 Latina
3002 3072 3086 3119 est
3141 3062 3332 3116 incerti
3385 3058 3573 3126 cujus-

1997 3197 2161 3259 dam;
2215 3188 2472 3248 secundse
2519 3181 2774 3240 Flaminii
2816 3178 3035 3235 Nobilii.
3099 3173 3398 3256 Utramque
3442 3185 3574 3224 vero

1997 3307 2185 3362 multis
2232 3306 2286 3359 in
2317 3302 2454 3358 locis
2489 3297 2808 3366 castigatam
2851 3308 2883 3349 e
2912 3290 3132 3362 regione
3169 3285 3343 3342 Graeci
3392 3291 3574 3338 textus

1999 3420 2273 3492 ponimus.

1843 3817 1848 3822 .
2116 3825 2155 3834 __
2977 3823 2990 3837 .

314 4073 477 4154 [ιιι]
532 4086 559 4115 ι
626 4073 870 4127 ΟΜΙΛΙΛ
913 4071 1173 4141 ρηθεῖσα
1229 4071 1299 4126 ἐν
1345 4034 1982 4127 Κωνσταντινουπόλει
2042 4071 2193 4140 πρὸς
2241 4072 2577 4142 Ἅνομοίους
2619 4072 2754 4141 περὶ
2816 4071 3274 4140 ἀκαταλήπτου,
3333 4077 3429 4130 καὶ
3483 4076 3575 4134 ὅτι

535 4165 860 4235 σύμφωνος
897 4166 937 4233 ἡ
981 4165 1104 4221 Νέα
1144 4165 1221 4235 τῇ
1258 4163 1512 4232 Παλαιᾷ,
1547 4163 1648 4219 καὶ
1688 4163 1838 4233 πρὸς
1865 4164 2010 4232 τοὺς
2043 4163 2646 4234 ἀπολιμπανομένους
2679 4165 2796 4219 τῶν
2831 4169 3005 4222 θείων
3031 4163 3365 4230 συνάξεων.
3557 4188 3561 4192 ί

823 4497 1009 4566 Λόγος
1033 4495 1372 4561 ἑνδέκατος.
1409 4531 1414 4536 ς

389 4591 463 4648 α’.
487 4591 626 4645 Μίαν
653 4591 784 4662 ὑμῖν
811 4590 1090 4662 διελέχθην
1122 4590 1356 4662 ἡμέραν,
1390 4591 1486 4643 καὶ
1513 4590 1622 4644 ἀπὸ
1643 4591 1742 4661 τῆς
1773 4590 1907 4662 ἡμέ-

320 4693 424 4748 ρας
447 4675 664 4744 ἐκείνης
687 4673 859 4738 οὓτως
879 4675 1026 4744 ὑμᾶς
1050 4673 1305 4744 ἐφίλησα,
1325 4672 1402 4736 ὡς
1425 4671 1485 4738 ἐξ
1502 4673 1678 4744 ἀρχῆς
1712 4675 1806 4727 καὶ
1839 4675 1906 4728 ἐκ

318 4760 548 4830 πρώτης
585 4760 714 4829 ὑμῖν
740 4758 1085 4828 συντραφεὶς,
1116 4757 1288 4820 οὕτως
1316 4758 1446 4828 ὑμῖν
1473 4757 1768 4829 συνεδέθην
1790 4759 1904 4821 τοῖς

317 4843 420 4912 τῆς
449 4841 672 4910 ἀγάπης
714 4840 954 4912 δεσμοῖς,
987 4841 1063 4904 ὡς
1093 4840 1286 4912 χρόνον
1316 4840 1520 4908 ἄφατον
1555 4841 1655 4911 τῆς
1683 4839 1906 4911 ἡδίστης

320 4924 478 4994 ὑμῶν
525 4924 840 4988 ἀπολαύσας
870 4925 1180 4988 συνουσίας.
1218 4924 1392 4978 Τοῦτο
1435 4923 1493 4975 δέ
1522 4923 1769 4992 γέγονεν,
1805 4923 1905 4977 οὐκ

318 5009 511 5080 ἐπειδὴ
547 5009 756 5077 φιλικός
774 5011 802 5050 ι)
825 5028 905 5073 τις
935 5009 1047 5079 ἐγὼ
1099 5011 1195 5062 καὶ
1217 5008 1581 5076 ἀγαπητικὸς,
1610 5008 1726 5062 ἀλλ’
1755 5010 1908 5060 ἐπει⁴

319 5090 383 5164 δὴ
423 5093 662 5147 ποθεινοὶ
708 5094 802 5147 καὶ
846 5095 1138 5165 ἐπέραστοι
1187 5094 1424 5163 μάλιστα
1459 5095 1681 5150 πάντων
1722 5094 1903 5163 ὑμεῖς·

319 5175 419 5239 Τίς
457 5176 566 5246 γὰρ
601 5177 756 5247 ὑμῶν
793 5178 894 5231 οὐκ
937 5177 1003 5232 ἂν
1052 5179 1318 5247 ἀγάσαιτο
1343 5181 1434 5234 καὶ
1481 5177 1779 5248 Θαυμάσειε
1812 5176 1904 5228 τὸν

321 5260 720 5331 πεπυρωμένον
788 5261 949 5331 ζῆλον
978 5301 993 5326 ,
1064 5261 1166 5332 τὴν
1223 5263 1588 5335 ἀνυπόκριτον
1648 5259 1903 5330 ἀγάπην,

384 5471 413 5501 ι
435 5460 529 5545 Allii
553 5463 641 5536 τοξό
685 5462 831 5512 αὑτοῦ
855 5466 961 5529 περὶ
983 5466 1319 5525 ἀκαταλήπτου
1359 5467 1474 5530 πρὸς
1524 5467 1798 5530 Ἀνομοίους
1822 5467 1904 5516 λό-

384 5548 403 5576 c
420 5541 449 5571 ’τ
477 5562 488 5573 .
512 5524 686 5576 Sani”
710 5528 837 5576 Ποὸς
869 5526 1142 5576 Ἀνοιιοίουε
1160 5530 1266 5576 πεοὶ
1291 5528 1566 5576 ὁαοουσίου.

323 5540 403 5588 γῆς
420 5531 488 5573 τ’.
512 5531 686 5585 SaVi|.,
710 5531 837 5590 Πρὸς
870 5531 1142 5589 Ἀνομοίους
1160 5531 1266 5591 περὶ
1291 5531 1566 5590 ὁμοουσίου.

327 5652 342 5660 -
386 5590 416 5631 δ
441 5587 588 5636 Savil.
614 5590 664 5660 in
687 5595 828 5660 textu
842 5593 1040 5660 et'uuus
1059 5591 1214 5638 codex
1238 5591 1494 5660 φιλητικὸς,
1513 5589 1720 5660 Morel”
1745 5589 1896 5639 Savil.

325 5652 378 5702 In
409 5664 558 5713 marg.
586 5658 636 5700 et
658 5651 739 5700 alii
764 5651 960 5714 φιλικός,
985 5664 1081 5703 uno
1101 5651 1314 5713 excepto
1335 5653 1419 5710 qui
1451 5651 1600 5701 habet
1619 5652 1895 5717 φιλόνεικος.

2002 4493 2103 4566 τὴν
2138 4492 2269 4564 περὶ
2305 4491 2434 4554 τοὺς
2478 4491 2829 4556 διδασκάλους
2876 4491 3088 4545 εὔνοιαν
3110 4532 3124 4556 ,
3155 4491 3252 4565 τὴν
3306 4495 3442 4565 πρὸς
3483 4495 3581 4549 ἀλ-

2007 4576 2204 4648 λήλους
2252 4574 2505 4646 ὁμόνοιαν
2537 4615 2552 4639 ,
2614 4575 2757 4647 ειπερ
2811 4575 3028 4630 ἅπαντα
3088 4576 3249 4630 ἱκανά
3302 4579 3398 4632 καὶ
3454 4579 3584 4632 λιθί-
3668 4593 3676 4600 ·

2006 4676 2108 4730 νην
2150 4657 2557 4712 ἐπισπάσασθαι
2601 4658 2781 4730 ψυχήν
2814 4670 2836 4699 ο
2871 4675 2886 4726 ;
2937 4660 3038 4714 Διὰ
3084 4661 3242 4714 τοῦτο
3287 4663 3381 4715 καὶ
3423 4664 3583 4732 ἡμεῖς

2008 4741 2109 4812 τῆς
2151 4741 2475 4814 Ἐκκλησίας
2501 4741 2756 4813 ἐκείνης,
2803 4744 2862 4796 ἐν
2995 4743 3089 4797 καὶ
3137 4744 3438 4815 ἐτέχθημεν
3490 4747 3586 4799 καὶ

2006 4826 2330 4898 ἐτράφημεν
2375 4826 2470 4879 καὶ
2515 4825 2952 4898 ἐπαιδεύθημεν,
3010 4828 3110 4880 οὐκ
3158 4827 3379 4881 ἔλαττον
3438 4829 3584 4899 ὑμᾶς

2009 4911 2304 4981 φιλοῦμεν
2336 4909 2539 4981 ἀδελφὴ
2591 4910 2702 4981 γὰρ
2749 4911 2965 4981 ἐκείνης
3011 4911 3187 4982 αὕτη,
3235 4913 3330 4965 καὶ
3354 4912 3441 4965 διὰ
3475 4912 3585 4965 τῶν

2008 4995 2186 5064 ἔργων
2205 4993 2302 5065 τὴν
2331 4993 2651 5063 συγγένειαν
2677 4995 3045 5060 ἐπεδείξασθε.
3073 4996 3134 5049 Εἰ
3158 4996 3215 5048 δὲ
3244 4994 3586 5066 πρεσϐυτέρα

2012 5077 2152 5131 κατὰ
2178 5076 2270 5130 τὸν
2301 5077 2495 5147 χρόνον
2539 5078 2746 5148 ἐκείνη,
2775 5078 2913 5131 ἀλλὰ
2966 5078 3271 5149 θερμοτέρα
3318 5079 3458 5130 κατὰ
3485 5079 3586 5149 τὴν

2011 5160 2195 5213 πίστιν
2227 5159 2364 5231 αὕτη
2385 5177 2398 5190 ’
2431 5160 2630 5214 πλείων
2652 5163 2680 5216 ὁ
2708 5161 2963 5229 σύλλογος
2984 5163 3119 5228 ἐκεῖ,
3154 5161 3247 5214 καὶ
3280 5161 3587 5232 λαμπρότε-

2015 5259 2106 5314 ρον
2131 5243 2192 5296 τὸ
2215 5243 2463 5312 θέατρον,
2493 5244 2629 5297 ἀλλά
2657 5245 2860 5315 μείζων
2881 5245 3116 5298 ἐνταῦθα
3143 5247 3176 5315 ἠ
3200 5245 3464 5316 ὑπομονὴ.
3494 5247 3588 5299 καὶ

1976 5361 1979 5363 ›
2013 5325 2211 5378 πλείων
2240 5327 2342 5395 τῆς
2373 5326 2620 5397 ἀνδρείας
2646 5327 2672 5367 d
2702 5330 2734 5397 ἡ
2769 5327 3044 5391 ἐπίδειξις.
3068 5327 3234 5380 Λύκοι
3254 5327 3588 5398 πανταχόθεν

2011 5409 2080 5462 τὰ
2130 5409 2376 5480 πρόϐατα
2429 5409 2937 5479 περιστοιχίζονται,
2977 5411 3071 5462 καὶ
3114 5409 3177 5463 τὸ
3216 5411 3463 5482 ποίμνιον
3488 5411 3589 5465 οὐκ

2075 5595 2096 5660 ’ξ
2127 5588 2243 5660 Post
2262 5589 2621 5660 guxduhlorel:
2644 5595 2697 5660 σι
2715 5603 2842 5639 unus
2866 5591 3049 5642 addunt
3070 5591 3148 5640 καὶ
3173 5592 3311 5644 ἑλεῖν.

2070 5651 2094 5690 ’ἲ
2121 5651 2305 5702 ΑΙίὶκαὶ
2328 5651 2478 5708 πολλὴ
2498 5658 2580 5708 τῆς
2601 5653 2730 5716 ἀνδρ.
