4062 6166
456 243 567 305 797

459 362 846 421 ἀναλίσκεται⁶
902 357 1040 430 ζάλη
1067 359 1160 412 καὶ
1190 357 1395 430 χειμὼν
1454 357 1549 412 καὶ
1600 354 1898 410 κλυδώνιον
1927 372 2028 408 πε-

448 446 717 521 ριέστηκε
743 442 843 515 τὴν
889 442 1040 515 ἱερὰν
1085 444 1289 513 ταύτην
1336 439 1470 496 ναῦν
1501 438 1784 511 διηνεκῶς,
1836 439 1932 494 καὶ
1978 439 2029 491 οἱ

459 528 788 601 ἐμπλέοντες
833 525 894 579 οὐ
945 524 1422 588 καταποντίξοψται
1445 538 1460 553 ο
1508 522 1705 593 φλογὸς
1746 522 2028 592 αἱρετικῆς

459 613 692 683 ἐπήρεια
725 608 990 663 πάντοθεν
1025 606 1302 661 κυκλοῦσα
1325 619 1376 672 ει,
1414 607 1510 661 καὶ
1555 608 1603 660 οἱ
1647 607 1705 659 ἐν
1751 606 1901 677 μέσῳ
1930 605 2029 674 τῆς

458 693 692 764 καμίνου
719 691 909 763 δρόσου
956 688 1329 759 πνευματικῆς
1372 688 1756 743 ἀπολαύουσιν.
1798 686 2028 758 Ὁμοίως

457 778 574 831 ἐστὶ
599 776 898 847 παράδοξον
931 774 987 826 ἐν
1017 771 1096 842 τῷ
1131 771 1285 842 μέρει
1303 771 1330 810 b
1352 772 1450 842 τῆς
1478 771 1683 834 πόλεως
1711 770 1914 842 ταύτης
1933 769 2028 840 τὴν

468 858 794 929 Ἐκκλησίαν
820 856 1027 924 ταύτην
1050 853 1470 924 πεφυτευμένην
1497 852 1643 918 ἰδεῖν,
1676 852 1864 924 ῶσπερ
1895 853 1961 908 ἂν
1980 852 2034 906 εί

454 959 541 1004 τις
570 942 627 992 ἐν
663 938 804 1009 μέσῃ
836 936 1051 1007 καμίνῳ
1080 935 1378 988 θάλλουσαν
1409 935 1614 999 ἐλαίαν,
1651 937 1878 993 καὶτοῖς
1906 933 2030 1002 φύλ-

455 1022 568 1086 λοις
600 1020 879 1091 κομῶσαν,
919 1019 1014 1071 καὶ
1035 1017 1114 1089 τῷ
1143 1017 1341 1088 καρπῷ
1370 1018 1694 1089 βριθομένην
1717 1018 1834 1072 ῖδοι.
1880 1014 2030 1071 Ἐπεὶ

453 1099 548 1157 οὖν
576 1101 750 1165 οὕτως
801 1098 1142 1169 εὐγνώμονες
1192 1100 1350 1169 ὑμεῖς
1398 1101 1492 1152 καὶ
1548 1101 1755 1171 μυρίων
1810 1098 2028 1167 ἀγαθῶν

454 1184 618 1251 ἄξιοι,
654 1184 787 1255 φέρε
816 1183 915 1254 τὴν
943 1182 1239 1252 ὑπόσχεσιν
1280 1181 1418 1251 μετὰ
1449 1180 1630 1250 πάσης
1662 1181 1882 1251 χάριτος
1930 1197 2029 1234 κα-

453 1267 800 1336 ταϐάλωμεν,
826 1265 893 1335 ἣν
919 1263 1111 1335 πρῴην
1145 1265 1272 1334 ύμῖν
1296 1263 1669 1333 ὑπεσχόμεθα,
1707 1263 1867 1333 ἡνίκα
1902 1263 2027 1333 περὶ

454 1349 563 1403 τῶν
587 1349 679 1401 τοῦ
696 1347 859 1400 Δαϐὶδ
891 1347 987 1400 καὶ
1006 1347 1100 1400 τοῦ
1134 1346 1327 1400 Γολιάθ
1353 1357 1375 1386 ε
1400 1346 1580 1399 ὅπλων
1601 1345 1920 1415 ἐφιλοσοφοῦ
1929 1362 2026 1415 μεν

455 1433 588 1503 παρ’
612 1433 761 1500 ὑμῖν,
795 1429 1100 1492 δεικνύντες
1128 1429 1208 1500 τῷ
1254 1429 1418 1501 λόγῳ,
1441 1430 1517 1493 ὡς
1548 1433 1576 1483 6
1608 1431 1703 1501 μὲν
1730 1428 2027 1498 παντευχίᾳ

461 1516 570 1568 τινὶ
595 1514 762 1584 πολλῇ
806 1512 900 1566 καὶ
932 1512 1140 1582 μεγάλῃ
1186 1512 1521 1582 πανταχόθεν
1554 1514 1886 1582 ἐπέφρακτο,
1910 1513 1939 1565 6
1969 1509 2026 1563 δὲ

455 1597 660 1667 γυμνὸς
696 1596 803 1649 τῶν
836 1595 1013 1648 ὃπλων
1029 1595 1250 1647 ἐκείνων
1272 1598 1338 1665 τῇ
1365 1595 1545 1647 πίστει
1569 1595 1864 1665 τετείχιστο
1886 1611 1900 1625 ο
1932 1595 2028 1647 καὶ

446 1683 485 1734 .6
513 1680 612 1750 μὲν
641 1678 750 1733 ἀπὸ
773 1677 869 1731 τοῦ
888 1676 1134 1746 θώρακος
1166 1677 1261 1730 καὶ
1291 1677 1388 1746 τῆς
1414 1678 1637 1740 ἀσπίδος
1665 1677 1887 1742 ἔξωθεν,
1921 1678 1950 1730 ὁ
1969 1676 2026 1730 δέ

453 1763 654 1817 ἔσωθεν
679 1761 786 1814 ἀπὸ
807 1760 901 1813 τοῦ
933 1758 1243 1829 πνεύματος
1277 1761 1372 1813 καὶ
1401 1763 1497 1830 τῆς
1529 1761 1752 1831 χάριτος
1790 1760 2022 1814 ἔστιλϐε.

454 1843 551 1897 Διά
581 1843 738 1897 τοῦτο
764 1842 895 1911 γοῦν
927 1844 956 1896 6
988 1846 1117 1905 παῖς
1138 1841 1228 1895 τὸν
1256 1842 1537 1896 νεανίσκον
1582 1843 2022 1913 κατηγωνίσατο,

448 1927 480 1978 6
514 1924 719 1997 γυμνὸς
752 1918 850 1978 τοῦ
884 1924 1235 1994 ὡπλισμένου
1264 1925 1588 1996 ἐκράτησεν,
1643 1927 1672 1978 ὀ
1700 1924 1907 1996 ποιμὴν
1934 1923 2024 1978 τὸν

453 2008 788 2081 στρατιώτην
813 2007 1078 2062 κατέϐαλε
1092 2023 1112 2043 ρ
1137 2007 1284 2061 λίθου
1300 2007 1461 2077 φύσις
1482 2008 1801 2078 ποιμενικοῦ
1823 2005 2024 2078 χαλκοῦ

452 2092 613 2162 φύσιν
641 2089 935 2160 πολεμικοῦ
955 2089 1239 2161 συνέτριψε
1269 2093 1361 2143 καὶ
1375 2088 1912 2162 διέφθειρεν.οὒκοῦν
1934 2089 2027 2142 καὶ

450 2178 611 2244 ἡμεῖς
635 2174 726 2227 τὸν
745 2173 892 2226 λίθον
917 2172 1125 2225 ἐκεῖνον
1159 2171 1689 2242 μεταχειρισώμεθα,
1730 2172 1822 2225 τὸν
1855 2172 2023 2242 ἀκρο-

444 2260 705 2325 γωνιαῖον
729 2254 895 2323 λέγω,
916 2255 1013 2307 τὸν
1062 2253 1271 2325 νοητόν.
1300 2256 1368 2307 Εἰ
1405 2256 1513 2326 γὰρ
1539 2254 1616 2325 τῷ
1645 2254 1845 2326 Παύλῳ
1876 2255 2026 2325 φιλορ

454 2341 637 2407 σοφεῖν
678 2337 857 2401 ἔξεστι
896 2337 1025 2406 περὶ
1074 2336 1174 2407 τῆς
1228 2336 1369 2391 κατὰ
1417 2336 1514 2403 τὴν
1564 2337 1768 2408 ἔρημον
1798 2338 2021 2410 πέτρας,

452 2423 666 2484 πάντως
706 2421 828 2473 οὐδὲ
883 2422 1017 2489 ἡμῖν
1057 2421 1348 2490 νεμεσήσει
1386 2438 1470 2483 τις
1501 2419 1593 2472 τὸν
1646 2419 1792 2475 λίθον
1838 2420 2025 2474 τοῦτον

453 2503 594 2558 κατὰ
618 2503 708 2556 τὸν
741 2502 905 2555 αὐτὸν
931 2501 1339 2572 ἐκλαμϐάνονσι
1371 2503 1591 2573 τρόπον.
1626 2502 1896 2573 Καθάπερ
1916 2502 2025 2573 γὰρ

440 2585 722 2659 ἐπὶίὸόὲ]
748 2585 857 2638 τῶν
896 2583 1287 2654 Ἰουδαίων-οὐχ
1326 2586 1364 2654 ή
1407 2584 1570 2653 φύσις
1614 2584 1714 2656 τῆς
1745 2585 2026 2656 ὁρωμένης

450 2668 676 2740 πέτρας,
726 2667 837 2721 ἀλλ’
864 2669 897 2736 ἡ
926 2665 1156 2737 δύναμις
1202 2667 1305 2737 τῆς
1337 2668 1633 2738 νοουμένης
1684 2669 1808 2731 τοὺς
1862 2685 2027 2721 ποτα-

452 2753 588 2821 μοὺς
637 2750 789 2820 ἠφίει
818 2748 926 2801 τῶν
977 2748 1185 2801 ὑδάτων
1219 2749 1461 2813 ἐκείνους
1486 2767 1501 2781 ο
1545 2750 1688 2803 οὕτω
1720 2749 1783 2818 δὴ
1813 2750 1906 2803 καὶ
1933 2750 2025 2804 ἐπὶ

448 2831 543 2886 τοῦ
582 2829 744 2884 Δαυῖδ
788 2831 938 2901 οὐχό
984 2831 1260 2901 αἰσθητὸς,
1308 2830 1432 2885 ἀλλ’
1464 2833 1492 2885 ό
1537 2832 1724 2901 νοητὸς
1753 2831 1899 2895 λίθος
1924 2833 2025 2903 τὴν

451 2913 791 2987 βαρϐαρικὴν
826 2914 1040 2984 ἐκείνην
1079 2915 1381 2986 κατήνεγκε
1410 2916 1649 2985 κεφαλὴν
1670 2932 1684 2945 ⁸
1711 2914 1884 2979 οὔτως
1898 2918 2024 2986 ύμῖν

449 2999 545 3053 καὶ
571 2999 693 3052 τότε
714 2997 1065 3068 ὑπεσχόμεθα
1098 2998 1265 3069 μηδὲν
1290 3000 1399 3051 ἀπὶ
1433 2998 1711 3070 λογισμῶν
1748 3000 1909 3070 ἐρεῖν.
1947 3000 2026 3054 Τὰ

448 3083 559 3152 γὰρ
591 3080 751 3135 ὅπλα
787 3080 957 3150 ἡμῶν
989 3081 1061 3135 οὐ
1096 3080 1353 3149 σαρκικὰ
1372 3121 1386 3146 ,
1436 3080 1600 3136 ἀλλὰ
1626 3084 2018 3150 πνειψατικὰ,

445 3163 781 3235 λογισμοὺς
813 3163 1215 3232 καθαιροῦντα
1241 3163 1343 3217 καὶ
1383 3160 1508 3218 πᾶν
1537 3163 1752 3234 ὕψωμα
1782 3165 2023 3233 ἐπαιρό-

442 3265 636 3317 μενον
678 3246 831 3303 κατὰ
880 3246 992 3315 τῆς
1036 3246 1314 3316 γνώσεως
1355 3246 1461 3301 τοῦ
1506 3247 1677 3302 Θεοῦ.
1725 3248 2023 3321 Καθαιρεῖν

444 3331 623 3386 τοίνυν
654 3330 872 3394 αὐτοὺς,
906 3330 1006 3383 οὐκ
1037 3329 1285 3398 ἐπαίρειν
1317 3327 1653 3399 κελευόμεθα
1674 3345 1685 3359 ’
1709 3330 2018 3396 καταλύειν,

442 3414 545 3484 οὐχ
592 3412 909 3476 ὁπλίζεσθαι
959 3412 1166 3475 τούτοις
1216 3410 1670 3482 προσετάγημεν·
1734 3416 2020 3484 Λογισμοὶ

443 3497 557 3564 γὰρ
581 3494 813 3562 θνητῶν
843 3493 1053 3559 δειλοὶ,
1081 3494 1235 3565 φησί.
1259 3493 1324 3548 Τί
1358 3496 1474 3547 ἐστι
1497 3494 1720 3556 δειλοί;
1759 3497 1818 3550 Ὀ
1849 3497 2021 3562 δειλὸς

444 3576 547 3630 κᾶν
569 3576 656 3628 ἐπ’
689 3575 965 3645 ἀσφαλοῦς
987 3576 1146 3646 βαίνῃ
1173 3576 1396 3646 χωρίου,
1417 3576 1630 3631 οὐδέπω
1650 3577 1862 3650 θαρρεῖ,
1882 3579 2021 3634 ἀλλὰ

439 3657 650 3711 δέδοικε
680 3658 773 3710 καὶ
798 3656 1023 3729 τρέμει·
1055 3656 1198 3709 οὕτω
1214 3657 1386 3711 καὶτὸ
1407 3658 1687 3729 λογισμοῖς
1702 3660 2015 3732 ἀποδεχθὲν,

440 3737 548 3795 κᾶν
577 3738 774 3810 άληθές
800 3737 857 3812 ᾖ,
892 3739 1104 3793 οὐδέπω
1126 3739 1499 3811 πληροφορίαν
1519 3744 1585 3812 τῇ
1616 3741 1762 3815 ψυχῇ
1792 3746 2018 3816 παρέχει

441 3822 541 3875 καὶ
575 3821 755 3874 πίστιν
791 3822 1005 3892 ἱκανήν.
1048 3821 1202 3875 Ἐπεὶ
1222 3817 1313 3875 οὖν
1338 3821 1576 3894 τοσαύτη
1600 3824 1723 3887 τῶν,
1743 3826 2018 3899 λογισμῶν

440 3903 478 3974 ἡ
508 3902 785 3967 ἀσθένεια,
823 3902 957 3975 φέρε
990 3904 1097 3957 ἀπὸ
1134 3902 1243 3958 τῶν
1274 3903 1509 3976 Γραφῶν
1557 3908 1658 3976 τῆς
1704 3907 1841 3979 πρὸς
1891 3911 2018 3973 τοὺς

433 3985 717 4050 ἐναντίους
738 3985 1007 4058 ἁψώμεθα
1036 3986 1236 4059 μάχης.

511 4068 683 4124 Πόθεν
707 4065 802 4124 οὖν
825 4071 961 4141 ἡμῖν
994 4069 1225 4142 ἀρκτέον
1253 4068 1348 4124 τοῦ
1366 4069 1525 4140 λόγου
1548 4087 1562 4136 ;
1585 4070 1753 4126 Ὅθεν
1788 4073 1856 4128 ἂν
1892 4073 2016 4145 βού-

438 4152 628 4225 λησθε,
678 4154 789 4207 εἴτε
821 4152 930 4207 ἀπὸ
958 4153 1190 4222 Καινῆς,
1216 4153 1327 4206 εἴτε
1359 4154 1467 4207 ἀπὸ
1494 4154 1736 4220 Παλαιᾶς
1756 4169 1772 4186 ⁸
1816 4156 1879 4210 ού
1906 4157 2015 4231 γάρ

433 4236 502 4308 δὴ
525 4236 685 4307 μόνον
698 4238 757 4290 ἐν
770 4238 882 4299 τοῖς
908 4236 1281 4305 εὐαγγελικοῖς
1297 4237 1512 4302 καὶτοῖς
1526 4239 1897 4305 ἀποστολικοῖς
1915 4243 2012 4312 ῥή-

439 4336 625 4390 μασιν,
638 4318 875 4372 ἀλλὰκαὶ
890 4320 948 4372 ὲν
962 4321 1075 4383 τοῖς
1086 4322 1443 4390 προφητικοῖς
1457 4323 1550 4375 καὶ
1566 4323 1712 4396 πάσῃ
1728 4327 1794 4396 τῇ
1803 4324 2014 4396 Παλαιᾷ

438 4401 578 4470 μετά
602 4401 800 4471 πολλῆς
832 4403 930 4472 τῆς
948 4401 1261 4473 περιουσίας
1277 4403 1686 4475 διαλάμπουσαν
1704 4405 1851 4461 ἐστιν
1887 4407 2012 4462 ἰδεῖν

432 4482 535 4552 τὴν
562 4483 656 4534 τοῦ
684 4483 1020 4550 Μονογενοῦς
1037 4483 1223 4549 δόξαν·
1258 4485 1337 4539 διὸ
1360 4487 1454 4540 καὶ
1481 4486 1729 4542 ἐντεῦθέν
1761 4507 1849 4560 μοι
1865 4490 2014 4545 δοκεῖ

434 4563 573 4634 πρὸς
582 4564 817 4627 ἐκείνους
829 4565 899 4617 ἀκ
907 4565 1378 4634 ροϐολίσασθαι.ού
1390 4568 1572 4640 γὰρδὴ
1588 4569 1780 4640 μόνους
1791 4570 2009 4637 τούτους

388 4712 395 4719 1
432 4645 686 4699 ἐντεῦθεν
723 4648 1037 4717 ποιούμενοι
1058 4650 1185 4712 τοὺς
1213 4649 1426 4719 λόγους,
1478 4651 1614 4706 ἀλλά
1644 4654 1738 4706 καὶ
1784 4653 2008 4724 ἐτέρους

438 4727 695 4793 πλείονας
718 4729 1034 4800 αίρετικοὺς
1059 4729 1403 4802 δυνησόμεθα
1449 4734 1800 4802 καταϐαλεῖν,
1852 4737 2012 4808 Μαρ-

433 4812 628 4880 κίωνα,
661 4813 981 4883 Μανιχαῖον,
1014 4812 1385 4881 Οὑαλεντῖνον,
1413 4815 1522 4870 τῶν
1548 4817 1817 4870 Ἰουδαίων
1840 4820 2010 4873 ᾶπαν-

429 4913 501 4950 τα
524 4895 592 4949 τὰ
620 4897 788 4966 συστή
799 4913 966 4967 ματα.
992 4895 1261 4967 Καθάπερ
1282 4899 1390 4970 γὰρ
1422 4899 1516 4953 ἐπὶ
1540 4898 1636 4953 τοῦ
1666 4899 1831 4954 Δαυῖδ
1852 4902 1882 4954 ὁ
1910 4903 2008 4974 μὲν

433 4978 624 5032 Γολιάθ
659 4978 951 5045 κατέπεσε,
985 4978 1049 5032 τὸ
1093 4979 1150 5033 δέ
1195 4981 1556 5051 στρατόπεδον
1603 4982 1751 5044 ἅπαν
1777 4984 2008 5056 ἐδραπέ-

424 5079 609 5125 τευσε,
640 5062 737 5115 καὶ
765 5063 794 5115 ό
826 5061 926 5132 μὲν
948 5061 1178 5125 θάνατος
1204 5062 1325 5126 ἐνὸς
1343 5062 1532 5131 γέγονε
1563 5063 1811 5135 σώματος
1835 5066 1886 5131 ά,
1912 5068 2007 5123 καὶ

429 5148 561 5218 μιᾶς
591 5148 626 5218 ἡ
654 5145 835 5219 πληγὴ
862 5145 1125 5216 κεφαλῆς,
1160 5148 1194 5219 ή
1219 5146 1277 5199 δέ
1309 5147 1454 5219 φυγῇ
1474 5148 1568 5201 καὶ
1597 5149 1629 5220 ή
1652 5149 1826 5205 δειλία
1848 5152 2003 5225 κοινὴ

426 5228 522 5283 τοῦ
552 5230 914 5300 στρατοπέδου
936 5230 1139 5295 παντός
1158 5248 1176 5262 ⁸
1220 5230 1363 5284 οὕτω
1391 5230 1453 5302 δὴ
1487 5233 1579 5286 καὶ
1603 5233 1689 5301 ἐφ’
1717 5233 1877 5304 ήμῶν
1908 5235 2004 5288 νῦν

430 5313 560 5381 μιᾶς
594 5314 858 5385 αἱρέσεως
895 5314 1199 5387 πληγείσης
1226 5315 1327 5368 καὶ
1355 5316 1797 5387 καταπεσούσης,
1848 5317 2003 5390 κοινὴ

425 5394 534 5449 τῶν
564 5397 1038 5469 ἀπηριθμημένων
1068 5399 1330 5454 ἁπάντων
1356 5397 1507 5453 ἔσται
1543 5401 1713 5470 φυγή.

488 5558 512 5625 δ’
533 5556 884 5625 δ’ίῖῖπᾴντοὲεν
908 5561 1085 5625 κύκλῳ·
1112 5567 1167 5610 ει
1185 5574 1297 5611 mox
1316 5561 1366 5610 ἐν
1390 5563 1511 5623 μέσῃ
1532 5568 1588 5625 τῇ
1614 5562 1815 5625 καμίνῳ.

483 5616 680 5696 ξεινι-
705 5620 753 5696 ex

489 5677 900 5756 1929539}???
942 5677 1101 5756 μήτε,
1125 5681 1213 5756 ξι.ἰὶ
1244 5682 1507 5756 2:21.130.er
1544 5684 1721 5746 μεγέθη
1746 5683 1982 5734 πάντοθενι

420 5738 959 5809 (Δρετιςίκμὶμεγάλη.)
984 5740 1109 5789 Infra
1132 5743 1215 5790 alii
1239 5744 1265 5790 ὁ
1289 5743 1340 5789 δὲ
1365 5738 1559 5791 ἕνδοθενζ
1613 5738 1645 5809 ἰ

482 5800 508 5839 ά
537 5799 635 5849 Alii
657 5798 839 5861 ἐγένετο
866 5798 1101 5861 σώματος.

1158 241 1215 294 S.
1251 237 1535 295 JOANMS
1573 236 2050 295 CIIRXSOS'I'OM
2091 234 2409 292 MlCHI‘E‘P.
2436 234 2998 295 'CONSTANTINOP.

3601 240 3706 300 798

2197 354 2503 424 Μανιχαῖοι
2530 354 2641 424 ,μὲν
2664 354 2776 427 γὰρ
2792 356 2896 410 καὶ
2916 357 2972 409 οί
2997 354 3067 410 τὰ
3084 354 3236 410 αὐτὰ
3252 355 3535 419 νοσοῦντες
3561 356 3711 415 ἐκεί·
3744 378 3748 385 ’

2124 454 2243 500 ινοις
2266 435 2364 489 τὸν
2396 436 2497 507 μὲν
2510 438 2927 509 ,κηρυττόμενον
2942 438 3158 493 δοκοῦσι
3180 437 3429 509 δέχεσθαι
3448 439 3707 510 Χριστὸν,

2127 519 2256 584 τοὺς
2276 519 2346 573 -δέ
2364 519 2739 591 ⁴κηρύτιιτονειῖας
2761 520 2925 577 αὐτὸν
2946 522 3280 593 ἀτιμάζουσι
3308 523 3592 593 ⁴προφήτας
3612 524 3707 579 Ital

2132 601 2504 674 πατριάρχας
2545 603 2787 657 Ἰουδαῖοι
2820 605 2877 658 δέ
2916 605 3077 658 πάλιν
3101 605 3428 669 άπεναντίας
3450 608 3576 670 τοὺς
3608 608 3707 679 μὲν

2129 685 2495 757 κηρύττοντας
2515 685 2676 739 αὐτὸν
2697 684 2914 740 δοκοῦσι
2948 686 3196 758 δέχεσθαι
3233 687 3329 740 καὶ
3359 686 3702 759 θεραπεύειν,

2131 768 2414 840 προφήτας
2445 768 2589 837 λέγω
2621 770 2716 824 καὶ
2762 769 2856 824 τὸν
2906 769 3203 841 νομοθέτην
3232 770 3412 825 αὐτῶν
3447 781 3472 810 ο
3491 770 3624 835 ,τὸν
3647 772 3704 826 δὲ

2129 851 2531 922 κηρυττόμενον
2558 852 2651 905 ὑπ’
2678 852 2859 907 αὐτῶν
2888 851 3276 924 ἀτιμάζουσιν.
3305 853 3471 907 Ὅταν
3501 848 3594 906 οὖν
3636 856 3704 926 τῇ

2128 931 2223 985 τοῦ
2260 933 2394 986 Θεοῦ
2453 933 2637 1005 χάριτι
2692 934 2957 1007 δείξωμεν
3008 935 3209 1006 πολλὴν
3265 936 3324 988 ἐν
3372 938 3438 1005 τῇ
3492 935 3707 1006 Παλαιᾷ

2103 1021 2106 1024 ’
2128 1032 2518 1086 προαναφωνω
2527 1017 2694 1089 μένην
2715 1017 2809 1071 τοῦ
2834 1018 3174 1087 Μονογενοῦς
3197 1019 3295 1090 τὴν
3327 1018 3504 1083 δόξαν,
3527 1021 3708 1073 πάντα

2126 1097 2296 1151 ταῦτα
2323 1097 2663 1170 δυνησόμεθα
2690 1099 2759 1153 τὰ
2788 1099 3032 1171 θεομάχα
3050 1100 3406 1170 καταισχῦναι
3435 1102 3704 1172 στόματα,

2128 1180 2222 1233 καὶ
2242 1180 2342 1244 τὰς
2366 1180 2716 1253 βλασφήμους
2745 1183 3094 1253 ἐπιστομίσαι
3113 1182 3379 1250 γλώττας.
3406 1183 3577 1237 Ὅταν
3595 1183 3706 1255 γάρ

2128 1261 2384 1333 φαίνηται
2410 1264 2756 1334 κηρύττουσα
2772 1264 2862 1317 τὸν
2882 1264 3116 1336 Χριστὸν
3140 1266 3174 1334 ἡ
3198 1264 3407 1320 Παλαιὰ
3437 1265 3703 1337 Διαθήκη,

2126 1344 2208 1407 τίς
2245 1343 2397 1399 ἔσται
2425 1347 2750 1417 Μανιχαίοις
2780 1346 2873 1399 καὶ
2914 1350 3027 1409 τοῖς
3058 1346 3184 1400 κατ’
3218 1347 3459 1410 ἐκείνους
3496 1348 3515 1386 τ
3564 1349 3704 1402 ἀπο-

2126 1427 2279 1496 λογία
2328 1428 2655 1500 ἀτιμάζουσι
2708 1431 2809 1499 τὴν
2843 1429 3339 1500 προαναφωνοῦσαν
3382 1429 3474 1483 τὸν
3525 1432 3704 1484 κοινὸν

2127 1510 2345 1565 πάντων
2366 1513 2640 1583 Δεσπότην
2664 1531 2678 1579 ;
2707 1513 2790 1575 τίς
2816 1513 2874 1566 δὲ
2906 1511 3202 1582 συγγνώμη
3240 1513 3334 1565 καὶ
3374 1513 3703 1584 παραίτησις

2125 1597 2239 1657 τοῖς
2275 1594 2550 1657 Ἰουδαίοις
2569 1595 2660 1649 τὸν
2693 1594 2798 1648 ὑπὸ
2815 1594 2921 1647 τῶν
2946 1592 3242 1665 προφητῶν
3276 1594 3700 1666 καταηελλόμε-

2127 1692 2214 1728 νον
2241 1676 2316 1747 μὴ
2339 1676 2681 1748 δεχομένοις;

2201 1757 2265 1827 β’.
2298 1759 2449 1811 Ἐπελ⁵
2476 1754 2567 1813 οὖν
2600 1756 2835 1830 τοσαύτη
2870 1759 2971 1831 τῆς
3006 1756 3162 1830 νίκης
3199 1760 3233 1830 ή
3274 1760 3580 1833 περιουσία,
3610 1759 3707 1814 ἐπὶ

2124 1840 2196 1895 τὰ
2227 1841 2558 1914 παλαιότερα
2594 1842 2777 1913 βιϐλία
2812 1842 3089 1910 τὸνλόγον
3115 1842 3433 1914 ἀγάγωμεν,
3472 1844 3565 1897 καὶ
3592 1843 3706 1897 τῶν

2128 1925 2372 1979 παλαιῶν
2417 1926 2596 1981 αὐτῶν
2638 1927 2701 1981 τὸ
2753 1925 3111 1997 ἀρχαιότερον
3152 1927 3378 1981 πάντων
3399 1966 3416 1992 ,
3458 1928 3550 1980 ἐπὶ
3602 1927 3704 1997 τὴν

2127 2007 2343 2064 Γένεσιν
2367 2008 2545 2077 λέγω,”
2576 2008 2669 2062 καὶ
2694 2007 2793 2078 τῆς
2821 2006 3092 2071 Γενέσεως
3125 2008 3298 2079 αὐτῆς
3329 2010 3422 2063 ἐπὶ
3461 2009 3558 2079 τὴν
3619 2027 3704 2062 κου

2128 2092 2303 2164 ρυφὴν
2329 2090 2636 2161 ἀναϐῶμεν.
2664 2091 2785 2143 Ὀτι
2813 2090 2923 2161 γὰρ
2952 2091 3082 2161 περὶ¹
3105 2090 3197 2143 τοῦ
3246 2091 3484 2162 Χριστοῦ
3531 2090 3705 2144 πολλὲ

2127 2190 2291 2245 φησιν
2316 2173 2345 2225 6
2374 2173 2636 2243 Μωῦσῆςέ
2673 2171 2904 2225 ἄκουσον
2937 2171 3103 2225 αὑτοῦ
3133 2172 3371 2242 Χριστοῦ
3409 2174 3658 2243 λέγοντος
3686 2192 3699 2205 ο

2125 2258 2196 2310 El
2222 2256 2565 2310 ἐπιστεύετε
2603 2254 2849 2323 Μωῦσῇ.
2889 2255 3238 2313 ἐπιστεύετε
3272 2257 3353 2311 ἂν
3376 2259 3511 2327 ἐμοί
3529 2275 3544 2289 ο
3567 2260 3705 2327 περὶ

2126 2337 2279 2410 15⁵45]
2314 2338 2423 2407 γὰρ
2454 2338 2600 2407 ἐμοῦ
2630 2337 2861 2403 ἐκεῖνος
2902 2339 3147 2407 ἔγραψε.
3205 2339 3316 2393 Ποῦ
3362 2340 3421 2394 δέ
3462 2339 3703 2411 ἔγραψεν

2124 2420 2330 2485 ἐκεῖνος
2382 2422 2508 2492 περὶ
2550 2420 2754 2487 αύτοῦ;
2811 2420 2981 2475 Τοῦτο
3005 2422 3104 2492 ήδη
3126 2422 3299 2489 δεῖξαι
3346 2424 3698 2495 πειράσομαι.

2137 2502 2351 2572 Ἐπειδὴ
2397 2503 2505 2573 γὰρ
2548 2505 2582 2574 ἡ
2608 2502 2787 2566 κτίσις
2812 2504 3116 2575 ἀπήρτιστο
3140 2506 3314 2572 πᾶσα,
3343 2507 3444 2559 καὶ
3473 2506 3701 2575 ποικίλῳ

2127 2584 2225 2654 μὲν
2252 2585 2280 2635 ὁ
2307 2583 2535 2655 οὐρανὸς
2561 2585 2901 2654 ἐστεφάνωτο
2916 2586 3133 2657 ἄστρων
3150 2586 3319 2658 χορῷ,
3337 2588 3699 2653 παντοδαποῖς

2123 2667 2180 2720 δὲ
2226 2666 2442 2721 ἄνθεσιν
2484 2667 2829 2739 ἀντέλαμπεν
2879 2668 3027 2740 αὐτῷ
3070 2670 3315 2724 κάτωθεν
3368 2673 3403 2742 ή
3455 2672 3564 2741 γῆ,
3603 2673 3699 2724 καὶ

2124 2749 2352 2821 πλήρεις
2389 2750 2487 2821 μὲν
2521 2749 2693 2821 ὀρέων
2725 2751 2982 2823 κορυφαὶ,
3008 2749 3192 2822 πλήρη
3216 2751 3274 2804 δέ
3298 2754 3392 2806 καὶ
3418 2753 3581 2824 πεδία
3604 2754 3697 2809 καὶ

2118 2832 2428 2902 φάραγγες,
2472 2833 2569 2886 καὶ
2618 2832 2807 2896 ἁπλῶς
2850 2833 3001 2886 πᾶσα
3036 2834 3070 2902 ἡ
3116 2834 3218 2903 τῆς
3255 2834 3361 2904 γῆς
3401 2835 3698 2904 ἐπιφάνεια

2124 2914 2307 2983 φυτῶν
2337 2914 2428 2967 καὶ
2451 2913 2681 2985 δένδρων
2704 2916 2796 2968 καὶ
2813 2914 3063 2984 ,βοτανῶν
3089 2910 3180 2985 ἦν,
3210 2917 3307 2970 καὶ
3330 2917 3562 2989 ἐσκίρτα
3599 2919 3698 2989 μὲν

2122 2995 2388 3066 ποίμνια,
2465 2995 2695 3066 ἐσκίρτα
2743 2995 2799 3048 δὲ
2860 2992 3112 3066 βουκόλια
3138 3035 3154 3060 ,
3216 2997 3325 3050 τῶν
3371 2999 3428 3051 δέ
3486 3000 3700 3070 ᾠδικῶν

2121 3077 2349 3150 ὀρνίθων
2390 3080 2419 3132 ὁ
2464 3078 2644 3149 χορὸς,
2684 3079 2783 3150 τὴν
2826 3079 2962 3133 ἰδίαν
3007 3078 3169 3149 φύσιν
3217 3081 3696 3153 ἐπιδεικνύμενος,

2120 3161 2388 3231 μουσικῆς
2408 3162 2500 3214 τὸν
2514 3162 2652 3231 ἀέρα
2674 3163 2852 3215 πάντα
2879 3160 3137 3233 ἐπλήρου,
3157 3162 3253 3215 καὶ
3285 3163 3461 3233 μεστά
3480 3165 3696 3239 πελάγη

2119 3244 2228 3299 τῶν
2259 3245 2484 3299 ἐναλίων
2513 3242 2666 3307 ζώων
2703 3241 2793 3315 ἦν,
2825 3245 3052 3315 πλήρεις
3085 3244 3142 3297 δὲ
3169 3245 3355 3316 λίμναι
3400 3248 3494 3301 καὶ
3520 3253 3698 3319 πηγαὶ

2121 3328 2217 3381 καὶ
2249 3328 2485 3398 ποταμοὶ
2501 3327 2609 3381 τῶν
2632 3328 2690 3380 ἐν
2721 3328 2906 3390 αὐτοῖς
2926 3328 3261 3398 τικτομένων
3293 3328 3566 3393 ἁπάντων,
3600 3334 3698 3386 καὶ

2113 3410 2271 3464 οὐδὲν
2299 3406 2368 3481 ῆν
2418 3411 2724 3475 ἀτέλεστον,
2755 3410 2893 3465 άλλά
2922 3410 3102 3464 πάντα
3132 3411 3459 3483 ἀπήρτιστο,
3504 3413 3697 3485 ἐζήτει

2117 3494 2182 3549 τὸ
2208 3493 2369 3564 σῶμα
2389 3493 2490 3565 τὴν
2511 3493 2777 3563 κεφαλὴν,
2803 3495 2837 3564 ἡ
2871 3492 3027 3556 πόλις
3046 3492 3137 3548 τὸν
3157 3494 3415 3565 ἄρχοντα,
3450 3497 3484 3566 ἡ
3517 3496 3695 3562 κτίσις

2118 3575 2210 3628 τὸν
2244 3575 2490 3646 βασιλέα,
2542 3575 2685 3644 λέγω
2734 3577 2799 3646 δὴ
2844 3575 2937 3629 τὸν
2981 3575 3287 3648 ἄνθρωπον.
3333 3577 3560 3632 Μέλλων
3597 3575 3693 3634 οὖν

2119 3656 2283 3710 αὐτὸν
2335 3656 2682 3710 διαπλάττειν
2713 3659 2743 3709 6
2785 3657 2918 3720 Θεός
2949 3674 3114 3727 φησιν
3136 3674 3149 3686 ·
3188 3658 3542 3728 Ποιήσωμεν
3590 3660 3694 3715 ἇν-

2118 3742 2352 3807 θρωπον
2373 3740 2502 3793 κατ’
2521 3740 2726 3792 εἰκόνα
2754 3739 3053 3808 ἡμετέραν
3075 3740 3175 3794 καί
3215 3742 3521 3813 ὁμοίωσιν.
3549 3743 3694 3814 Πρὸς

2117 3820 2238 3874 τίνα
2264 3820 2602 3890 διαλέγεται;
2635 3820 2870 3893 Εὔδηλον
2901 3823 2982 3875 ὅτι
3012 3823 3148 3895 πρὸς
3176 3823 3267 3878 τὸν
3288 3825 3566 3896 Μονογενῆ
3600 3826 3694 3881 τὸν

2118 3902 2334 3957 ἐαυτοῦ.
2369 3904 2477 3957 Kal
2500 3905 2602 3957 οὐκ
2633 3900 2775 3967 εἶπε,
2808 3905 3065 3977 Ποίησον,
3103 3906 3188 3959 ἵνα
3211 3906 3286 3978 μὴ
3311 3908 3542 3979 νομίσῃς
3570 3908 3693 3962 δου-

2116 3983 2265 4037 λικὸν
2294 3981 2435 4038 εἶναι
2470 3985 2751 4056 ἐπίταγμα
2782 3986 2843 4039 τὸ
2872 3987 3188 4058 λεγόμενον,
3215 3987 3372 4053 ἀλλὰ,
3416 3989 3689 4056 Ποιήσω-

2109 4082 2259 4137 μεν,
2311 4065 2400 4119 ἶνα
2453 4066 2542 4121 διὰ
2587 4067 2684 4126 τοῦ
2737 4070 3018 4140 σχήματος
3067 4071 3169 4140 τῆς
3222 4069 3529 4142 συμϐουλῆς
3580 4071 3693 4127 τῶν

2116 4147 2378 4219 ῥημάτων
2407 4146 2468 4200 τὸ
2496 4149 2761 4220 ὁμότιμον
2790 4150 3094 4224 ἐκκαλύψῃ.
3148 4151 3287 4204 Ποτέ
3328 4152 3429 4223 μὲν
3453 4152 3563 4225 γὰρ
3594 4154 3687 4208 λέ-

2113 4246 2268 4299 γεται
2299 4230 2601 4301 σύμϐουλον
2625 4230 2770 4302 ἔχειν
2799 4233 2829 4285 ὁ
2856 4232 3011 4299 Θεὸς,
3054 4233 3188 4286 ποτέ
3213 4234 3270 4287 δὲ
3303 4235 3377 4307 μὴ
3408 4235 3573 4307 ἔχειν,
3624 4240 3688 4292 οὐ

2113 4312 2215 4383 τῆς
2241 4313 2464 4386 Γραφῆς
2498 4315 2664 4385 ἑαυτῇ
2719 4316 3051 4386 μαχομένης,
3102 4316 3219 4370 ἀλλ’
3259 4318 3546 4390 ἀπόρρητα
3596 4321 3688 4374 δό-

2113 4410 2303 4464 γματα
2334 4394 2783 4465 ἐκκαλυπτούσης
2829 4398 2961 4467 ἡμῖν
2987 4396 3054 4450 δι’
3088 4399 3414 4471 ἀμφοτέρων
3454 4401 3684 4459 τούτων.

2115 4476 2286 4533 Ὅταν
2312 4478 2408 4548 μὲν
2439 4479 2550 4548 γὰρ
2576 4478 2639 4531 τὸ
2663 4477 2913 4542 ἀνενδεές
2956 4479 3122 4533 αὐτοῦ
3168 4484 3519 4552 παραστῆσαι
3554 4485 3683 4554 βού-

2112 4558 2293 4630 ληται,
2325 4561 2489 4631 φησὶν
2510 4561 2616 4614 οὐκ
2637 4559 2782 4631 ἔχειν
2808 4560 2974 4617 αὐτὸν
3009 4562 3309 4634 σύμϐουλον
3327 4581 3343 4597 ·
3381 4566 3508 4619 ὅταν
3532 4566 3589 4619 δὲ
3621 4568 3685 4621 τὸ

2110 4641 2371 4713 ὁμότιμον
2397 4641 2495 4695 τοῦ
2526 4642 2894 4712 Μονογενοῦς,
2920 4643 3222 4715 σύμϐουλον
3260 4645 3416 4699 καλεῖ
3436 4647 3526 4701 τὸν
3558 4648 3686 4701 Υίὺν

2108 4723 2203 4777 τοῦ
2228 4724 2383 4779 Θεοῦ.

2178 4807 2292 4860 Kal
2310 4808 2399 4860 ἵνα
2434 4806 2613 4881 μάθῃς
2639 4806 2812 4862 ταῦτα
2838 4809 3148 4881 ἀμφότερα,
3175 4811 3257 4866 ὅτι
3286 4829 3349 4864 τε
3376 4812 3682 4882 σύμϐουλον

2105 4890 2198 4945 τὸν
2231 4890 2358 4944 Υίὸν
2385 4891 2642 4944 καλοῦσιν
2669 4893 2719 4945 οί
2743 4893 3018 4964 προφῆται
3042 4896 3090 4959 ⁸,
3115 4894 3214 4964 οὐχ
3244 4894 3321 4958 ὡς
3347 4895 3441 4949 τοῦ
3466 4892 3683 4967 Πατρὶς

2103 4972 2359 5044 δεομένου
2392 4971 2721 5043 συμϐουλῆς,
2778 4974 2895 5029 ἀλλ’
2944 4976 3029 5029 ἵνα
3079 4975 3174 5029 τοῦ
3213 4977 3550 5046 Μονογενοῦς
3582 4978 3682 5048 τὴν

2103 5056 2270 5127 τιμὴν
2301 5055 2582 5126 μάθωμεν,
2616 5056 2710 5110 καὶ
2746 5057 2829 5111 ὅτι
2854 5057 3016 5114 πάλιν
3055 5059 3117 5112 ού
3142 5060 3314 5115 δεῖται
3347 5061 3677 5131 συμϐούλου,

2102 5138 2335 5193 ἄκουσον
2376 5138 2474 5190 τοῦ
2509 5137 2723 5192 Παύλου
2766 5138 3014 5207 λέγοντος
3034 5158 3049 5172 ⁸
3086 5142 3149 5197 Ὢ
3176 5142 3372 5210 βάθος
3408 5145 3679 5199 πλούτου

2103 5220 2203 5275 καὶ
2234 5221 2457 5291 σοφίας
2487 5222 2587 5277 καὶ
2627 5221 2904 5292 γνώσεως
2930 5224 3109 5286 Θεοῦ,
3135 5226 3217 5291 ὼς
3234 5226 3680 5296 ἀνεξερεύνητα

2103 5304 2175 5359 τὰ
2193 5304 2444 5373 κρίματα
2467 5305 2676 5372 αὑτοῦ,
2707 5304 2807 5358 καὶ
2838 5306 3286 5376 ἀνεξιχνίαστοι
3312 5311 3374 5364 αι
3400 5308 3528 5363 ὁδοί
3565 5312 3669 5364 αὐ·

2100 5386 2245 5445 τοῦ]
2266 5387 2361 5453 Τίς
2393 5386 2504 5457 γὰρ
2525 5386 2677 5456 ἐτνω
2699 5387 2852 5442 νοῦν
2878 5391 3122 5458 Κυρίου,
3149 5390 3188 5460 ἢ
3210 5391 3302 5458 τίς
3327 5392 3675 5460 σύμϐουλος

2168 5506 2192 5570 f
2217 5501 2495 5570 Alilafafév.
2533 5504 2749 5570 Ultaun
2770 5505 2922 5570 legio
2939 5507 3161 5570 quadrat.

2101 5561 2185 5690 μετ
2214 5564 2365 5614 Savil.
2392 5565 2643 5628 Μανιχαίῳ
2662 5561 2742 5614 καὶ
2760 5567 2861 5623 τοῖς
2879 5561 2981 5617 κατ’
3000 5570 3196 5629 ἐκεῖνον,
3236 5572 3289 5617 et
3310 5567 3432 5617 Infra
3456 5568 3522 5630 μὴ
3540 5568 3675 5625 δεξα-

2160 5641 2271 5681 νοις.

2164 5689 2189 5725 5
2206 5686 2359 5753 βαγὶι.
2395 5691 2447 5753 c_l
2467 5690 2679 5753 (ιυᾳῑυοιῄ
2695 5689 2891 5753 ορίιὶοεε
2914 5688 3061 5751 μάθῃς
3083 5689 3249 5753 ταῦτα
3266 5690 3507 5753 ἀμᾳξὸτερα
3528 5690 3601 5737 ὅτι
3620 5707 3672 5740 τι

2097 5748 2362 5819 σύμϐουλον
2378 5748 2461 5819 τὸν
2485 5740 2589 5819 Ϋῑὸν
2607 5747 2834 5819 καλοῦσιν
2856 5753 2900 5819 οξ
2915 5740 3186 5819 apag-ﬁrm,
3212 5740 3379 5800 Muﬁﬂ.
3413 5740 3561 5815 μάθῃς
3595 5753 3671 5801 ὅτι

2094 5808 2244 5859 ταῦτα
2265 5808 2504 5871 ἀμφότερα
2525 5809 2603 5857 τὸν
2632 5811 2733 5858 ι’ίὸν
2756 5808 2982 5859 καλοῦσιν
3009 5808 3051 5860 οί
3076 5808 3331 5877 προφῆται.
