4062 6166
302 262 410 319 797

304 371 567 432 imminui.
593 366 941 429 Circumdant
976 372 1212 421 sanctam
1257 364 1394 422 hanc
1432 361 1608 422 navim
1636 359 1892 418 continuo

305 469 599 533 tempestas
626 468 681 516 et
717 458 909 526 hiems,
952 457 1412 527 procellarumque
1445 466 1526 508 vis
1557 467 1572 506 :
1613 466 1720 506 non
1761 452 1887 506 sub-

305 561 619 624 merguntur
663 558 841 604 tamen
883 547 972 618 qui
1020 547 1073 603 in
1117 561 1178 602 ea
1209 545 1478 614 navigant.
1511 541 1892 610 Undecumque

309 645 568 702 invadunt
597 641 862 697 lueretica:
899 639 1150 705 ﬂammm,
1179 647 1232 692 et
1254 636 1342 706 qui
1371 635 1421 689 in
1451 633 1626 696 medio
1653 641 1775 693 sunt
1805 646 1893 686 ca-

309 739 478 803 mino,
515 750 637 795 rore
675 732 937 802 Spirituali
969 729 1334 802 perfruuntur.
1367 728 1473 788 Est
1501 737 1554 782 et
1573 726 1685 783 .boe
1714 725 1892 786 admi-

309 828 500 893 rabile,
529 824 670 896 quod
697 822 940 879 videmus
965 823 1020 877 in
1049 822 1146 874 hac
1168 827 1319 888 parte
1347 818 1574 873 civitatis
1598 816 1890 878 Ecclesiam

309 918 445 972 banc
474 917 786 985 plantatam,
835 921 888 974 et
931 911 1272 968 nihilominus
1303 908 1459 979 .quasi
1507 908 1561 962 in
1605 905 1778 960 medio
1801 920 1892 960 Ca-

308 1009 454 1063 miuo
500 1008 674 1062 oleam
719 1005 1130 1076 germinantem,
1179 1001 1425 1072 foliisque
1471 1010 1790 1065 comantem,
1841 1007 1892 1053 et

309 1097 485 1152 fructu
533 1111 770 1167 gravem.
817 1095 978 1165 Igitur
1022 1109 1142 1148 cum
1197 1108 1292 1149 vos
1344 1103 1449 1147 tam
1497 1092 1706 1152 ,eordati
1753 1091 1889 1156 sitis,

312 1197 526 1256 tamque
556 1186 736 1245 multis
765 1186 916 1238 bonis
954 1185 1118 1253 digni,
1153 1198 1249 1253 age
1279 1191 1523 1252 prompto
1553 1181 1729 1238 studio
1770 1196 1894 1250 pro-

311 1279 616 1334 missionem
643 1293 810 1345 nuper
831 1277 984 1330 .vobis
1019 1277 1207 1330 factam
1238 1275 1539 1329 reddamus.
1570 1275 1719 1328 Tunc
1747 1275 1888 1328 enim

312 1371 377 1423 de
397 1369 558 1422 armis
593 1367 753 1422 David
782 1375 835 1420 et
861 1365 1069 1424 Goliath
1097 1366 1236 1435 apud
1260 1381 1353 1420 vos
1389 1365 1892 1434 philosophabamur

312 1458 390 1526 (l.
414 1457 541 1528 Reg.
566 1456 678 1528 l7),
710 1456 1051 1520 ostendentes
1069 1457 1207 1510 hunc
1228 1456 1437 1525 quidem
1463 1457 1740 1524 omnigena
1764 1470 1888 1524 gra-

311 1549 464 1618 vique
490 1558 758 1602 armatura
788 1547 1018 1616 undique
1040 1548 1320 1614 munitum,
1352 1545 1497 1602 illum
1526 1555 1704 1608 autem
1727 1548 1890 1601 armis

309 1640 532 1706 nudum,
589 1639 696 1696 ﬁde
745 1639 1178 1705 munitissimum,
1233 1646 1289 1693 et
1342 1638 1483 1694 hunc
1527 1639 1738 1708 quidem
1791 1655 1888 1693 ex-

308 1731 572 1793 trinsecus
597 1730 848 1802 fulgidum
877 1730 1094 1786 thorace
1129 1740 1183 1784 et
1218 1739 1390 1796 scuto,
1415 1713 1566 1784 illum
1594 1741 1770 1784 autem
1803 1730 1887 1783 in-

310 1830 394 1876 tus
415 1824 606 1892 spiritu
635 1832 690 1878 et
707 1823 875 1894 gratia
899 1823 1214 1889 radiantem,
1241 1831 1401 1892 atque
1418 1823 1565 1876 .bauc
1587 1822 1654 1875 ob
1675 1834 1886 1876 causam

312 1929 341 1967 a
367 1929 539 1982 puero
568 1914 855 1969 certamine
881 1915 1078 1968 victum
1100 1915 1378 1982 juvenem,
1421 1929 1452 1968 a
1482 1913 1624 1970 nudo
1664 1927 1888 1981 supera-

311 2012 426 2058 tum
457 2015 738 2070 armatum,
776 2019 806 2059 a
834 2015 1045 2074 pastore
1084 2013 1404 2075 prostratum
1451 2004 1691 2067 militem,
1739 2019 1769 2058 a
1798 2019 1888 2072 pa-

315 2094 532 2148 storalis
555 2095 735 2163 lapidis
763 2104 945 2148 natura
975 2094 1147 2148 bellici
1177 2095 1300 2148 teris
1329 2102 1570 2148 naturam
1594 2093 1884 2148 contritam

310 2193 364 2240 et
383 2184 767 2242 labefactatam.
795 2185 1028 2242 Proinde
1052 2194 1106 2239 et
1135 2200 1232 2238 nos
1259 2185 1484 2252 lapidem
1517 2185 1664 2238 illum
1696 2185 1746 2238 iu
1774 2199 1889 2237 ma-

308 2290 408 2329 nus
445 2276 786 2344 accipiamus,
832 2276 1139 2346 angularem
1170 2277 1316 2330 illum
1351 2285 1405 2332 et
1445 2276 1772 2345 spiritualem
1805 2276 1888 2331 in-

306 2382 486 2435 quam.
533 2369 590 2423 Si
616 2369 758 2423 enim
797 2369 960 2423 Paulo
987 2368 1348 2439 pliilompbari
1385 2368 1535 2428 licuit
1560 2369 1627 2423 de
1652 2377 1798 2436 petra
1833 2370 1884 2423 in

306 2458 592 2514 solitudine
629 2459 704 2530 (l.
734 2459 851 2514 Cor.
885 2460 972 2514 10.
1004 2459 1079 2529 4),
1122 2475 1293 2529 neque
1338 2460 1490 2516 nobis
1521 2461 1639 2529 quis
1659 2475 1885 2523 succcn-

305 2549 465 2615 sebit,
511 2551 557 2604 si
608 2550 834 2620 lapidem
893 2552 1037 2606 illum
1085 2553 1280 2606 eodem
1337 2552 1494 2610 modo
1541 2553 1882 2621 accipiamus.

301 2639 433 2694 Nam
471 2641 611 2696 sicut
656 2657 760 2696 non
794 2652 978 2697 natura
1021 2652 1183 2713 petrae
1209 2642 1429 2701 visibilis
1467 2645 1605 2713 amid
1648 2645 1879 2710 Judmos,

302 2729 398 2784 sed
438 2731 608 2785 virtus
635 2732 923 2800 spiritualis
955 2743 1120 2802 petra:
1164 2735 1443 2789 emittebat
1481 2735 1687 2790 illarum
1717 2750 1882 2802 aqua-

302 2836 422 2876 rum
465 2822 682 2878 ﬂumina
707 2839 722 2887 ;
751 2823 824 2878 ita
857 2825 1044 2894 utique
1089 2825 1224 2894 apud
1273 2825 1432 2886 David
1476 2840 1582 2879 non
1618 2825 1884 2880 sensibilis

302 2911 397 2965 sed
438 2912 729 2980 spiritualis
772 2913 907 2983 lapis
947 2914 1277 2970 barbaricum
1325 2915 1450 2968 illud
1481 2924 1638 2983 caput
1666 2915 1880 2984 dejecit.

300 3000 391 3056 Sic
431 3017 643 3072 quoque
669 3003 1055 3073 pollicebamur
1089 3006 1261 3068 vobis,
1305 3006 1434 3060 nihil
1481 3021 1547 3060 ex
1590 3005 1882 3064 ratiociniis

303 3092 563 3150 dicturos.
609 3093 804 3149 Nostra
828 3097 960 3149 enim
983 3113 1152 3161 anno,
1183 3113 1283 3150 non
1319 3097 1568 3160 carnalia,
1609 3097 1696 3154 sed
1723 3096 1879 3166 spiri-

301 3184 487 3247 tnalia,
537 3185 843 3240 destruentia
883 3187 1123 3251 rationes,
1170 3195 1216 3240 et
1266 3204 1462 3242 onmem
1506 3185 1878 3252 sublimitatem,

298 3288 418 3343 quae
461 3289 616 3341 super
657 3284 841 3329 terram
883 3292 988 3332 sese
1029 3275 1224 3332 extollit
1268 3284 1441 3335 contra
1476 3276 1740 3336 scientiam
1785 3274 1884 3328 Dei

298 3363 382 3432 (2.
417 3364 537 3419 Cor.
571 3365 657 3422 lO.
687 3366 740 3421 4.
770 3364 849 3436 5).
881 3366 1210 3436 Ρνωοθῃιιιιη
1248 3367 1400 3422 nobis
1439 3375 1540 3432 est,
1583 3374 1760 3428 utens
1788 3366 1883 3422 de-

296 3455 609 3521 moliamur,
639 3471 742 3510 non
765 3466 1099 3512 exstruamus
1128 3474 1141 3510 :
1168 3457 1485 3525 imperatum
1513 3457 1666 3516 nobis
1690 3466 1792 3522 est,
1825 3464 1883 3510 ut

292 3562 393 3602 eas
417 3547 790 3613 dissolvamus,
820 3563 924 3602 non
949 3563 1250 3615 armemus;
1279 3549 1566 3606 Ratiorinia
1593 3549 1724 3604 enim
1747 3565 1880 3602 mor-

295 3640 481 3693 talium
503 3641 680 3693 timida
703 3650 820 3695 sunt
842 3640 995 3712 (δαν).
1018 3643 1071 3694 9.
1102 3641 1210 3712 14).
1231 3641 1366 3706 Quid
1391 3640 1522 3696 illud
1550 3650 1634 3695 est
1659 3641 1880 3695 timida?

290 3731 563 3798 Timidus,
613 3732 822 3787 etiamsi
875 3747 1064 3788 securo
1103 3733 1219 3786 loco
1255 3733 1506 3795 ambulet,
1552 3748 1658 3786 non
1696 3731 1875 3796 audet,

289 3823 394 3879 sed
419 3823 669 3878 formidat
694 3839 758 3878 ac
784 3823 1011 3894 trepidat
1038 3841 1053 3878 :
1082 3824 1152 3879 ita
1177 3824 1319 3894 quod
1347 3824 1635 3880 ratiociniis
1659 3824 1879 3880 demon-

290 3924 525 3971 stratum
553 3925 654 3982 est,
693 3915 900 3984 etiamsi
938 3931 1122 3970 verum
1158 3916 1245 3982 sit,
1278 3915 1509 3971 nondum
1541 3923 1714 3974 tamen
1751 3916 1879 3970 satis

290 4013 442 4060 certa
493 4015 833 4074 argumenta,
877 4005 1203 4076 dignamque
1253 4005 1408 4061 fidem
1459 4007 1652 4063 animae
1700 4007 1874 4061 aﬂ‘ert.

290 4095 531 4151 Proinde
559 4095 680 4164 quia
709 4104 848 4152 tanta
876 4097 1143 4154 rationum
1174 4097 1454 4153 infirmitas
1474 4106 1576 4166 est,
1603 4113 1700 4170 age
1728 4098 1876 4156 Scri-

289 4187 470 4257 pturis
495 4195 683 4242 contra
704 4187 1036 4246 adversarios
1066 4204 1376 4259 pugnemus.

366 4277 654 4345 Scriptura:
681 4279 954 4336 auctoritas
983 4279 1146 4348 potior
1166 4279 1460 4334 rationibus.
1485 4309 1559 4320 -—
1585 4279 1736 4336 Unde
1773 4281 1874 4350 igi-

291 4376 382 4422 tur
409 4368 670 4428 sermonis
694 4367 966 4430 exordium
999 4370 1358 4428 sumendum?
1397 4370 1550 4431 Unde
1578 4373 1727 4427 vobis
1761 4374 1875 4440 pla-

291 4455 479 4522 cebit,
533 4457 649 4516 sive
691 4472 756 4511 ex
812 4457 994 4525 Nova,
1045 4459 1163 4514 sive
1212 4475 1280 4521 ex
1328 4459 1526 4519 Veteri.
1572 4460 1688 4516 Non
1733 4462 1874 4516 enim

290 4549 472 4608 solum
513 4549 565 4608 in
604 4549 897 4619 evangeliis
941 4561 992 4608 et
1029 4552 1334 4620 apostolicis
1359 4552 1554 4620 verbis,
1599 4553 1694 4609 sed
1739 4553 1874 4609 etin

289 4641 578 4712 prophetis
617 4652 673 4694 et
720 4642 771 4696 in
815 4651 928 4697 tota
959 4642 1140 4706 Veteri
1183 4643 1298 4713 lege
1336 4644 1620 4713 fulgentem
1664 4645 1874 4700 abunde

292 4730 572 4802 Unigeniti
591 4727 820 4798 gloriam
840 4729 1024 4788 videre
1053 4733 1196 4791 licet.
1231 4734 1404 4801 Unde,
1433 4751 1549 4791 mea
1585 4738 1870 4804 sententia,

290 4831 458 4876 etiam
497 4821 622 4875 inde
651 4820 908 4879 adversus
948 4822 1070 4879 illos
1105 4824 1436 4894 corripienda
1482 4835 1605 4881 sunt
1645 4827 1768 4881 tela.
1801 4827 1872 4882 Ita

291 4911 437 4964 enim
466 4925 573 4965 non
599 4911 720 4967 illos
756 4920 981 4980 tantum,
1012 4913 1105 4969 sed
1133 4925 1188 4976 et
1211 4916 1408 4970 multos
1435 4917 1567 4972 alios
1584 4917 1872 4973 haereticos

231 5029 234 5032 ~
289 4997 459 5058 simul
495 5007 845 5068 prosternere
869 5003 1189 5070 poterimus,
1221 5005 1477 5067 videlicet
1505 5004 1862 5072 Marcionem,

287 5087 672 5152 Manichaeum,
701 5088 1078 5157 Valentinum,
1103 5091 1524 5166 Judaeurumque
1544 5106 1718 5154 cretus
1747 5113 1865 5153 om-

286 5199 410 5238 nes.
450 5179 586 5242 Nam
624 5183 768 5243 sicut
808 5198 934 5242 eum
984 5199 1013 5237 a
1049 5183 1253 5245 Davide
1287 5194 1600 5256 prostratus
1637 5197 1720 5244 est
1755 5189 1862 5245 ϐο-

285 5275 420 5328 liatb
456 5275 530 5341 (l.
574 5274 697 5344 Reg.
737 5275 822 5330 l7.
866 5276 978 5346 5|),
1029 5277 1082 5332 in
1130 5277 1316 5348 fugam
1349 5280 1511 5336 simul
1557 5296 1750 5338 versus
1779 5291 1863 5338 est

285 5366 470 5419 omnis
511 5366 907 5437 allophylorum
952 5368 1227 5425 exercitus
1283 5378 1387 5425 :et
1442 5387 1590 5428 mors
1642 5373 1860 5442 quidem

284 5454 453 5508 unius
509 5456 760 5525 corporis
816 5466 871 5511 et
921 5459 1207 5527 percussio
1265 5461 1428 5516 unius
1480 5462 1676 5532 capitis
1721 5472 1858 5530 erat,

291 5544 418 5614 fuga
459 5553 641 5604 autem
677 5549 1008 5609 communis.
1048 5558 1100 5605 et
1132 5551 1298 5606 timor
1329 5551 1496 5607 totius
1528 5554 1804 5612 exercitus
1843 5575 1856 5610 :

300 5638 373 5694 ita
413 5645 469 5692 et
521 5637 567 5692 si
608 5654 708 5695 nos
757 5653 918 5698 unam
964 5641 1213 5697 haeresim
1261 5643 1655 5713 dcjeccrimus,
1707 5660 1860 5706 coul~

1557 245 1823 308 CONTRA
1869 241 2239 303 ANOMiEOS.
2281 246 2370 302 Xl.

3477 253 3584 308 798

2006 356 2187 411 munis
2243 358 2348 411 erit
2421 367 2863 414 enumeratorum
2915 364 3156 418 omnium
3242 363 3569 435 proﬂigatio.

2076 445 2362 499 Manichwi
2397 444 2696 516 Prophetas
2729 449 3311 518 rejieiunt.-Manicba:i
3337 455 3482 515 enim
3510 465 3576 509 et

2000 539 2089 607 qui
2123 539 2330 594 illorum
2359 540 2548 597 morbo
2585 541 2852 610 laborant,
2882 543 3130 599 videntur
3153 546 3396 616 accipene
3417 546 3579 604 Cirris

1999 638 2138 686 stum
2169 632 2255 700 qui
2283 631 2599 701 praedicatur
2620 650 2633 686 :
2655 633 2944 704 prophetas
2958 643 3132 692 autem
3154 636 3577 706 etpatriarchas,

1998 721 2088 791 qui
2120 722 2265 776 illum
2299 723 2608 792 praedicant,
2635 733 2984 781 contemnunt
3011 744 3025 780 :
3058 735 3242 786 contra
3265 727 3433 785 Judaei
3457 744 3582 797 eos,

1997 810 2712 882 qtti.Cbristum.prmdicant,
2749 816 2994 886 accipere
3031 817 3297 884 videntur,
3345 817 3574 888 pmphe-

2000 911 2099 967 tas,
2115 903 2334 971 inquam
2356 943 2372 970 ,
2405 911 2460 959 et
2498 905 2854 974 legislaturem
2879 921 3032 962 suum
3060 925 3073 962 :
3103 909 3369 968 Christum
3390 920 3575 965 autem

1997 995 2085 1066 qui
2109 995 2176 1047 ab
2204 995 2307 1048 illis
2334 997 2669 1064 praedicatur,
2699 1008 3064 1054 contemnunt.
3095 1000 3257 1069 Igitur
3283 1003 3326 1056 si
3357 1002 3576 1058 favente

1996 1085 2163 1154 gratia
2193 1086 2284 1140 Dei
2315 1087 2856 1144 demonstraverimus
2886 1107 3129 1160 magnam
3159 1095 3412 1162 unigeniti
3442 1097 3562 1165 .glo-

1995 1175 2127 1229 riam
2158 1175 2210 1230 iu
2247 1176 2420 1232 Veteri
2445 1178 2774 1247 prmdictatn,
2799 1183 2974 1236 omnia
2999 1183 3084 1237 illa
3100 1185 3216 1239 Deo
3235 1187 3455 1241 adversa
3481 1203 3573 1244 ora

1994 1263 2305 1335 linguasque
2354 1267 2686 1336 blasphemas
2731 1269 3118 1328 eonfuudemus
3177 1283 3230 1329 et
3271 1292 3575 1346 compesce-

1995 1359 2287 1420 mus.Nam
2309 1359 2352 1412 si
2383 1361 2578 1428 liqueat
2603 1361 2870 1416 Christum
2918 1365 2971 1417 in
3015 1365 3191 1420 Veteri
3235 1370 3575 1424 'l‘esmmento

1995 1449 2293 1518 praedicari,
2313 1465 2423 1519 qua
2446 1465 2503 1505 se
2530 1451 2838 1508 dei‘ensione
2869 1456 3180 1511 tutabuntur
3203 1458 3498 1527 Manicbmi,
3522 1471 3576 1514 et

1993 1542 2170 1594 caeteri
2215 1541 2304 1610 qui
2353 1556 2473 1596 cum
2517 1544 2619 1596 illis
2660 1545 2984 1613 Scripturam
3029 1557 3398 1615 contemnunt,
3455 1567 3574 1619 quae

1995 1634 2245 1702 praedicat
2275 1635 2418 1688 illum
2441 1651 2777 1691 communem
2793 1639 3041 1692 omnium
3074 1641 3396 1696 Dominum?
3419 1642 3571 1709 Quod

1994 1723 2120 1777 item
2148 1724 2397 1793 effugium
2428 1727 2540 1779 .erit
2577 1725 2800 1793 Judmis,
2834 1745 2990 1794 quam
3033 1731 3240 1784 veniam
3286 1732 3574 1786 merebun-

1994 1824 2095 1879 tur,
2126 1815 2214 1884 qui
2241 1831 2269 1868 a
2297 1817 2571 1885 prophetis
2591 1820 3004 1887 prarnunciatum
3039 1838 3141 1875 non
3171 1823 3502 1892 suscipiunt?

2061 1906 2117 1959 2.
2156 1905 2407 1966 Divinitas
2428 1907 2552 1962 Filii
2581 1909 2822 1979 probatur
2844 1927 2908 1965 ea:
2928 1913 2952 1966 1
2981 1912 3238 1967 Genes.—
3258 1914 3437 1984 Itaque
3453 1931 3570 1969 cum

1990 1997 2198 2052 abunde
2222 1997 2290 2051 de
2318 1999 2396 2052 eis
2422 2000 2746 2070 triumphare
2774 2005 3056 2072 possimus,
3078 2021 3379 2060 sermonem
3409 2008 3473 2061 ad
3507 2009 3570 2061 li-

1992 2089 2116 2142 bros
2137 2090 2456 2146 vetustiores
2483 2100 2772 2157 vertamus,
2795 2101 2848 2146 et
2870 2093 2936 2146 ad
2975 2094 3145 2162 ipsum
3181 2097 3270 2166 qui
3313 2097 3431 2151 aliis
3465 2112 3573 2150 om-

1989 2182 2145 2236 nibus
2171 2182 2429 2236 vetustior
2449 2191 2550 2246 est,
2579 2182 2646 2236 ad
2675 2183 2946 2248 Genesim,
2977 2185 3213 2254 inquam,
3237 2196 3292 2241 et
3315 2188 3381 2241 ad
3414 2199 3573 2256 caput

1989 2271 2264 2327 Geneseos
2288 2273 2724 2329 conscendamus.
2758 2274 2910 2342 Quod
2941 2277 3081 2330 enim
3112 2277 3178 2332 de
3203 2277 3415 2333 Christo
3436 2281 3574 2334 mul-

1991 2373 2042 2418 ta
2071 2363 2266 2419 dixerit
2295 2365 2522 2437 Moyses,
2543 2367 2670 2420 audi
2691 2368 2997 2436 loquentem
3029 2369 3296 2424 Christum
3331 2389 3344 2422 :
3376 2371 3437 2426 Si
3458 2389 3567 2425 cre-

1989 2455 2170 2508 deretis
2211 2455 2400 2526 Moysi,
2453 2457 2719 2511 crederetis
2750 2459 2922 2525 utique
2953 2469 3003 2513 et
3047 2461 3186 2527 mihi,
3232 2477 3349 2514 nam
3392 2463 3455 2516 de
3492 2479 3572 2515 me

1987 2548 2187 2617 scripsit
2209 2547 2385 2618 (Joan.
2415 2549 2466 2604 5.
2495 2548 2607 2622 46).
2626 2551 2847 2605 Ubinam
2872 2552 2937 2606 de
2964 2553 3054 2607 illo
3077 2553 3331 2621 scripsit?
3355 2554 3406 2607 ld
3431 2570 3571 2608 nunc

1991 2639 2264 2695 declarare
2317 2642 2656 2696 tentabimus.
2710 2643 3059 2713 Posteaquam
3125 2646 3284 2714 igitur
3335 2645 3568 2714 perfecta

1986 2731 2450 2797 omniscreatura,
2479 2733 2772 2802 caelumque
2799 2735 2946 2787 vario
2969 2734 3201 2789 siderum
3231 2735 3395 2790 choro
3414 2751 3570 2790 coro-

1988 2831 2190 2886 natum,
2219 2831 2274 2876 et
2303 2832 2445 2877 terra
2479 2825 2775 2892 omnigenis
2818 2824 3036 2879 ﬂoribus
3079 2837 3263 2881 ornata
3305 2837 3405 2894 est,
3450 2827 3567 2897 ple-

1985 2929 2160 2984 naque
2187 2930 2306 2970 cum
2327 2924 2511 2970 essent
2544 2918 2801 2970 montium
2825 2919 3121 2984 caeumiua,
3149 2919 3290 2989 pleni
3316 2920 3486 2990 campi
3513 2927 3567 2976 et

1985 3005 2170 3071 valles,
2198 3014 2251 3060 et
2281 3006 2330 3059 in
2353 3020 2584 3072 summa,
2617 3007 2789 3062 omnis
2817 3019 2970 3062 terra:
2999 3009 3157 3063 facies
3179 3010 3370 3078 plantis
3399 3022 3450 3064 et
3475 3025 3566 3065 ar-

1987 3094 2203 3149 boribus
2231 3107 2281 3150 et
2309 3095 2507 3162 herbis,
2538 3097 2945 3166 lascivircntque
2971 3114 3160 3169 greges
3193 3110 3246 3154 et
3279 3112 3515 3156 armenta
3547 3120 3563 3157 :

1986 3200 2165 3244 aerem
2204 3195 2379 3240 autem
2429 3187 2674 3256 impleret
2723 3187 2922 3244 chorus
2963 3190 3136 3242 avium
3181 3192 3564 3245 cantillautium

1986 3277 2159 3330 nativa
2188 3287 2236 3330 et
2279 3277 2532 3346 singulari
2577 3277 2780 3332 musica
2823 3295 2836 3331 :
2881 3279 3048 3332 maria
3091 3293 3300 3348 quoque
3345 3281 3566 3335 marinis

1985 3367 2304 3421 animalibus
2332 3368 2482 3436 plena
2514 3385 2529 3422 ε
2557 3368 2804 3422 similiter
2833 3379 2885 3422 et
2929 3378 3134 3438 stagna,
3175 3378 3229 3423 et
3271 3367 3467 3435 fontes,
3510 3378 3564 3424 et

1984 3460 2149 3525 ﬂuvii,
2181 3460 2426 3513 omnibus
2455 3475 2574 3528 qua:
2616 3459 2666 3512 in
2696 3459 2774 3514 eis
2793 3468 3082 3513 nascuntur
3112 3476 3126 3512 ε
3159 3459 3395 3528 nihilque
3422 3468 3564 3514 esset

1985 3550 2390 3620 imperfectum,
2433 3550 2525 3604 sed
2572 3549 2803 3620 perfecta
2845 3551 3020 3604 omnia
3059 3567 3080 3603 Δε
3126 3559 3251 3604 tunc
3292 3548 3564 3619 quzerebat

1983 3657 2176 3710 corpus
2200 3649 2378 3710 caput,
2409 3641 2596 3694 civitas
2625 3640 2938 3710 principem,
2968 3648 3207 3695 creatura
3234 3654 3436 3708 regem,
3461 3638 3561 3693 bo-

1984 3732 2178 3785 miuem
2209 3732 2440 3799 inquam.
2486 3730 2835 3784 :Formaturus
2876 3730 3038 3800 igitur
3079 3730 3250 3800 ipsum
3292 3731 3434 3784 Deus
3476 3730 3561 3784 in-

1981 3824 2113 3892 quit,
2148 3822 2420 3894 Faciamus
2442 3823 2691 3876 hominem
2719 3823 2992 3876 secundum
3019 3823 3287 3891 imaginem
3307 3833 3352 3875 et
3377 3821 3562 3876 simili-

1983 3915 2206 3970 tudinem
2227 3925 2449 3969 nostram
2472 3913 2623 3985 (Gen.
2675 3915 2726 3968 1.
2754 3914 2870 3984 26),
2901 3914 2981 3967 Ad
3013 3929 3173 3983 quem
3200 3913 3365 3966 dicit?
3388 3913 3560 3967 Mani-

1983 4007 2197 4069 festum,
2228 4007 2367 4076 quod
2395 4005 2461 4060 ad
2491 4005 2818 4075 unigenitum
2848 4019 3021 4058 suum.
3052 4003 3164 4059 Non
3188 4003 3341 4069 dixit,
3369 4003 3472 4072 fac,
3503 4014 3562 4059 ut

1981 4114 2047 4153 ne
2082 4099 2273 4154 servile
2321 4098 2517 4168 aliquid
2562 4097 2845 4165 suspiceris
2892 4106 3210 4165 praeceptum
3253 4097 3413 4150 dari:
3464 4097 3559 4151 sed

1979 4187 2125 4252 dicit,
2154 4187 2500 4257 faciamus,.ut
2546 4185 2710 4240 furma
2739 4185 3070 4240 consultandi
3100 4186 3319 4254 mqualis
3343 4186 3556 4255 detege-

1981 4287 2128 4332 retur
2155 4277 2345 4332 bonor.
2360 4277 2488 4331 Nam
2511 4278 2648 4332 Deus
2669 4276 2932 4330 interdum
2955 4276 3315 4330 consiliarium
3337 4276 3553 4343 habere,

1981 4369 2244 4425 interdum
2276 4384 2381 4422 non
2409 4369 2604 4422 habere
2633 4368 2825 4422 dicitur
2854 4384 2867 4421 :
2897 4381 2996 4422 nec
3021 4366 3121 4422 sibi
3163 4367 3262 4436 ipsi
3292 4375 3555 4438 repugnat

1979 4462 2271 4530 Scriptura,
2297 4459 2391 4515 sed
2422 4474 2519 4528 per
2547 4459 2660 4513 hmc
2698 4460 2855 4514 ambo
2896 4459 3205 4527 aperiuntur
3249 4459 3402 4514 nobis
3435 4460 3555 4514 abs-

1979 4551 2188 4608 condita
2248 4551 2516 4620 dogmata.
2571 4549 2796 4616 Quando
2853 4550 2994 4603 enim
3061 4549 3361 4620 signiﬁcare
3406 4549 3554 4616 vult,

1979 4644 2145 4699 Deum
2172 4642 2366 4696 nullius
2389 4656 2568 4711 egere,
2597 4641 2727 4695 dicit
2749 4655 2869 4695 eum
2915 4655 3021 4694 non
3062 4640 3263 4696 habere
3303 4640 3545 4694 consilia-

1978 4738 2116 4792 rium
2146 4755 2160 4791 :
2185 4737 2396 4807 quando
2423 4744 2599 4789 autem
2643 4734 2799 4788 docet
2842 4733 3096 4803 aequalem
3139 4733 3391 4803 unigeniti
3432 4732 3548 4801 glo-

1978 4829 2136 4893 riam,
2159 4825 2518 4883 consiliarium
2552 4833 2706 4878 vocat
2733 4823 2923 4878 Filium
2955 4823 3063 4877 Dei.

2047 4918 2376 4974 Consiliarius
2418 4916 2512 4970 Dei
2555 4915 2803 4968 Christus.
2829 4943 2901 4954 —
2927 4912 2995 4966 Et
3031 4920 3089 4966 ut
3128 4910 3243 4965 haec
3277 4909 3435 4964 ambo
3471 4909 3553 4964 div

1977 5024 2095 5064 scas
2114 5051 2129 5075 ,
2157 5009 2295 5077 quod
2325 5002 2798 5076 prOpbethilium
2813 5013 3002 5057 vocent
3031 5001 3412 5066 consiliarium,
3443 5015 3549 5054 non

1976 5088 2302 5170 quod'Pater
2327 5113 2460 5167 opus
2488 5097 2604 5166 ejus
2629 5095 2850 5151 consilio
2879 5095 3090 5156 habeat,
3133 5091 3226 5146 sed
3265 5099 3322 5144 ut
3368 5089 3546 5160 unige-

1978 5190 2072 5245 niti
2091 5188 2311 5259 gloriam
2341 5187 2590 5252 doceant,
2616 5196 2670 5239 et
2688 5184 2830 5254 quod
2862 5201 2965 5237 non
2994 5199 3128 5253 opus
3157 5183 3345 5236 habeat
3370 5179 3549 5234 cousi-

1978 5282 2149 5348 liario,
2173 5280 2294 5335 audi
2320 5280 2539 5335 Paulum
2573 5276 2877 5332 dicentem:
2907 5274 2952 5328 Ο
2991 5274 3204 5328 altitudo
3247 5268 3554 5326 divitiarum

1977 5374 2238 5445 sapientia:
2272 5380 2316 5426 et
2346 5371 2565 5425 scientiae
2593 5367 2728 5422 Dei!
2774 5366 2938 5432 Quam
2975 5365 3318 5419 inmutabilia
3356 5361 3552 5436 judicia

1977 5466 2086 5533 ejus
2111 5497 2126 5523 ,
2156 5470 2206 5514 et
2255 5459 2620 5529 investigabiles
2640 5458 2731 5511 vite
2759 5456 2904 5526 ejus!
2926 5456 3050 5521 Quis
3088 5456 3221 5510 enim
3259 5455 3394 5507 novit
3434 5470 3548 5508 sen-

1975 5572 2086 5610 sum
2117 5553 2363 5608 Domini?
2391 5553 2465 5605 vel
2493 5551 2602 5620 quis
2629 5548 2944 5602 consiliarius
2970 5549 3081 5618 ejus
3111 5547 3206 5617 fuit
3247 5545 3419 5612 (Rom.
3461 5550 3547 5602 ii.

1977 5649 2064 5704 35.
2099 5647 2231 5718 5i)?
2263 5645 2358 5700 Hic
2386 5645 2564 5716 itaque
2594 5658 2712 5699 eum
2745 5640 2942 5697 nullius
2970 5640 3204 5712 indigere
3241 5637 3544 5694 declaravit.
