4062 6166
445 303 552 358 799

446 417 664 472 Hcsaias
691 431 821 473 vero
861 418 1049 472 iterum
1095 420 1161 474 de
1194 422 1473 491 Unigenito
1514 423 1602 478 Dei
1647 425 1896 494 loquens,
1937 425 2015 480 sic

447 505 653 576 inquit:
688 507 752 561 Et
782 509 982 576 cupient
1010 511 1054 562 si
1099 510 1222 577 ﬁant
1264 513 1377 581 igne
1411 514 1674 567 combusti.
1721 515 1852 581 Quia
1896 531 2020 583 puer

447 608 596 652 natus
615 607 688 652 est
713 599 875 664 nobis,
902 612 947 654 et
973 602 1109 669 ﬁlius
1127 601 1273 655 datus
1299 614 1372 656 est
1398 605 1559 670 nobis,
1586 615 1633 660 et
1660 607 1912 659 vocabitur
1929 622 2016 658 no-

446 705 559 740 men
577 688 684 757 ejus
708 689 880 758 magni
907 690 1105 743 consilii
1123 691 1352 760 angelus,
1377 693 1690 747 admirabilis
1707 695 2021 748 consiliarius

445 775 631 844 (IIesai
649 776 702 831 9.
733 777 812 846 5).
845 778 911 832 Et
938 779 981 832 si
1009 779 1340 836 admirabilis
1375 783 1725 847 consiliarius,
1751 784 2021 854 quomodo

447 865 641 919 I'aulus
661 865 808 930 dicit,
842 867 966 929 Quis
999 870 1128 920 enim
1165 886 1339 924 sensus
1377 873 1509 925 novit
1535 873 1762 941 Domini,
1802 875 1878 928 vel
1909 875 2022 943 quis

446 956 766 1010 consiliarius
785 959 895 1028 ejus
921 959 1017 1026 fuit
1048 959 1220 1031 (Rom.
1255 963 1341 1016 11.
1376 964 1624 1034 ,31)ῗηὶςί
1644 968 1780 1036 quod
1804 966 2019 1031 Paulus,

445 1045 584 1098 sicut
609 1045 738 1110 dixi,
769 1047 1004 1103 indicare
1025 1051 1190 1103 voluit
1216 1051 1427 1108 Patrem
1457 1055 1602 1108 nullo
1629 1055 1884 1126 indigere,
1902 1071 2023 1125 pro-

448 1134 603 1202 pheta
627 1145 804 1191 autem
836 1139 1092 1207 :rqualem
1127 1140 1248 1193 Filii
1269 1142 1486 1211 gloriam
1509 1144 1703 1199 docere
1729 1147 1910 1199 voluit.
1940 1145 2023 1200 lil-

447 1224 591 1278 circo
618 1227 777 1279 etiam
817 1225 903 1280 hic
933 1243 1036 1281 non
1077 1227 1229 1293 dixit,
1273 1233 1375 1301 fac,
1422 1232 1536 1298 sed,
1586 1234 1852 1304 faciamus.
1890 1235 2022 1291 Illud

449 1314 614 1378 enim,
644 1319 746 1384 fac,
775 1327 1094 1384 praeceptum
1127 1329 1269 1373 esset
1292 1335 1448 1375 servo
1472 1323 1651 1376 datum
1696 1341 1711 1377 :
1754 1325 1891 1395 quod
1944 1327 2023 1381 di-

450 1421 601 1461 scere
631 1407 753 1461 inde
795 1411 1010 1476 poteris.
1060 1411 1300 1466 Accessit
1339 1412 1624 1482 aliquando
1669 1417 1910 1472 centurio
1957 1417 2023 1472 ad

449 1493 653 1560 Jesum,
683 1505 735 1550 et
759 1497 891 1550 dixit
918 1516 931 1550 :
963 1498 1194 1566 Domine,
1219 1517 1346 1571 puer
1374 1519 1509 1556 meus
1519 1506 1657 1573 jacet
1682 1507 1735 1559 in
1755 1507 1904 1561 domo
1930 1525 2024 1576 pa-

450 1584 714 1654 ralyticus,
737 1595 785 1640 et
803 1588 1018 1656 graviter
1047 1597 1303 1658 torquetur
1324 1591 1538 1661 (Matth.
1567 1593 1619 1648 8.
1650 1592 1726 1667 ti).
1758 1595 1893 1663 Quid
1929 1599 2027 1668 igi-

453 1681 542 1727 tur
575 1673 858 1729 Christus?
896 1677 1006 1747 Ego
1042 1681 1256 1744 veniam,
1285 1690 1333 1734 et
1369 1684 1554 1737 curabo
1581 1701 1694 1738 eum
1718 1684 1824 1758 (Ib.
1865 1703 1911 1740 υ.
1946 1688 2023 1759 7).

453 1763 705 1818 Centurio
726 1775 900 1821 autem
928 1783 1031 1821 non
1059 1769 1285 1824 audebat
1311 1771 1573 1827 medicum
1603 1775 1654 1828 in
1678 1775 1894 1831 domum
1923 1786 2029 1831 tra-

455 1851 604 1918 here,
633 1863 687 1908 at
712 1856 1015 1913 misericors
1050 1859 1137 1913 ille
1175 1871 1364 1929 sponte
1391 1877 1482 1917 sua
1511 1865 1857 1934 pollicebatur
1879 1881 1937 1922 se
1968 1869 2030 1920 il-

453 1943 538 1997 luc
566 1945 780 2010 iturum,
811 1957 868 2001 ut
891 1963 1104 2002 causam
1127 1959 1181 2005 et
1220 1954 1553 2009 occasionem
1598 1956 1670 2010 illi
1716 1958 1887 2025 daret,
1926 1976 2028 2029 qua

453 2036 700 2091 virtutem
725 2052 874 2092 suam
899 2041 1051 2095 nobis
1076 2041 1390 2098 declararet.
1423 2046 1682 2102 Praescius
1720 2050 1858 2102 enitn
1905 2051 2028 2120 quid

455 2126 546 2180 ille
570 2128 810 2185 dieiurns
838 2141 974 2194 erat,
1008 2132 1273 2198 pollicitus
1301 2145 1384 2188 est
1424 2151 1482 2190 se
1506 2136 1810 2203 affuturum,
1842 2149 1899 2192 ut
1929 2141 2029 2195 viri

457 2218 978 2287 pietatcmdisccres.
1011 2223 1146 2288 Quid
1186 2225 1328 2278 enim
1367 2226 1442 2279 ait
1479 2229 1752 2282 centurio?
1795 2228 2029 2298 Domine,

457 2325 561 2362 non
605 2325 717 2362 sum
756 2311 960 2380 dignus,
993 2324 1046 2365 ut
1083 2315 1238 2369 intres
1278 2317 1370 2370 sub
1398 2326 1576 2370 tectum
1620 2335 1785 2373 meum
1829 2318 1930 2390 (Ib.
1977 2335 2032 2375 υ.

459 2397 538 2466 8).
570 2398 752 2469 Neque
779 2402 947 2455 morbi
982 2405 1268 2459 necessitas
1305 2421 1428 2460 eum
1473 2422 1504 2460 a
1553 2409 1747 2477 pietate
1789 2420 2044 2466 avertere

457 2489 690 2556 valebat,
725 2507 791 2546 ne
829 2494 1200 2549 excellentiam
1232 2495 1441 2551 Domini
1467 2506 1767 2566 testaretur,
1791 2500 1949 2554 etiam
1979 2502 2031 2556 in

464 2591 614 2636 tanta
641 2587 968 2642 calamitate.
1005 2588 1304 2659 Eapropter
1321 2591 1455 2646 dicit
1477 2612 1491 2646 :
1516 2593 1616 2648 Dic
1637 2604 1837 2648 tantum
1857 2597 2028 2660 verbo,

462 2680 513 2724 et
533 2672 812 2726 sanabitur
826 2692 956 2744 puer
981 2695 1146 2733 meus.
1165 2679 1306 2733 Nam
1325 2691 1374 2735 et
1389 2699 1483 2751 ego
1510 2683 1664 2738 homo
1680 2702 1818 2751 sum,
1837 2685 2031 2742 habens

465 2759 561 2813 sub
590 2778 671 2815 me
705 2763 925 2830 milites,
947 2777 997 2819 et
1020 2769 1138 2821 dico
1166 2769 1306 2834 huic,
1326 2773 1471 2838 rude,
1503 2781 1551 2827 et
1580 2775 1723 2829 vadit
1745 2787 1830 2832 :et
1850 2773 2030 2846 alteri,

464 2854 811 2916 ueni,etuenit
828 2873 846 2910 :
868 2867 916 2910 et
935 2876 1082 2915 servo
1103 2877 1236 2927 meo,
1258 2863 1345 2931 fac
1361 2864 1478 2929 hoc,
1493 2875 1538 2918 et
1552 2866 1803 2935 facit(Ib.
1821 2875 1934 2926 v.8.
1951 2871 2030 2928 9i.

530 2940 612 2993 Ad
637 2958 832 2996 servum
858 2943 1041 2998 dicitur
1063 2949 1166 3016 fac,
1207 2948 1274 2999 ad
1300 2949 1546 3019 tequalem
1569 2952 1831 3021 faciamus.
1853 2979 1924 2994 --
1944 2954 2035 3009 Vi-

461 3030 557 3085 des
583 3033 822 3098 verbum,
853 3037 957 3104 fac,
988 3049 1107 3091 esse
1135 3039 1333 3091 domini
1372 3039 1438 3093 ad
1478 3055 1691 3096 servum
1738 3043 2035 3114 loquentis?

461 3123 552 3188 At,
599 3124 865 3194 faciamus,
907 3128 1125 3181 verbum
1169 3136 1256 3184 est
1295 3129 1412 3198 ejus
1453 3133 1536 3185 cui
1579 3133 1796 3203 :rqualis
1844 3133 2032 3189 hanor.

459 3213 684 3282 Quando
726 3217 867 3271 enim
917 3232 1072 3272 servo
1112 3219 1357 3275 dominus
1405 3221 1655 3290 loquitur,
1683 3223 1853 3290 dicit,
1905 3228 1986 3295 fac
2017 3241 2036 3278 :

461 3304 673 3375 quando
701 3316 877 3360 autem
925 3307 1080 3362 Pater
1119 3309 1272 3375 Filio,
1301 3310 1448 3374 dicit,
1479 3309 1743 3379 faciamus.
1773 3309 1926 3380 Quid,
1957 3316 2036 3368 in-

460 3397 575 3466 quit
604 3396 955 3465 (licereticus),
993 3398 1035 3451 si
1079 3401 1319 3453 centurio
1356 3400 1424 3453 ita
1463 3401 1830 3470 suspicabatur
1860 3403 1875 3434 ¹
1905 3409 1920 3455 :
1949 3419 2036 3458 res

461 3495 636 3541 autem
658 3503 761 3540 non
787 3486 868 3540 sic
890 3502 947 3541 se
975 3488 1241 3544 habebat?
1267 3489 1400 3543 Num
1428 3492 1702 3560 apostolus
1735 3501 1817 3547 est
1844 3502 2035 3548 centu-

462 3576 576 3628 rio?
607 3592 728 3629 num
758 3576 1069 3646 discipulus,
1101 3589 1160 3632 ut
1198 3579 1364 3648 ipsius
1389 3580 1563 3635 verbis
1589 3580 1906 3638 credamus?
1930 3583 2034 3638 Ve-

461 3665 684 3719 risimile
712 3675 796 3720 est
814 3681 934 3719 eum
978 3683 1203 3722 errasse.
1249 3669 1414 3734 Bene,
1467 3687 1572 3724 non
1621 3682 1701 3726 est
1741 3673 2029 3744 apostolus.

463 3755 600 3823 Quid
626 3757 790 3826 ergo?
823 3758 1103 3813 Videamus
1143 3760 1284 3829 quod
1329 3762 1586 3829 sequitur.
1626 3761 1762 3816 Num
1805 3765 2036 3820 Correxit

463 3849 636 3916 ipsum
669 3847 948 3904 Christus?
985 3865 1110 3904 num
1143 3850 1435 3920 increpavit
1463 3863 1518 3906 ut
1544 3853 1766 3922 lapsum,
1793 3865 1846 3908 et
1875 3870 2034 3923 prava

463 3938 709 4008 dogmata
736 3940 1098 4011 ingerentem?
1125 3959 1248 3997 num
1275 3943 1407 3998 dixit
1443 3944 1507 3999 ad
1553 3945 1746 4014 ipsum,
1788 3944 1894 4000 Cur
1936 3946 2039 4002 hoc

465 4030 616 4095 facis,
639 4031 834 4086 homo?
861 4034 1114 4103 Majorcm
1136 4033 1202 4089 de
1228 4050 1314 4090 me
1339 4034 1505 4090 habes
1531 4037 1854 4105 opinionem,
1877 4051 2034 4106 quam

463 4139 560 4194 par
585 4134 704 4180 est:
735 4125 881 4194 plura
912 4125 1039 4180 mihi
1071 4127 1280 4194 tribuis,
1321 4142 1477 4198 quam
1507 4129 1632 4182 milii
1666 4127 1943 4194 debentur,
1971 4144 2037 4183 ex

463 4217 774 4271 auctoritate
801 4226 956 4288 putas
985 4233 1068 4272 me
1094 4218 1375 4288 imperare,
1403 4233 1522 4272 cum
1549 4235 1654 4273 non
1690 4219 1760 4274 sit
1786 4218 1910 4273 mihi
1939 4235 2036 4274 au-

461 4309 698 4364 ctoritas.
726 4308 862 4364 Num
889 4309 1020 4363 dixit
1045 4310 1148 4364 tale
1172 4309 1336 4379 quid?
1363 4309 1610 4377 Minime,
1655 4309 1752 4366 sed
1787 4310 2040 4366 stabilivit

463 4399 606 4454 illius
634 4401 970 4465 sententiam,
1004 4409 1060 4456 et
1093 4401 1436 4471 sequentibus
1475 4401 1610 4456 dixit
1657 4419 1670 4456 :
1723 4401 1879 4456 Amen
1925 4401 2037 4456 dico

463 4492 598 4545 vobis
624 4532 640 4556 ,
696 4507 851 4561 neque
873 4494 927 4545 in
963 4493 1129 4547 Israel
1174 4503 1363 4548 tantam
1407 4493 1560 4562 ﬁdem
1598 4493 1762 4546 inveni
1802 4492 1962 4565 (Ibid.
1987 4509 2034 4546 υ.

467 4581 580 4648 10).
613 4579 774 4650 Igitur
805 4582 1058 4638 Dominus
1099 4583 1363 4639 laudando
1397 4584 1676 4640 confirmat
1714 4585 2038 4640 centurionis

463 4671 646 4726 verba.
671 4669 790 4725 Jam
817 4673 959 4726 enim
991 4688 1094 4727 non
1121 4683 1246 4728 sunt
1270 4675 1594 4729 centurionis
1616 4676 1908 4741 verba,sed
1931 4676 2038 4730 Do-

464 4761 593 4815 mini
617 4762 897 4816 sententia.
928 4762 1079 4829 Quod
1108 4765 1249 4818 enim
1276 4765 1389 4833 ipse
1419 4764 1617 4832 laudat,
1633 4775 1688 4820 et
1712 4766 1915 4821 calculo
1940 4781 2039 4822 suo

465 4854 734 4923 tamquam
763 4855 898 4909 bene
917 4855 1115 4910 dictum
1155 4858 1430 4926 approbat,
1462 4873 1560 4929 pro
1595 4858 1776 4914 divino
1819 4860 2040 4916 oraculo

465 4943 764 4999 habendum
786 4947 1285 5001 estzauctoritatem
1313 4948 1453 5002 enim
1496 4963 1727 5018 superne
1763 4963 1793 5002 a
1841 4950 2038 5006 Christi

463 5033 809 5103 responsione
829 5035 1010 5089 sumit.

532 5127 586 5180 5.
641 5125 787 5180 Vetus
811 5126 1180 5182 Testamentum
1204 5145 1319 5184 cum
1344 5145 1470 5184 nouo
1499 5143 1759 5186 consonat.
1785 5164 1857 5174 —
1879 5134 2040 5191 Vides

461 5226 520 5268 ut
549 5215 754 5270 Novum
787 5217 966 5273 Veteri
999 5229 1256 5274 consonet
1284 5220 1698 5290 Testamentum,
1741 5233 1794 5277 ct
1832 5233 2037 5279 utrum-

460 5321 565 5374 que
594 5308 956 5364 auctoritatem
987 5308 1182 5366 Christi
1213 5311 1445 5367 lndicct?
1475 5314 1607 5382 Quid
1636 5315 1830 5384 igitur?
1851 5315 2038 5372 Facie-

463 5397 549 5451 bat
570 5398 782 5468 quidem
809 5401 1098 5472 hominem,
1129 5405 1222 5462 sed
1263 5417 1320 5460 ut
1353 5407 1599 5462 minister
1643 5407 1907 5466 faciebat?
1936 5409 2038 5465 Sed

527 5573 542 5604 '
583 5576 919 5646 nic_errorem
951 5585 1216 5646 susrtcatur
1254 5595 1468 5643 nuperos
1519 5583 1741 5646 quidam;
1789 5582 1876 5646 sed
1909 5584 2041 5633 locus

461 5631 782 5744 (:Otpfcﬂabet.
806 5647 915 5689 Nam
942 5631 1298 5704 Chiisostomus
1319 5631 1599 5694 knomceu'mi
1616 5631 1718 5695 haec
1729 5631 2041 5707 obiicienti-in

498 5710 513 5741 ι
655 5729 667 5741 ι

498 5710 667 5741 tuucu.

1159 307 1213 363 S.
1254 309 1528 366 JOANNlS
1565 310 2030 368 CllliYSOSl'OMl

2137 310 2396 369 RCHIEP.
2436 314 2966 374 CONSTANTINOP.
3047 383 3050 386 ,

3601 319 3707 376 800

2128 426 2249 481 audi
2276 427 2432 483 verba
2458 445 2576 499 qum
2605 441 2914 501 sequuntur,
2943 441 2997 486 et
3021 431 3218 486 desiste
3238 433 3302 488 ab
3332 432 3698 503 intempestiva

2089 503 2092 511 ’
2125 519 2485 574 contentione.
2519 519 2805 576 Enimvero
2849 533 2907 577 ut
2940 523 3092 588 dixit,
3137 521 3408 594 [faciamus
3436 524 3698 581 hominem

2128 606 2277 679 (Gen.
2310 610 2362 664 1.
2389 608 2483 681 26)
2517 626 2531 662 :
2570 627 2675 664 non
2702 611 2851 675 dixit,
2891 611 3179 667 secundum
3229 613 3510 684 imaginem
3557 628 3700 668 tuam

2127 700 2406 764 minorem,
2435 717 2606 770 neque
2621 703 2912 756 secundum
2932 703 3212 772 imaginem
3232 718 3404 757 meam
3424 704 3708 774 majorem,

2126 790 2220 846 sed
2250 790 2539 846 Secundum
2563 794 2832 864 imaginem
2855 805 3077 848 nostram
3094 834 3110 859 ,
3140 810 3330 862 nempe
3351 795 3585 848 uidimus
3604 791 3705 851 Pa—

2127 884 2224 938 tris
2253 892 2306 937 et
2329 881 2446 937 Filii
2475 884 2753 953 imaginem
2785 900 2940 938 unam
2967 900 3106 940 esse.
3125 885 3239 939 Non
3261 886 3402 939 enim
3419 884 3552 938 dixit
3577 885 3711 936 ima-

2126 975 2298 1043 gines,
2341 974 2436 1029 sed
2481 973 2759 1045 Imaginem
2796 984 3052 1041 nostram;
3093 989 3197 1029 non
3241 975 3383 1028 enim
3422 975 3540 1028 dua:
3583 983 3708 1027 sunt

2129 1065 2434 1133 inmqiiales,
2467 1065 2560 1118 sed
2593 1080 2696 1119 una
2727 1065 2987 1120 eteadem
3028 1067 3245 1136 aequalis
3275 1065 3445 1121 Patris
3485 1064 3708 1133 Filiique

2129 1153 2323 1222 imago.
2356 1153 2509 1208 Unde
2533 1162 2588 1208 et
2614 1169 2644 1208 a
2669 1154 2872 1209 dextris
2901 1155 3063 1236 jubet
3099 1154 3306 1217 sedere,
3343 1163 3403 1208 ut
3447 1155 3705 1223 utqualcm

2131 1243 2410 1311 honorem,
2440 1253 2494 1298 et
2523 1253 2835 1314 potestatem
2869 1262 2971 1298 non
3016 1245 3320 1300 inferiorem
3365 1245 3557 1300 discas.
3605 1245 3730 1299 Mi-.

2131 1335 2297 1390 nister
2315 1336 2456 1390 enim
2484 1351 2589 1390 non
2619 1335 2803 1400 sedet,
2831 1336 2922 1390 sed
2953 1344 3145 1390 adstat.
3174 1335 3306 1390 Nam
3341 1335 3481 1405 quod
3519 1335 3720 1390 sedere

2131 1427 2412 1481 dominica:
2465 1427 2740 1496 potestatis
2782 1427 2885 1492 sit,
2930 1427 3140 1482 adstare
3180 1427 3389 1482 servilis
3431 1436 3485 1482 et
3523 1427 3706 1495 subje-

2131 1529 2230 1572 cta:
2264 1519 2613 1585 conditionis,
2645 1519 2766 1574 audi
2813 1519 3083 1589 quomodo
3123 1519 3308 1575 Daniel
3346 1519 3522 1574 dicat:
3554 1519 3709 1587 Aspi-

2132 1609 2319 1661 ciebam
2359 1609 2516 1663 donec
2541 1611 2690 1680 positi
2717 1620 2834 1663 sunt
2860 1609 3049 1673 throni,
3078 1618 3124 1664 et
3151 1610 3384 1680 antiquus
3407 1609 3599 1662 dierum
3625 1624 3705 1662 se-

2133 1699 2205 1750 dit
2233 1714 2253 1752 :
2281 1697 2444 1752 decies
2470 1699 2606 1752 mille
2629 1701 2880 1769 ntyriades
2903 1698 3251 1752 ministrabant
3273 1699 3338 1762 ei,
3369 1708 3415 1751 et
3439 1698 3575 1751 mille
3595 1697 3709 1750 mii-

2135 1789 2205 1840 lia
2230 1788 2518 1842 assistebant
2548 1791 2593 1842 ei
2620 1789 2778 1860 (Dan.
2811 1791 2864 1844 7.
2895 1789 2950 1845 9.
2981 1789 3093 1859 10).
3126 1789 3194 1844 Ει
3223 1791 3412 1844 iterum
3445 1788 3661 1842 llcsaias
3694 1804 3712 1839 τ

2145 1877 2381 1931 Videbam
2407 1879 2680 1932 Dominum
2700 1880 2949 1934 sedentem
2975 1879 3375 1950 superthronum
3397 1878 3642 1931 excelsum
3664 1887 3711 1929 et

2134 1969 2400 2034 eleuatum,
2434 1978 2483 2023 et
2531 1969 2802 2038 Seraphim
2826 1969 3021 2022 stabant
3043 1969 3098 2021 in
3125 1968 3335 2021 circuitu
3363 1969 3471 2036 ejus
3501 1965 3728 2035 (IIesai-

2136 2061 2188 2113 6.
2223 2059 2296 2129 1).
2338 2058 2586 2113 Michteas
2610 2068 2824 2113 autem:
2861 2057 3290 2112 Vidi‘Dominum
3342 2056 3505 2109 Deum
3549 2054 3724 2106 Israel?

2134 2151 2384 2204 sedentem
2407 2168 2557 2222 super
2585 2152 2817 2205 thronum
2841 2167 3006 2213 suum,
3037 2159 3082 2203 et
3110 2150 3272 2202 omnis
3307 2149 3562 2202 exercitus
3599 2148 3726 2200 ειυΙὲ-

2135 2243 2300 2296 stabat
2325 2260 2357 2296 a
2382 2243 2570 2297 dextris
2595 2243 2701 2313 ejus
2721 2253 2766 2295 et
2787 2258 2817 2294 a
2837 2242 3054 2294 sinistris
3083 2242 3192 2312 ejus
3213 2239 3287 2310 (5.
3314 2239 3440 2309 Reg.
3469 2238 3560 2292 22.
3593 2237 3708 2306 19).

2137 2332 2297 2388 Vides
2346 2332 2540 2403 ubique
2584 2347 2842 2402 supernas
2884 2333 3104 2386 virtutes
3147 2332 3488 2395 assistentes,
3538 2330 3722 2398 ipsum-

2135 2435 2309 2479 autcm
2343 2424 2656 2480 sedentem?
2685 2419 2814 2478 Cum
2841 2424 2996 2493 igitur
3020 2422 3214 2477 videris
3240 2433 3294 2477 et
3316 2421 3507 2476 Filium
3529 2421 3725 2474 sedem-

2136 2531 2165 2568 a
2213 2515 2415 2569 dextris
2475 2513 2796 2577 habentem,
2845 2530 2949 2567 non
3005 2513 3354 2567 ministrantis
3401 2511 3724 2580 dignitatem-

2137 2606 2419 2675 qnamdam
2450 2615 2621 2676 putes,
2653 2606 2747 2660 sed
2789 2604 3032 2657 habentis
3064 2602 3432 2656 auctoritatem
3478 2600 3707 2653 domini-

2137 2712 2276 2750 cam.
2306 2696 2505 2751 ldcirco
2531 2704 2587 2750 et
2614 2695 2806 2750 Paulus
2832 2710 2951 2748 cum
2982 2702 3204 2762 utraque
3229 2693 3418 2756 sciret,
3448 2691 3589 2762 quod
3617 2691 3714 2745 ad-

2138 2798 2280 2843 stare
2319 2788 2732 2842 ministrantium
2763 2788 2850 2849 sit,
2879 2786 3068 2841 sedere
3111 2793 3287 2840 autem
3336 2784 3710 2854 imperantium

2139 2884 2193 2931 et
2221 2876 2639 2946 praesidentium,
2663 2876 2786 2930 vide
2813 2875 3078 2945 quomodo
3123 2875 3238 2930 luec
3275 2873 3580 2944 distinguat,
3625 2873 3714 2927 di-

2138 2983 2266 3023 cens
2290 2986 2302 3021 :
2326 2968 2529 3038 Angelis
2557 2967 2757 3036 quidem
2774 2968 2879 3021 suis
2901 2966 3080 3037 inquit,
3107 2966 3208 3032 Qui
3230 2965 3352 3037 facit
3371 2966 3576 3034 angelos
3589 2981 3714 3020 suos

2139 3060 2363 3128 spiritus,
2388 3068 2434 3111 et
2459 3059 2712 3112 ministros
2741 3074 2856 3111 suos
2883 3058 3140 3127 ﬂammam
3171 3057 3339 3126 ignis;
3363 3054 3497 3108 Filio
3515 3065 3709 3121 autem,

2140 3149 2372 3204 Thronus
2394 3158 2506 3202 tuus
2535 3149 2671 3203 Deus
2695 3149 2747 3201 in
2774 3149 3013 3203 saxulum
3034 3147 3206 3201 sa'culi
3237 3147 3424 3218 (Hebr.
3463 3149 3513 3202 1.
3542 3148 3596 3200 ’1.
3628 3147 3710 3216 8),

2142 3256 2236 3309 per
2274 3241 2523 3295 thronum
2569 3241 2766 3310 regiam
2816 3248 3132 3308 potestatem
3180 3239 3484 3308 designans.
3536 3237 3713 3306 Itaque

2140 3348 2262 3386 cum
2289 3347 2465 3386 sermo
2497 3341 2677 3386 noster
2717 3331 2933 3385 omnino
2972 3328 3205 3400 probarit
3248 3329 3367 3384 Filii
3407 3323 3732 3392 dignitatem-

2143 3439 2249 3477 non
2267 3424 2536 3488 servilem,
2559 3421 2652 3478 sed
2674 3421 2894 3477 herilem
2940 3435 3079 3486 esse,
3125 3420 3409 3474 adoremus
3445 3419 3614 3488 ipsum
3659 3426 3722 3472 ut

2143 3512 2427 3568 Dominum
2479 3521 2532 3567 et
2562 3513 2704 3566 Patri
2734 3513 2935 3565 honore
2963 3511 3284 3578 coaequalem
3317 3527 3330 3562 :
3361 3509 3440 3563 sic
3477 3508 3618 3565 enim
3660 3517 3716 3562 et

2145 3605 2259 3673 ipse
2288 3604 2540 3673 praecepit
2568 3619 2687 3657 cum
2717 3603 2869 3669 dixit,
2900 3601 2967 3658 Ut
2993 3617 3163 3655 omnes
3206 3601 3448 3654 honorent
3497 3598 3714 3664 Filium,

2141 3698 2269 3751 sicut
2309 3697 2556 3750 honorant
2598 3696 2802 3750 Patrem
2840 3694 3017 3767 (Joan.
3060 3695 3112 3750 5.
3155 3694 3274 3764 25).
3323 3692 3716 3760 (Ioniungamus

2145 3789 2268 3842 item
2297 3788 2587 3843 sinceritati
2627 3787 2931 3858 dogmatum
2969 3786 3294 3855 diligentiam
3331 3785 3451 3838 vita:
3489 3791 3545 3838 et
3583 3797 3718 3851 ope-

2145 3895 2281 3943 rum,
2312 3889 2367 3933 ut
2397 3895 2466 3934 ne
2492 3879 2806 3933 dimidiatim
2835 3891 2954 3949 qua:
2977 3878 3045 3933 ad
3071 3886 3310 3933 nostram
3339 3876 3564 3930 salutem
3588 3889 3714 3943 Spe-

2141 3978 2286 4023 οιτιηι
2314 3977 2586 4023 curentur.
2869 3975 2872 3978 ’
3413 3979 3417 3983 ’

2226 4059 2427 4114 Versari
2445 4061 2496 4113 in
2533 4059 2730 4130 templis
2755 4060 2894 4114 debet
2923 4059 3124 4114 assidue
3149 4058 3481 4113 Christianus.
3509 4087 3580 4098 —-
3598 4055 3717 4113 Iam

2145 4152 2265 4205 vitze
2291 4151 2615 4220 diligentiam
2643 4159 2697 4204 et
2726 4151 3007 4218 puritatem
3033 4149 3165 4204 nihil
3187 4149 3265 4204 sic
3299 4147 3463 4204 efficit
3498 4156 3552 4202 et
3592 4161 3718 4201 cor-

2145 4243 2285 4313 rigit.
2317 4252 2373 4296 ut
2397 4241 2646 4312 frequens
2670 4241 2754 4297 hic
2774 4251 3086 4308 conventus,
3116 4249 3173 4297 et
3202 4242 3378 4297 alacre
3401 4239 3466 4294 ad
3495 4239 3730 4294 audien«.

2143 4336 2268 4388 dum
2299 4335 2518 4390 verbum
2559 4335 2653 4389 Dei
2698 4334 2953 4388 studium.
3003 4333 3154 4402 Quod
3207 4333 3346 4387 enim
3389 4331 3598 4401 corpori
3636 4339 3722 4386 est

2143 4428 2313 4490 cibus,
2365 4427 2466 4481 hoc
2510 4427 2700 4480 animae
2741 4426 3040 4480 divinorum
3078 4425 3409 4494 eloquiorum
3451 4424 3714 4478 doctrina.

2146 4517 2268 4571 Non
2292 4517 2424 4570 enim
2450 4518 2503 4570 in
2528 4515 2638 4571 solo
2664 4533 2794 4585 pane
2811 4517 2925 4570 uiuit
2951 4517 3117 4579 homo,
3139 4516 3228 4569 sed
3250 4524 3296 4569 et
3315 4515 3369 4568 in
3393 4514 3531 4568 omni
3550 4513 3717 4575 uerbo,

2141 4608 2275 4678 quod
2311 4608 2534 4677 procedit
2573 4607 2636 4661 de
2671 4623 2758 4661 ore
2789 4605 2886 4660 Dei
2917 4605 3091 4678 (Deut.
3127 4606 3180 4661 8.
3207 4607 3243 4661 5
3283 4605 3512 4671 ;Matth.
3552 4604 3604 4659 4.
3637 4604 3718 4673 4).

2147 4698 2280 4753 llinc
2307 4707 2363 4752 et
2387 4697 2552 4753 fames
2581 4697 2764 4753 induci
2796 4698 2954 4764 solet,
2987 4698 3030 4752 si
3063 4697 3186 4750 huic
3215 4711 3412 4750 mensa:
3438 4710 3543 4748 non
3571 4708 3722 4749 com-

2145 4789 2463 4843 municetur.
2507 4787 2641 4842 Audi
2680 4786 2858 4857 itaque
2885 4786 2985 4842 hac
3008 4787 3075 4841 de
3103 4801 3161 4841 re
3187 4786 3636 4850 interminantem,
3669 4793 3730 4838 et

2144 4878 2336 4936 famem
2365 4877 2500 4932 hanc
2533 4878 2585 4932 in
2619 4877 2809 4932 ordine
2838 4876 3216 4946 suppliciorum
3243 4884 3300 4930 et
3324 4889 3602 4944 pinnarum
3639 4874 3720 4928 in-

2147 4977 2458 5024 tentantem.
2483 4967 2624 5021 Dabo
2648 4969 2778 5022 enim
2815 4967 2906 5033 eis,
2954 4966 3142 5035 inquit,
3185 4981 3286 5019 non
3325 4969 3508 5035 famem
3551 4966 3725 5034 panis.

2145 5075 2303 5128 neque
2323 5060 2454 5112 sitim
2483 5075 2646 5128 aquae,
2691 5059 2778 5112 sed
2808 5057 3258 5130 fantemraudiendi
3295 5072 3572 5109 sermonem
3613 5055 3726 5109 Do-

2145 5151 2467 5219 mini(Amos
2514 5149 2567 5203 8.
2601 5148 2712 5218 11).
2768 5147 3044 5215 Quomodo
3085 5146 3243 5216 igitur
3283 5162 3388 5200 non
3434 5139 3730 5200 absurdum

2147 5259 2244 5313 pro
2269 5243 2529 5310 corporali
2558 5243 2694 5296 fame
2719 5239 3024 5310 repellenda
3056 5241 3226 5295 facere
3246 5249 3298 5294 et
3319 5248 3583 5293 attentare
3610 5253 3724 5290 om-

2146 5333 2254 5395 nia,
2286 5334 2477 5387 anima:
2498 5342 2674 5387 autem
2717 5333 2911 5387 famem
2951 5341 3141 5400 sponte
3165 5345 3434 5398 quaerere,
3478 5327 3726 5398 quamvis

2147 5425 2314 5478 multo
2343 5423 2553 5493 gravior
2581 5425 2668 5488 sit,
2698 5432 2896 5492 quanto
2926 5421 3127 5476 scilicet
3147 5422 3358 5490 gravius
3384 5432 3466 5474 est
3494 5431 3549 5474 et
3575 5419 3723 5473 dam—

2147 5517 2310 5571 num?
2338 5517 2442 5570 Oro
2467 5525 2520 5571 et
2550 5517 2809 5585 supplico,
2843 5530 2910 5569 nc
2951 5524 3056 5568 tam
3081 5515 3237 5569 male
3274 5514 3428 5568 nobis
3469 5512 3721 5568 consula-

2149 5621 2287 5670 mus,
2315 5607 2407 5661 sed
2440 5609 2747 5674 praeferatur
2775 5606 2862 5660 hic
2893 5616 3186 5660 conventus
3207 5603 3645 5671 occupationibus
3670 5611 3721 5656 et

2148 5699 2289 5753 curis
2317 5701 2580 5753 omnibus.
2609 5697 2743 5765 Quid
2764 5698 2902 5753 enim
2923 5707 3125 5752 tantum
3155 5696 3342 5750 lucrari
3363 5703 3528 5764 potes,
3554 5708 3722 5764 quan-
