4062 6166
272 283 374 340 799

259 403 446 460 αὐτοῦ
475 403 750 475 ἐγένετο;
811 398 979 468 Οὗτος
1023 407 1120 477 μὲν
1165 400 1258 460 οῦν
1310 406 1371 460 τὸ
1403 408 1648 472 ἀνενδεές
1682 410 1843 464 αὐτοῦ

253 487 626 561 παρέστησεν,
658 489 687 539 6
717 487 1030 553 δὲ’Πσαῖας
1045 490 1206 543 πάλιν
1232 491 1360 562 περί
1388 490 1482 543 τοῦ
1511 493 1846 561 Μονογενοῦς

254 569 349 622 τοῦ
382 568 518 621 Θεοῦ
554 569 729 636 λέγων
757 568 902 623 οὕτω
943 569 1060 634 πῶς
1099 587 1261 641 φησι·
1301 572 1406 625 Καὶ
1438 573 1842 642 θελήσουσιν,

253 654 308 705 εἰ
330 650 714 722 ἐγενήθησαν
731 654 1151 720 πυρίκαυστοι,
1177 654 1268 708 ὅτι
1295 655 1535 709 παιδίον
1553 657 1843 726 ἐγεννήθη

254 737 421 805 ἡμῖν,
450 736 580 802 υίὸς
599 737 697 790 καί
721 735 900 805 ἐδόθη
925 737 1088 806 ἡμῖν,
1123 739 1222 792 καί
1271 739 1539 794 καλεῖται
1562 741 1628 794 τὸ
1658 741 1846 810 ὄνομα

254 820 445 874 αὑτοῦ
497 819 769 890 μεγάλης
830 821 1080 888 βουλῆς
1133 822 1388 890 ἅγγελος
1411 863 1426 888 ,
1499 827 1844 894 θαυμαστὸς

255 906 627 974 σύμϐουλος.
684 905 793 956 Καὶ
841 906 889 957 εί
937 904 1617 983 θαυμαστὸςβύμεουλος,
1670 908 1787 972 πῶς
1817 911 1846 962 6

258 987 470 1050 Παῦλός
509 1004 673 1056 φησι·
718 989 814 1052 Τίς
852 991 964 1056 γὰρ
1006 989 1159 1055 ἔγνω
1189 990 1341 1042 νοῦν
1367 992 1594 1058 Κυρίου
1671 991 1705 1057 ἢ
1755 993 1845 1056 τίς

255 1073 606 1139 σύμϐουλος
661 1069 852 1122 αὑτοῦ
901 1068 1172 1138 ἐγένετος
1199 1071 1321 1124 Ὅτι
1364 1073 1392 1124 ὁ
1450 1073 1547 1140 μὲν
1586 1072 1792 1136 Παῦλος
1825 1113 1841 1136 ,

264 1152 444 1216 καθὼς
470 1152 643 1222 ἔφθην
676 1151 870 1216 εἰπὼν,
918 1151 980 1204 τὸ
1016 1152 1264 1217 ἀνενδεές
1292 1154 1388 1206 τοῦ
1417 1155 1632 1226 Πατρὸς
1663 1173 1844 1227 παρα-

261 1236 456 1305 στῆσαι
497 1234 772 1304 βούλεται,
825 1235 854 1287 ὁ
895 1233 952 1287 δὲ
1007 1237 1297 1307 προφήτης
1337 1237 1400 1289 τὸ
1437 1237 1700 1308 ὁμότιμον
1748 1239 1842 1291 τοῦ

258 1317 616 1386 Μονογενοῦς.
643 1316 742 1369 Διά
763 1315 920 1369 τοῦτο
941 1317 1037 1371 καὶ
1054 1318 1286 1372 ἐνταῦθα
1303 1321 1404 1372 οὐκ
1423 1313 1566 1385 εἷπε,
1591 1321 1840 1392 Ποίησον,

258 1401 409 1466 ἀλλὰ,
445 1402 828 1469 Ποιήσωμεν·
850 1402 911 1455 τὸ
939 1401 1072 1472 γὰρ,
1105 1404 1396 1472 Ποίησον,
1441 1406 1707 1476 ἐπιταγῆς
1727 1407 1843 1461 ἐστι

259 1484 393 1555 πρὸς
429 1483 616 1538 δοῦλον
650 1485 966 1556 γινομένης,
1005 1487 1100 1540 καὶ⁸
1129 1488 1287 1559 δῆλον
1335 1490 1602 1544 ἐντεῦθεν.
1656 1492 1832 1562 Προσ-

257 1567 382 1638 ἧλθέ
413 1583 543 1621 ποτε
565 1567 969 1638 ἑκατοντάρχης
998 1568 1074 1640 τῷ
1111 1571 1308 1641 Ἰησοῦ,
1338 1573 1431 1626 καί
1453 1590 1619 1643 φησι·
1642 1574 1838 1641 Κύριε,

258 1653 290 1704 ό
317 1650 457 1716 παῖς
466 1667 586 1718 μου
601 1651 896 1718 βέϐληται
916 1651 985 1704 ἐν
1004 1649 1080 1720 τῇ
1107 1654 1264 1720 οἰκίᾳ
1292 1655 1696 1723 παραλυτικὸς
1727 1655 1842 1710 δει-

191 1735 194 1738 ’
256 1732 372 1800 νῶς
397 1732 896 1802 βασανιζόμενος.
928 1734 993 1786 Τί
1020 1729 1113 1788 οὖν
1133 1735 1163 1787 ὁ
1179 1736 1442 1805 Χριστός;
1477 1737 1624 1806 Ἐγὼ
1649 1738 1844 1793 ἐλθὼν

207 1845 214 1854 -
257 1819 607 1885 θεραπεύσω
651 1819 860 1872 αὐτόν.
923 1819 980 1871 Ὀ
1030 1819 1128 1889 μὲν
1175 1816 1270 1874 οὖν
1301 1822 1705 1892 ἑκατοντάρχης
1741 1823 1842 1876 οὐκ

259 1902 555 1974 ἐτόλμησεν
598 1900 826 1955 ἑλκύσαι
861 1901 951 1955 τὸν
1001 1902 1184 1973 ἰατρὸν
1232 1904 1312 1966 εἰς
1347 1905 1449 1975 τὴν
1486 1905 1697 1971 οἰκίαν,
1725 1905 1754 1956 ὁ
1786 1906 1843 1959 δὲ

259 1985 515 2056 κηδεμὼν
547 1984 640 2038 καὶ
672 1982 1054 2053 φιλάνθρωπος
1092 1986 1535 2056 αὐτεπάγγελτος
1576 1987 1844 2058 ὑπέσχετο

265 2069 576 2137 βαδιεῖσθαι
627 2071 822 2133 ἐκεῖσε,
881 2071 966 2122 ἵνα
1007 2070 1262 2141 ἀφορμὴν
1309 2070 1386 2141 δῷ
1427 2073 1524 2125 καὶ
1565 2073 1843 2144 πρόφασιν

266 2152 458 2222 ἐκείνῳ
493 2152 592 2222 τὴν
620 2153 816 2224 ἀρετὴν
848 2155 982 2224 ἡμῖν
1008 2153 1268 2218 ἐπιδεῖξαι
1303 2153 1402 2225 τὴν
1435 2155 1651 2210 ἐαυτοῦ.
1673 2156 1844 2222 Εἰδὼς

263 2235 371 2303 γὰρ
399 2235 543 2306 ἅπερ
575 2234 795 2305 ἔμελλεν
837 2238 1042 2300 ἐκεῖνος
1076 2237 1240 2306 ἐρεῖν,
1287 2236 1556 2308 ὑπέσχετο
1595 2255 1844 2312 παραγε-

262 2315 466 2378 νέσθαι,
524 2317 608 2369 ἵνα
641 2317 819 2388 μάθῃς
858 2319 957 2390 τὴν
983 2318 1271 2373 εὐλάϐειαν
1304 2319 1458 2391 [544]
1494 2320 1590 2374 τοῦ
1618 2321 1838 2392 ἀνδρός.

263 2394 327 2450 Τί
371 2399 480 2470 γάρ
525 2418 691 2472 φησιν
745 2403 774 2454 ὁ
827 2403 1268 2474 ἑκατοντάρχηςς
1325 2404 1537 2470 Κύριε,
1583 2405 1696 2458 οὐκ
1727 2405 1843 2473 είμί

258 2482 492 2546 ἱκανὸς,
523 2483 626 2536 ἵνα
645 2501 766 2553 μου
795 2483 915 2538 ὑπὸ
939 2483 1054 2552 τὴν
1083 2487 1310 2554 στέγην
1357 2485 1658 2555 εἰσέλθῃς.
1709 2487 1844 2541 Οὐδὲ

258 2566 289 2633 η
315 2565 414 2634 τῆς
449 2564 606 2618 νόσου
641 2567 736 2620 καὶ
761 2566 863 2637 τῆς
908 2567 1223 2638 ἀρρωστίας
1269 2568 1484 2638 ἀνάγκη
1512 2569 1610 2637 τῆς
1639 2569 1844 2634 οἰκείας

257 2647 416 2699 αὑτὸν
445 2645 661 2700 ἔπεισεν
719 2648 1072 2703 ἐπιλαθέσθαι
1128 2650 1436 2714 εὐλαϐείας,
1492 2650 1628 2704 ἀλλά
1659 2653 1755 2704 καὶ
1785 2653 1843 2704 ἐν

256 2735 319 2803 τῇ
367 2733 625 2802 συμφορᾷ
663 2731 764 2802 τὴν
800 2734 1072 2805 ὑπεροχὴν
1119 2735 1454 2803 ἐπεγίνωσκε
1503 2734 1598 2788 τοῦ
1629 2736 1838 2788 Δεσπό-

256 2833 370 2869 του.
399 2816 492 2867 Διό
517 2831 703 2886 φησιν,
737 2817 886 2869 Είπὲ
912 2819 1096 2886 λόγῳ,
1136 2815 1236 2872 καί
1265 2817 1573 2884 ἰαθήσεται
1625 2821 1658 2872 o'
1701 2819 1844 2884 παῖς

254 2916 390 2966 μου.
425 2898 537 2953 Καὶ
560 2899 670 2968 γὰρ
707 2898 822 2969 ἐγὼ
848 2898 1160 2967 ἄνθρωπός
1194 2903 1312 2969 εἰμι
1349 2900 1508 2970 ἔχων
1536 2901 1638 2954 ὑπ’
1664 2902 1846 2971 ἐμαυο

255 2982 364 3035 τὸν
415 2979 801 3051 στρατιώτας,
833 2983 933 3035 καὶ
986 2982 1142 3052 λέγω
1168 2984 1378 3047 τούτῳ,
1423 2983 1710 3049 Πορεύου,
1745 2984 1843 3040 καὶ

259 3066 590 3132 πορεύεται,
632 3066 728 3118 καί
763 3064 844 3130 τῷ
868 3064 1056 3130 ἄλλῳ,
1084 3067 1322 3134 Ἔρχου,
1350 3066 1446 3120 καὶ
1467 3067 1722 3134 ἔρχεται,
1746 3066 1846 3121 καί

256 3147 338 3212 τῷ
362 3146 564 3212 δούλῳ
585 3165 727 3217 μου,
751 3148 1022 3215 Ποίησον
1040 3148 1237 3211 τοῦτο,
1261 3147 1360 3201 καὶ
1388 3149 1562 3202 ποιεῖ.

337 3232 522 3302 Ὁρᾷς,
577 3231 660 3284 ὅτι
707 3231 788 3297 τὸ,
851 3231 1106 3302 Ποίησον,
1159 3231 1422 3284 δεσπότου
1474 3232 1610 3302 πρὸς
1659 3231 1845 3286 δοῦλόν

257 3315 376 3368 ἐστι
405 3313 829 3382 διαλεγομένους
865 3312 1078 3367 υύκοῦν
1119 3313 1200 3378 τὸ,
1236 3313 1611 3382 Ποιήσωμεν,
1656 3316 1844 3385 ὁμοτί-

259 3414 364 3467 μου
392 3398 560 3460 τινός.
594 3396 764 3452 Ὅταν
791 3393 884 3450 οὖν
913 3396 1179 3468 δεσπότης
1193 3397 1362 3468 δούλῳ
1394 3397 1548 3470 λέγῃ.
1576 3399 1846 3466 Ποίησον

255 3479 442 3548 λέγει·
503 3480 633 3533 ὅταν
695 3479 751 3531 65
828 3480 1018 3551 Πατὴρ
1085 3480 1198 3551 Υίῷ
1257 3480 1608 3551 διαλέγηται,
1671 3482 1845 3548 Ποιή-

252 3580 480 3632 σωμεν.
507 3563 574 3616 Τί
604 3559 718 3626 οῦν,
756 3564 942 3634 φησὶν,
971 3566 1019 3616 εἰ
1052 3565 1080 3616 6
1112 3565 1210 3634 μὲν
1239 3565 1644 3635 ἑκατοντάρχης
1673 3564 1847 3630 οὕτως

253 3645 574 3710 ὑπώπτευε,
606 3647 667 3699 τὺ
699 3646 756 3700 δὲ
800 3648 1032 3718 πρᾶγμα
1073 3647 1171 3716 οὐχ
1213 3645 1387 3710 οὕτως
1431 3642 1579 3718 εἶχε;
1625 3648 1700 3719 μὴ
1742 3647 1848 3719 γὰρ

251 3727 561 3791 ἀπόστολὸς
605 3730 752 3782 ἐστιν
792 3731 820 3781 6
863 3729 1305 3801 ἐκατοντάρχης;
1350 3730 1424 3800 μὴ
1455 3729 1564 3800 γὰρ
1600 3729 1849 3801 μαθητής

251 3811 430 3876 ἐστιν,
456 3811 545 3864 ἴνα
581 3811 746 3864 αὐτοῦ
789 3811 1028 3881 δὲξωμαι
1073 3813 1143 3864 τὰ
1200 3813 1454 3883 ρήματα;
1487 3813 1646 3877 Εἰκὸς
1685 3814 1847 3865 αὑτὸν

251 3892 551 3962 ἐσφάλθαι,
580 3893 733 3964 φησί.
759 3894 953 3958 Καλῶς
971 3909 986 3923 ·
1013 3895 1067 3947 τί
1093 3889 1219 3961 οῦν;
1253 3894 1478 3965 Ἰδωμεν
1499 3891 1594 3949 οὖν
1611 3895 1673 3948 τὸ
1699 3894 1843 3964 ἑξῆς.

252 3973 412 4048 τΑρα
455 3975 767 4047 διώρθωσεν
799 3978 961 4031 αὑτὸν
999 3980 1029 4034 6
1061 3980 1332 4050 Χριστόςς
1364 3975 1473 4050 ἆρα
1519 3979 1849 4049 ἐπετίμησεν

255 4062 335 4124 ὡς
362 4060 722 4131 σφαλλομένῳ
755 4063 847 4115 καὶ
878 4062 1248 4134 διεφθαρμένα
1277 4064 1549 4132 εἰσάγοντι
1573 4064 1847 4133 δόγματας

257 4141 370 4213 ἆρα
402 4139 527 4197 εἷπε
577 4144 713 4213 πρὸς
752 4145 948 4198 αὐτόν·
1001 4146 1065 4198 Τί
1109 4146 1268 4200 τοῦτο
1309 4151 1504 4213 ποιεῖς,
1557 4147 1846 4218 ἄνθρωπε;

259 4226 493 4297 μείζονα
524 4227 650 4299 περὶ
693 4228 827 4299 ἐμοῦ
856 4228 1012 4293 δόξαν
1041 4230 1206 4300 ἔχεις.
1243 4230 1276 4300 ἢ
1317 4231 1592 4302 προσῆκε·
1631 4229 1854 4283 πλείονά

262 4329 357 4382 μοι
393 4309 598 4384 χαρίζῃ
629 4310 737 4364 τῶν
769 4313 1134 4384 ὀφειλομένων
1165 4314 1321 4386 ἐμοί·
1375 4315 1432 4380 ἐξ
1465 4313 1751 4376 αὐθεντίας
1786 4330 1852 4384 με

258 4394 508 4465 νομίζεις
533 4395 842 4448 ἐπιτάττειν
865 4396 966 4449 οὐκ
987 4396 1181 4467 ἔχοντα
1207 4397 1516 4452 αὑθεντίαν.
1558 4393 1708 4470 τΑρα
1730 4396 1854 4448 εἶπέ

257 4494 311 4532 τι
362 4477 644 4542 τοιοῦτον;
696 4479 992 4549 Οὐδαμῶς·
1049 4480 1186 4534 ἀλλά
1218 4483 1312 4534 καὶ
1358 4479 1634 4553 ἐκύρωσεν
1687 4478 1852 4534 αὐτοῦ

259 4563 361 4631 τὴν
411 4559 662 4631 γνώμην,
713 4562 810 4614 καὶ
862 4562 1000 4633 πρὸς
1051 4564 1179 4627 τοὺς
1226 4563 1657 4626 ἀκολουθοῦντας
1708 4560 1853 4628 εἷπε,

271 4644 470 4714 Ἀμὴν
504 4643 660 4712 λέγω
689 4643 852 4713 ὑμῖν,
891 4644 1034 4699 οὐδὲ
1059 4647 1130 4700 ἐν
1157 4646 1239 4713 τῷ
1282 4647 1522 4716 Ἰσραὴλ
1551 4649 1856 4716 τοσαύτην

260 4730 478 4782 πίστιν
508 4721 709 4794 εὗρον.
758 4727 815 4780 '0
848 4727 1030 4782 τοίνυν
1057 4729 1278 4794 ἔπαινος
1323 4731 1417 4784 τοῦ
1448 4732 1721 4786 Δεσπότου
1759 4730 1858 4786 κύ-

262 4827 438 4882 ρωσις
467 4808 679 4877 γίνεται
708 4809 816 4862 τῶν
848 4811 1109 4881 ῥημάτων
1146 4812 1242 4866 τοῦ
1279 4814 1699 4885 ἑκατοντάρχου,
1743 4813 1858 4868 Οὐκ

263 4893 346 4947 ἐτι
379 4893 494 4965 γὰρ
534 4891 630 4946 τοῦ
663 4894 1061 4964 ἑκατοντάρχου
1093 4897 1210 4949 ἐστὶ
1247 4898 1316 4950 τὰ
1349 4898 1568 4968 ῥήματα
1597 4897 1666 4950 τὰ
1704 4899 1855 4968 εἰρη-

266 4979 431 5048 μένα,
459 4976 576 5032 ἀλλ’
609 4977 884 5046 ἀπόφασίς
912 4979 1028 5032 ἐστι
1054 4979 1346 5051 δεσποτική
1367 4998 1381 5011 ·
1411 4982 1538 5034 ὃταν
1563 4981 1672 5052 γὰρ
1697 4983 1859 5046 αὐτὸς

263 5061 534 5133 ἐπαινέσῃ
560 5061 626 5114 τὰ
649 5060 930 5131 λεχθέντα,
962 5063 1058 5116 καὶ
1084 5063 1391 5136 ψηφίσηται
1421 5066 1606 5130 αὐτοῖς
1649 5065 1725 5129 ὡς
1761 5083 1860 5120 κα-

264 5145 375 5208 λῶς
407 5143 740 5216 εἰρημένοις.
776 5144 853 5208 ὡς
887 5145 1030 5199 θεῖον
1057 5147 1198 5202 αὐτὰ
1229 5149 1454 5220 δέχομαι
1487 5150 1753 5221 χρησμόν.
1786 5148 1862 5203 Τὸ

265 5230 380 5300 γάρ
419 5227 588 5298 κῦρος
619 5225 826 5281 ἀνωθεν
857 5227 1048 5282 ἐλαϐεν
1093 5233 1157 5285 ἐκ
1183 5233 1284 5304 τῆς
1321 5232 1416 5287 τοῦ
1451 5233 1688 5305 Χριστοῦ
1720 5234 1860 5288 ἀπο·

265 5312 508 5384 κρίσεως
540 5324 589 5366 ⁸.

341 5401 413 5466 γ’.
450 5395 615 5466 Ὁρᾷς
651 5392 769 5458 πῶς
797 5395 1086 5468 σύμφωνος
1112 5403 1146 5471 ἡ
1179 5401 1356 5473 Καινὴ
1381 5403 1449 5472 τῇ
1473 5400 1716 5472 Παλαιᾷ;
1745 5402 1862 5465 πῶς

267 5479 516 5550 ἑκατέρα
537 5477 636 5550 τὴν
660 5477 946 5534 αὐθεντίαν
973 5483 1340 5539 ἐπιδείκνυται
1364 5486 1458 5539 τοῦ
1492 5485 1728 5557 Χριστοῦ
1751 5504 1765 5551 ;
1796 5485 1862 5538 Τί

264 5559 386 5632 οῦν,
417 5565 469 5617 εἰ
514 5565 688 5619 ἐποίει
735 5564 836 5634 μὲν
880 5565 971 5638 τὸν
1013 5565 1322 5639 ἄνθρωπον,
1364 5568 1439 5632 ὡς
1491 5569 1761 5640 ὑπουργὸς
1805 5569 1862 5622 δὲ

336 5727 366 5756 ⁸
385 5727 542 5797 S_avil.
566 5726 657 5797 τοῦ
683 5729 1119 5797 Κυρίουμκρίσεωςι
1144 5738 1305 5797 atque
1340 5733 1406 5782 ila
1433 5732 1558 5794 legit
1593 5735 1843 5797 ingerpres

273 5787 316 5858 ξι
343 5788 449 5836 ψει.
476 5797 531 5838 ει
549 5789 649 5838 duo
670 5787 784 5863 ιῃεᾷ.
811 5787 1448 5863 τοῦῆχριστοῦάπόκρίσεως,
1464 5787 1560 5844 ᾱῖιο
1579 5795 1664 5844 τοῦ
1684 5787 1861 5861 Κῦρίου

272 5855 448 5911 απογρ,
472 5864 600 5900 unus
632 5855 716 5900 τοῦ
743 5855 867 5902 θεοῦ
890 5855 1061 5918 ἀποκρ.

1482 294 1759 351 CONTRA
1797 298 2177 359 ANOMWOS.
2215 305 2308 359 1|.

3335 301 3541 368 _800

1945 413 2158 482 ἐποίει;
2219 415 2429 469 Οὐκοῦν
2477 415 2707 487 ἀκαίρου
2759 414 3110 484 φιλονεικίας.
3169 412 3351 470 Εἰπὼν
3402 417 3536 489 γὰρ,

1947 495 2300 566 Ποιήσωμεν
2328 497 2434 551 τὸν
2462 497 2801 566 ἄνθρωπον,
2840 499 2940 550 οὐκ
2969 498 3239 568 ἐπήγαγε,
3269 498 3409 550 κατά
3437 499 3536 570 τὴν

1945 579 2128 632 εἰκόνα
2159 580 2258 651 τὴν
2298 581 2397 653 σὴν
2435 581 2533 651 τὴν
2577 582 2805 643 ἐλάττω,
2851 581 2994 642 οὐδὲ,
3031 580 3171 633 κατά
3206 581 3305 650 τὴν
3353 581 3537 635 είκόνα

1944 660 2042 732 τὴν
2072 663 2210 734 ἐμὴν
2237 664 2336 736 τὴν
2386 665 2580 734 μείζω,
2614 665 2749 718 ἀλλὰ
2782 664 2868 729 τί;
2919 663 3058 717 Κατ’
3088 665 3294 716 εἰκόνα
3331 664 3536 732 ἡμετέ-

1937 763 2078 812 ραν,
2130 748 2230 802 καί
2279 749 2408 801 καθ’
2442 749 2751 818 ὁμοίωσιν,
2798 747 2875 817 τῷ
2916 746 3087 810 οὕτως
3117 748 3292 798 εἰπεῖν
3320 746 3537 807 δεικνὺς

1947 830 2157 901 Πατρδς
2185 831 2278 884 καὶ
2321 831 2452 884 Υίοῦ
2502 831 2630 902 μίαν
2669 828 2835 885 οὖσαν
2878 831 3092 884 εἰκόνα·
3125 830 3186 882 ού
3229 829 3340 900 γὰρ
3384 826 3538 884 εἶπεν

1947 914 2181 975 εἰκόνας,
2228 915 2343 966 ἀλλ’
2369 916 2592 969 Εἰκόνα
2631 915 2962 984 ἡμετέραν·
3005 914 3066 967 οὐ
3102 912 3212 984 γὰρ
3252 912 3345 964 δύο
3394 916 3536 974 τινὲς

1945 993 2244 1061 ἀνώμαλοι,
2275 995 2412 1048 ἀλλά
2459 995 2556 1066 μία
2587 997 2682 1050 καὶ
2715 995 2851 1067 αῦτη
2886 997 2974 1066 ίση
3021 995 3154 1048 Υἱοῦ
3199 995 3295 1048 καὶ
3323 995 3535 1066 Πατρὸς

1947 1078 1980 1147 ή
2013 1077 2197 1130 εἰκών.
2233 1077 2332 1130 Διά
2355 1077 2519 1130 τοῦτο
2563 1078 2657 1131 καὶ
2682 1079 2746 1131 ἐκ
2775 1077 2964 1142 δεξιῶν
2990 1078 3210 1147 λέγεται
3243 1075 3533 1147 καθῆσθαι,

1947 1159 2033 1212 ἴνα
2059 1160 2122 1214 τὸ
2165 1161 2426 1232 ὁμότιμον
2471 1162 2564 1215 καὶ
2596 1161 2698 1231 τῆς
2728 1161 2975 1225 ἐξουσίας
3013 1161 3074 1214 τὸ
3118 1161 3534 1231 ἀπαράλλακτον

1949 1243 2165 1313 μάθῃς·
2219 1244 2492 1314 ὑπουργὸς
2534 1243 2644 1314 γὰρ
2688 1245 2750 1296 οὐ
2801 1242 3164 1312 συγκάθηται,
3215 1243 3351 1297 ἀλλά
3392 1260 3534 1314 παρ-

1945 1323 2165 1396 έστηκε.
2215 1327 2432 1380 Κα“ιότι
2468 1327 2530 1379 τὸ
2560 1327 2657 1396 μὲν
2703 1325 2976 1395 καθῆσθαι
3023 1325 3083 1378 τὸ
3131 1325 3393 1396 ὁμότιμον
3441 1327 3536 1378 καὶ

1945 1406 2364 1478 ἀπαράλλακτον
2388 1409 2486 1479 τῆς
2513 1409 2840 1478 δεσππικῆς
2868 1410 3013 1460 ἐστιν
3041 1406 3307 1471 ἐξουσίας,
3335 1408 3397 1460 1:6
3427 1407 3484 1460 65
3507 1407 3534 1446 δ

1946 1491 2283 1561 παρεστάναι
2314 1491 2568 1560 δουλικῆς
2609 1491 2704 1544 καὶ
2736 1489 3205 1560 ὑποτεταγμένης,
3231 1491 3460 1543 ἄκουσον
3483 1489 3535 1542 τί

1947 1591 2112 1644 φησιν
2151 1576 2180 1626 6
2208 1575 2410 1646 Δανιήλ
2431 1591 2444 1605 ·
2495 1573 2825 1642 Ἐθεώρουν
2859 1572 2970 1638 ἕως
2995 1569 3066 1628 οὗ
3100 1574 3300 1640 θρόνοι
3332 1573 3535 1640 ἐτέθη-

1946 1672 2087 1720 σαν,
2117 1656 2216 1709 καί
2247 1659 2280 1710 ό
2303 1655 2571 1722 Παλαιὸς
2599 1655 2718 1710 τῶν
2745 1654 2984 1724 ἡμερῶν
3013 1655 3289 1722 ἐκάθητο.
3319 1656 3534 1722 Μύριαι

1939 1738 2228 1806 μυριάδες
2253 1739 2677 1809 ἐλειτούργουν
2702 1737 2886 1803 αὐτῷ,
2919 1738 3018 1791 καί
3045 1738 3233 1806 χίλιαι
3263 1737 3534 1806 χιλιάδες

1945 1823 2460 1890 παρειστήκεισαν
2487 1821 2669 1887 αὐτῷ.
2701 1823 2812 1876 Καὶ
2839 1822 3002 1876 πάλιν
3049 1824 3079 1874 ὁ
3133 1822 3358 1884 Ἡσαΐας
3384 1837 3398 1851 ·
3444 1816 3536 1875 Εἷ-

1945 1904 2054 1958 δον
2102 1905 2208 1958 τὸν
2253 1907 2474 1973 Κύριον
2515 1903 2856 1974 καθήμενον
2903 1903 3003 1958 ἐπὶ
3035 1905 3252 1972 θρόνου
3287 1903 3532 1971 ὑψηλοῦ

1944 1987 2042 2041 καὶ
2077 1987 2435 2056 ἐπηρμένου,
2466 1989 2564 2042 καί
2587 1987 2659 2041 τὰ
2679 1987 2940 2056 σεραφίμ
2968 1987 3359 2054 είστήκεισαν
3379 1985 3531 2058 [545]

1943 2072 2148 2135 κύκλῳ
2170 2072 2380 2125 αὐτοῦ.
2411 2071 2522 2124 Καὶ
2545 2073 2574 2124 6
2601 2070 2840 2142 Μιχαίας
2868 2071 2946 2133 δὲ,
2969 2066 3149 2124 Εἶδον
3177 2069 3284 2122 τὸν
3313 2070 3536 2137 Κύριον

1946 2152 2052 2205 τὸν
2079 2153 2230 2205 Θεὸν
2260 2152 2368 2207 τοῦ
2411 2151 2650 2221 Ἰσραὴλ
2679 2152 3020 2220 καθήμενον
3055 2153 3156 2205 ἐπὶ
3183 2152 3400 2220 θρόνου
3429 2153 3536 2205 αὺ-

1943 2233 2074 2296 τοῦ,
2097 2234 2196 2288 καί
2219 2234 2390 2288 πᾶσα
2422 2234 2460 2301 ἠ
2485 2235 2737 2303 στρατιά
2767 2235 2872 2288 τοῦ
2896 2234 3159 2302 οὐρανοῦ
3180 2232 3443 2300 εἱστήκει
3463 2234 3534 2287 ἐκ

1944 2315 2161 2382 δεξιῶν
2185 2317 2372 2371 αὐτοῦ
2400 2318 2499 2370 καὶ
2525 2318 2594 2381 ἐξ
2620 2317 2951 2386 ἀριστερῶν
2969 2318 3178 2372 αὐτοῦ.
3214 2317 3378 2388 Ὁρᾷς
3399 2333 3538 2370 παν-

1943 2399 2112 2468 ταχοῦ
2162 2398 2261 2461 τὰς
2295 2399 2394 2469 μὲν
2440 2399 2553 2454 ἀνω
2592 2399 2850 2471 δυνάμεις
2886 2398 3320 2470 παρεστηκυίας,
3371 2397 3534 2452 αὐτὸν

1943 2481 2000 2534 δὲ
2029 2482 2360 2552 καθήμενον.
2397 2482 2564 2534 ὐταν
2605 2479 2700 2536 οὖν
2744 2482 2860 2554 ἴδῃς
2905 2483 3000 2536 καὶ
3045 2485 3136 2535 τὸν
3180 2481 3308 2534 Υἱὸν
3337 2481 3436 2552 τὴν
3469 2481 3536 2534 ἐκ

1945 2565 2134 2630 δεξιῶν
2173 2565 2366 2635 ἔχοντα
2399 2565 2693 2637 καθέδραν,
2747 2567 2821 2637 μὴ
2870 2566 2971 2636 τῆς
3020 2565 3397 2636 λειτουργικῆς
3441 2565 3536 2618 καὶ

1946 2650 2286 2720 ὐπουργικῆς
2338 2648 2505 2702 αὑτὸν
2558 2647 2698 2703 εἶναι
2747 2649 2976 2720 νομίσῃς
3024 2648 3200 2713 ἀξίας,
3251 2647 3388 2700 ἀλλὰ
3433 2647 3536 2715 τῆς

1944 2732 2273 2802 δεσποτικῆς
2310 2733 2402 2784 καὶ
2454 2731 2744 2786 αὐθεντίαν
2791 2732 3045 2802 ἐχούσης.
3100 2731 3200 2784 Διά
3245 2730 3403 2783 τοῦτο
3439 2730 3537 2784 καὶ

1945 2815 2158 2879 Παῦλος
2185 2815 2470 2886 ἀμφότερα
2503 2813 2679 2868 ταῦτα
2715 2814 2892 2877 εἰδὼς,
2928 2815 3009 2866 ὅτι
3043 2814 3102 2868 τὸ
3135 2814 3232 2884 μὲν
3259 2814 3538 2882 παρεστά-

1946 2917 2036 2953 ναι
2067 2898 2526 2970 λειτουργούντων
2577 2899 2715 2961 ὲστὶ,
2747 2898 2810 2950 τὸ
2845 2898 2902 2951 65
2945 2897 3216 2967 καθῆσθαι
3267 2897 3378 2949 τῶν
3413 2899 3536 2949 ἐπι-

1949 2982 2254 3035 ταττόντων
2302 2981 2398 3034 καὶ
2444 2979 2914 3052 προσταττόντων,
2947 2981 3049 3052 ὅρα
3091 2980 3208 3042 πῶς
3243 2979 3534 3048 ἀμφότερα

1946 3064 2120 3119 ταῦτα
2140 3066 2344 3138 διαιρεῖ
2359 3065 2537 3134 λέγων
2557 3063 2700 3117 οὕτω
2718 3082 2731 3094 ·
2755 3063 2912 3132 Πρὸς
2925 3065 3044 3132 μὲν
3069 3063 3212 3128 τοὺς
3241 3063 3537 3132 ἀγγέλους

1947 3148 2134 3203 αὐτοῦ
2179 3164 2400 3218 φησιν·
2464 3149 2526 3201 ’0
2582 3146 2770 3200 ποιῶν
2817 3146 2959 3212 τοὺς
3004 3145 3299 3215 ἀγγέλους
3348 3143 3536 3198 αὐτοῦ

1948 3233 2280 3302 πνεύματα,
2337 3232 2436 3286 καί
2486 3232 2634 3297 τοὺς
2679 3229 3065 3298 λειτουργοὺς
3108 3228 3298 3282 αὐτοῦ
3345 3225 3537 3294 πυρὸς

1949 3315 2146 3384 φλόγα
2167 3332 2179 3345 ·
2203 3315 2354 3384 πρὸς
2375 3315 2443 3368 δὲ
2471 3316 2578 3368 τὸν
2618 3315 2756 3367 Υίόν
2773 3327 2788 3342 ·
2831 3313 2884 3364 '0
2905 3313 3118 3380 θρόνος
3149 3325 3287 3376 σου,
3319 3314 3350 3363 ό
3369 3309 3534 3376 Θεὸς,

1947 3400 2036 3464 εἰς
2077 3398 2186 3452 τὸν
2235 3397 2424 3452 αἰῶνα
2475 3397 2582 3452 τοῦ
2623 3396 2875 3462 αἰῶνος·
2916 3395 3007 3448 διὰ
3051 3394 3144 3446 τοῦ
3197 3393 3388 3462 θρόνου
3436 3392 3538 3462 τὴν

1951 3480 2236 3552 βασιλικὴν
2257 3483 2388 3552 ἡμῖν
2415 3479 2662 3546 ἐξουσίαν
2679 3479 2876 3551 δηλῶν.
2911 3478 3064 3532 Ἐπεὶ
3094 3473 3188 3530 οῦν
3207 3476 3296 3530 διὰ
3318 3475 3538 3529 πάντων

1947 3565 1977 3616 6
2021 3563 2178 3632 λόγος
2229 3566 2363 3634 ἡμῖν
2409 3564 2616 3617 τούτων
2667 3563 2949 3627 ἀπέδειξεν
2995 3560 3117 3630 οὐχὶ
3161 3557 3539 3628 λειτουργικῆς

1948 3647 2078 3701 ὁντα
2099 3646 2254 3711 ἀξίας
2273 3647 2364 3702 τὸν
2395 3648 2546 3710 Υίὸν,
2571 3647 2706 3700 ἀλλά
2739 3647 2837 3718 τῆς
2868 3644 3216 3712 δεσποτικῆς,
3241 3642 3316 3705 ὡς
3335 3642 3540 3694 Δεσπόο

1949 3746 2069 3800 την,
2103 3730 2263 3784 αὐτὸν
2307 3730 2706 3802 προσκυνῶμεν
2757 3729 2854 3783 καὶ
2900 3730 3161 3799 ὁμότιμον
3198 3725 3276 3796 τῷ
3326 3723 3534 3795 Πατρί·

1950 3812 2092 3865 οὕτω
2122 3814 2229 3882 γὰρ
2259 3815 2354 3866 καὶ
2384 3814 2546 3878 αὐτὸς
2581 3813 2870 3866 ἐκέλευσεν
2915 3810 3108 3874 εἰπὼν,
3142 3811 3276 3863 Ἵνα
3317 3808 3540 3873 πάντες

1951 3894 2163 3966 τιμῶσι
2196 3896 2304 3949 τὸν
2346 3898 2504 3960 my,
2531 3895 2723 3960 καθὼς
2754 3894 2967 3964 τιμῶσι
3004 3893 3112 3947 τὸν
3142 3893 3374 3960 Πατέρα
3393 3909 3405 3921 ·
3443 3891 3540 3944 καὶ

1953 3979 2052 4047 τὴν
2094 3977 2181 4032 διὰ
2219 3977 2320 4047 τῆς
2349 3978 2624 4040 πολιτείας
2658 3977 2753 4031 καὶ
2782 3976 2891 4031 τῶν
2923 3976 3102 4046 ἔργων
3141 3973 3428 4044 ἀκρίϐειαν
3465 3974 3534 4043 τῇ

1951 4062 2060 4116 τῶν
2111 4060 2398 4131 δογμάτων
2449 4060 2704 4132 ὀρθότητι
2755 4058 3146 4128 συνάπτωμεν,
3201 4056 3290 4109 ἴνα
3353 4055 3428 4125 μὴ
3478 4054 3541 4118 ἐξ

1954 4146 2212 4218 ἡμισείας
2251 4147 2382 4216 ἡμῖν
2412 4145 2478 4197 τὰ
2504 4145 2602 4214 τῆς
2639 4142 2914 4213 σωτηρίας

2027 4227 2312 4290 Πολιτείας
2335 4227 2390 4279 δὲ
2415 4226 2706 4297 ἀκρίϐειαν
2734 4225 2828 4277 καί¹
2861 4224 2976 4295 βίου
3009 4221 3359 4293 καθαρότητα
3387 4219 3540 4273 οὐδὲν

1954 4311 2097 4365 οὕτω
2121 4310 2344 4364 δύναται
2377 4309 2700 4380 κατορθοῦν,
2731 4308 2805 4370 ὡς
2833 4310 2866 4378 ἡ
2905 4304 3136 4376 συνεχὴς
3167 4303 3402 4358 ἐνταῦθα
3425 4303 3542 4356 δια-

1955 4393 2116 4467 τριϐὴ
2165 4395 2259 4448 καὶ
2289 4396 2322 4463 ή
2361 4393 2500 4463 μετὰ
2534 4390 2846 4462 προθυμίας
2881 4389 3163 4460 ἀκρόασις.
3220 4388 3398 4458 Ὅπερ
3429 4386 3539 4458 γάρ

1955 4479 2104 4531 ἐστιν
2142 4478 2235 4530 ἐπὶ
2266 4477 2362 4529 τοῦ
2401 4473 2654 4545 σώματος
2689 4477 2722 4545 ή
2755 4474 2950 4546 τροφὴ,
2993 4471 3152 4526 τοῦτο
3178 4473 3272 4526 ἐπὶ
3307 4472 3406 4543 τῆς
3433 4471 3541 4540 ψυ-

1957 4561 2058 4633 Χῆς
2092 4562 2128 4632 ἡ
2183 4560 2293 4614 τῶν
2331 4559 2489 4612 θείων
2531 4557 2730 4626 λογίων
2765 4557 3107 4611 διδασκαλία.
3160 4557 3244 4610 Οὺ
3295 4557 3406 4626 γὰρ
3446 4555 3541 4608 ἐπ’

1958 4644 2114 4714 ἄρτῳ
2154 4644 2320 4714 μόνῳ
2371 4641 2611 4709 ζήσεται
2659 4641 2991 4709 ἄνθρωπος,
3025 4641 3212 4710 φησιν,
3267 4639 3404 4694 ἀλλ’
3442 4637 3542 4692 ἐπὶ

1958 4728 2138 4783 παντί
2166 4727 2384 4797 ῥήματι
2419 4725 2873 4794 ἐκπορευομένῳ
2914 4724 3012 4778 διὰ
3035 4726 3338 4797 στόματος
3370 4721 3540 4775 Θεοῦ.

1958 4811 2058 4866 Διά
2089 4795 2249 4866 τοῦτο
2276 4811 2371 4865 καὶ
2396 4810 2552 4881 λιμὸν
2577 4795 3064 4879 οἷδενέργάζεσθᾶι
3090 4807 3150 4860 τὸ
3187 4808 3262 4878 μὴ
3295 4805 3543 4877 μετέχειν

1957 4895 2211 4966 τοιαύτης
2255 4891 2556 4964 τραπέζης.
2597 4892 2861 4946 Ἄκουσον
2908 4890 3039 4960 γοῦν
3069 4889 3162 4943 τοῦ
3209 4889 3343 4943 Θεοῦ
3386 4888 3544 4942 τοῦτο

1961 4977 2331 5040 ἀπειλοῦντος,
2365 4977 2460 5030 καὶ
2507 4978 2565 5029 ἐν
2595 4975 2747 5040 τάξει
2795 4974 3070 5038 κολάσεως
3122 4975 3218 5027 καὶ
3272 4971 3545 5043 τιμωρίας

1961 5060 2446 5130 ἐπανατεινομένου
2467 5073 2481 5087 ·
2527 5057 2704 5112 Δώσω
2735 5057 2848 5127 γὰρ
2873 5057 3100 5123 αὺτοῖς,
3133 5056 3318 5127 φησὶν,
3353 5057 3425 5108 οὐ
3456 5058 3547 5108 λι-

1957 5144 2078 5216 μὸν
2107 5143 2311 5212 ἄρτου,
2345 5140 2488 5196 οὐδὲ
2529 5140 2720 5210 δίψαν
2748 5140 2989 5206 ὕδατος,
3021 5140 3184 5195 ἀλλὰ
3224 5138 3406 5208 λιμὸν
3437 5137 3546 5192 τοῦ

1962 5227 2222 5282 ἀκοῦσαι
2262 5227 2450 5294 λόγον
2480 5225 2722 5292 Κυρίου.
2768 5223 2892 5286 Πῶς
2921 5219 3014 5277 οὖν
3045 5224 3143 5275 οὐκ
3175 5223 3374 5276 ἄτοπον
3407 5220 3550 5290 ὑπὲρ

1967 5311 2067 5383 μέν
2105 5309 2197 5364 τοῦ
2231 5308 2324 5362 τὸν
2347 5311 2661 5378 σωματικὸν
2691 5305 2847 5376 λιμὸν
2877 5304 3324 5376 ἀποκρούσασθαι
3372 5305 3550 5355 πάντα

1965 5395 2137 5447 ποιεῖν
2167 5393 2263 5446 καὶ
2293 5389 2800 5462 πραγματεύεσθαι,
2836 5388 2928 5440 τὸν
2959 5388 3016 5440 65
3046 5389 3146 5458 τῆς
3185 5387 3365 5457 ψυχῆς
3397 5385 3549 5438 ἐκόν-

1963 5494 2062 5541 τας
2107 5473 2467 5536 ἐπισπᾶσθαι,
2519 5471 2697 5524 καίτοι
2745 5469 2924 5542 πολλῷ
2975 5468 3354 5540 χαλεπώτερον
3399 5469 3546 5529 ὄντα,

1963 5561 2074 5632 ὅσῳ
2115 5555 2374 5627 καὶπερὶ
2424 5554 2685 5625 μειζόνων
2733 5555 2768 5624 ὴ
2803 5552 3014 5624 ζημίας
3068 5553 3183 5624 Μὴ,
3234 5552 3424 5624 δέομαι
3457 5553 3551 5606 καὶ

1964 5640 2249 5702 ἀντιϐολῶ,
2292 5639 2368 5710 μὴ
2403 5637 2591 5700 κακῶς
2627 5635 2771 5690 οὕτω
2812 5636 2942 5707 περὶ
2989 5636 3200 5690 ἐαυτῶν
3251 5634 3551 5708 βουλευσὼο

1972 5727 2134 5800 μεθα,
2173 5723 2306 5778 ἀλλὰ
2333 5721 2512 5793 πάσης
2539 5721 2795 5793 ἀσχολίας
2821 5721 2916 5776 καὶ
2949 5720 3230 5794 φροντίδος
3258 5722 3291 5792 η
3319 5719 3551 5774 ἐνταῦθα

2033 5857 2060 5898 b
2084 5855 2185 5906 Alii
2216 5853 2466 5914 καθῆσθαι,
2488 5851 2769 5910 δεσποτικῆς
2793 5849 3023 5911 ἐξουσίας,
3057 5848 3111 5896 τὸ
3131 5849 3197 5898 δέ.
