4062 6166
536 290 635 351 801

525 407 883 478 προτιμᾶσθω
920 409 1191 480 διατριϐή.
1234 410 1298 463 Τί
1343 409 1453 480 γὰρ
1482 407 1735 461 τοσοῦτον
1778 409 2098 481 κερδαίνεις,

523 491 646 543 εἰπέ
691 508 804 562 μοι,
837 489 938 562 τῆς
970 495 1240 557 συνάξεως
1274 493 1804 564 ἀπολιμπανόμενος,
1851 493 1976 546 ὅσον
2006 492 2103 564 ζη-

527 576 670 642 μιοῖς
711 573 804 626 καὶ
852 576 1048 628 σαυτὸν
1095 578 1188 630 καί¹
1235 577 1332 647 τὴν
1377 576 1560 629 οἰκίαν
1587 577 1804 641 πᾶσαν;
1840 575 2104 648 Κᾶψγὰρ

525 657 795 728 θησαυρὸν
830 656 998 730 εὕρῃς
1024 659 1315 729 ὁλόκληρον
1342 659 1566 730 χρυσίου
1593 659 1852 730 γέμοντα,
1897 660 1992 713 καὶ
2016 661 2104 714 διά

523 740 710 792 τοῦτον
733 741 1084 812 ἀπολειφθῇς,
1119 741 1341 812 μείζονα
1374 741 1708 812 ἐζημιώθης,
1739 742 1834 795 καὶ
1861 741 2106 812 τοσούτῳ

527 821 771 891 μείζονα,
803 824 914 894 ὅσῳ
946 824 1054 876 τῶν
1084 825 1357 895 αἰσθητῶν
1386 826 1455 879 τὰ
1499 826 1842 896 πνευματικὰ
1870 825 2098 896 ἀμείνω.

537 901 750 957 Ἐκεῖνα
792 905 890 974 μὲν
918 905 1026 977 γὰρ
1059 906 1162 960 κᾶν
1195 908 1366 961 πολλὰ
1395 905 1453 979 ᾗ,
1499 908 1604 960 κᾶν
1649 908 1914 960 πάντοθεν
1945 909 2104 978 ἐπιρ-

525 988 647 1056 ρέῃ,
688 986 804 1039 ἀλλ’
833 987 894 1040 οὐ
936 990 1306 1060 συναποδημεῖ
1334 991 1470 1060 πρὸς
1510 990 1609 1060 τὴν
1636 991 1754 1042 ἐκεῖ
1780 990 1946 1058 ξωῆνν
1982 988 2102 1042 οὐδὲ

523 1068 960 1136 συμμεθίσταται
1005 1073 1138 1139 ἡμῖν
1187 1072 1322 1143 πρὸς
1364 1072 1463 1124 τὸν
1496 1073 1744 1142 οὐρανὸν,
1780 1073 1901 1124 οὑδέ
1942 1071 2034 1123 ἐπὶ
2073 1072 2101 1112 ἂ

522 1150 616 1201 τοῦ
647 1150 890 1220 βήματος
920 1155 1250 1223 παρίσταται
1280 1156 1374 1209 τοῦ
1401 1154 1656 1225 φοϐεροῦ,
1685 1155 1820 1208 ἀλλά
1843 1154 2102 1218 πολλάκις

523 1232 620 1284 καὶ
655 1234 761 1303 πρὸ
793 1235 892 1304 τῆς
917 1237 1174 1307 τελευτῆς
1203 1239 1350 1308 ήμᾶς
1379 1238 1750 1292 καταλιπόντα
1777 1237 1982 1308 οἴχεται
2002 1255 2016 1270 ⁸
2050 1239 2100 1291 εἰ

523 1315 580 1367 δὲ
613 1317 705 1369 καὶ
739 1318 1127 1388 παραμείνειεν
1168 1321 1328 1391 μέχρι
1362 1320 1572 1383 τέλους,
1607 1321 1721 1374 ἀλλ’
1751 1322 1854 1373 ὑπὸ
1889 1322 1987 1391 τῆς
2015 1339 2102 1373 τε·

524 1397 717 1467 λευτῆς
748 1399 1097 1454 διακόπτεται
1147 1403 1382 1464 πάντως.
1427 1402 1485 1455 '0
1515 1403 1580 1456 δὲ
1600 1404 1980 1472 πνευματικὸς.
1999 1403 2098 1474 θην

526 1481 725 1552 σαυρὸς
762 1485 1128 1554 ἀναφαίρετόν-
1155 1488 1269 1538 ἐστι
1302 1486 1505 1556 κτῆμα,
1558 1487 1650 1539 mi
1680 1487 1956 1556 πανταχοῦ
2006 1487 2100 1556 βα-

524 1561 758 1625 δίζουσιν
796 1567 926 1634 ήίμῖν
973 1567 1066 1619 καί.
1105 1567 1479 1638 ἀποδημοῦσιν
1514 1569 1724 1623 ἕπεται.
1760 1570 1854 1622 καὶ
1902 1569 2100 1640 πολλὴν

525 1644 619 1696 ἐπὶ
663 1645 756 1697 τοῦ
805 1646 1046 1716 βήματος
1110 1649 1318 1702 ἐκείνου
1366 1649 1579 1704 δίδωσίν
1625 1653 1758 1722 ἡμῖν
1806 1651 1903 1723 τὴν
1954 1655 2098 1724 παῤ-

526 1727 593 1796 ρη
603 1726 742 1780 σίαν.

599 1807 747 1880 [546]
786 1808 865 1861 δι.
891 1807 954 1860 Εἰ
989 1810 1316 1864 δὲ’ἀπδιτῶν
1355 1813 2101 1880 ἄλλωνσυνάξεων-τοσοῦτον

523 1891 584 1943 τὸ
613 1893 823 1962 κέρδος,
851 1891 961 1944 ἀπὺ
991 1892 1110 1945 τῶν
1137 1893 1371 1947 ἐνταῦθα
1403 1896 1676 1962 συνάξεων
1697 1898 1915 1953 διπλοῦν
1943 1897 2102 1952 τοῦτο

523 1974 754 2040 γίνεται.
801 1975 876 2026 Οὐ
919 1975 1028 2044 γάρ
1058 1975 1123 2045 δὴ
1171 1977 1328 2030 τοῦτο
1376 1979 1736 2050 καρωύμεθα
1790 1981 1970 2050 μόνον,
2016 1982 2102 2034 ὅτι

521 2057 622 2124 τὴν
664 2056 843 2125 ψυχὴν
904 2060 1017 2118 τοῖς
1069 2057 1234 2121 θείοις
1285 2059 1478 2128 λόγοις
1515 2061 1786 2132 ἀρδομεν,
1841 2063 1958 2115 ἀλλ’
2018 2064 2100 2117 ὅτι

522 2137 724 2208 πολλὴν
755 2139 860 2207 μὲν·
878 2137 988 2190 τῶν
1014 2139 1226 2210 ἐχθρῶν
1256 2144 1764 2213 κατασκεδάννυμεν
1788 2145 1884 2216 τὴν
1914 2147 2102 2216 αίσχύο

523 2236 642 2290 νην,
679 2219 878 2291 πολλὴν
925 2219 982 2272 δὲ
1025 2224 1137 2282 τοῖς
1167 2222 1415 2291 ἀδελφοῖς
1463 2227 1576 2288 τοῖς
1622 2228 1911 2298 ἡμετέροις
1961 2247 2102 2301 παρ-

523 2301 720 2371 έχομεν
753 2302 852 2372 τὴν
893 2302 1269 2373 παράκλησιν.-
1289 2306 1465 2359 Τοῦτο
1487 2307 1597 2378 γὰρ
1623 2310 1721 2378 τῆς
1743 2311 2102 2380 παρατάξεως

519 2384 584 2437 τὸ
614 2384 803 2456 κέρδος
849 2385 984 2448 ἐστὶ,
1016 2385 1358 2441 τὸσπεύδειν
1404 2390 1497 2442 ἐπὶ
1531 2391 1595 2444 τὸ
1633 2393 1828 2446 πονοῦν
1859 2394 1952 2447 τοῦ
2004 2413 2101 2448 πο·-

519 2465 686 2536 λέμου
734 2466 919 2538 μέρος,
973 2467 1034 2520 τὸ
1080 2467 1324 2522 κινδύνου
1371 2471 1562 2542 γέμον.
1607 2474 1808 2545 Διόπερ
1854 2476 2100 2540 ἅπαντας

519 2549 762 2602 ἐνταῦθα
781 2550 1092 2621 συντρέχειν
1121 2552 1221 2619 δεῖ,
1252 2555 1495 2618 καὶτοὺς
1525 2556 1816 2628 πολεμίους
1845 2560 2096 2624 ἐπιόντας

513 2632 941 2702 ¹ἀποκρούεσθαι.
973 2635 1046 2686 Οὺ
1079 2633 1305 2689 δύνασαι
1339 2641 1652 2692 κατατεῖναι
1677 2641 1832 2709 λόγον
1867 2643 2095 2713 μακρὸν,

517 2714 639 2767 οὐδὲ
659 2715 802 2785 ἔχεις
832 2715 1211 2784 διδασκαλίαν;
1241 2723 1542 2792 παραγίνου
1580 2725 1760 2793 μόνον,
1783 2727 1877 2778 καὶ
1899 2728 1960 2779 τὸ
1991 2729 2098 2780 πᾶν

519 2797 873 2860 ἀπετέλεσας.
905 2799 1010 2851 Τοῦ
1039 2799 1146 2872 γάρ
1181 2802 1434 2872 σώματος
1463 2807 1787 2876 ήπαρουσία
1814 2810 2098 2880 προσθήκη

518 2880 616 2950 τῆς
641 2881 877 2951 ποίμνης
904 2882 1130 2950 γίνεται,
1153 2885 1248 2937 καὶ
1279 2887 1479 2958 πολλὴν
1497 2892 1613 2953 τοῖς
1636 2890 1882 2959 ἀδελφοῖς
1910 2909 2001 2945 σου
2021 2893 2097 2946 δί-

517 2964 650 3047 δωσι
677 2965 776 3035 τὴν
800 2966 1127 3036 προθυμίαν,
1157 2969 1249 3022 καὶ
1280 2973 1391 3035 τοῖς
1419 2972 1630 3043 ἐχθροῖς
1667 2993 1758 3027 σου
1783 2977 2095 3047 περιϐάλλει

456 3047 461 3050 ’
517 3046 616 3130 τὴν
662 3047 943 3118 αἰσχύνην.
987 3053 1084 3103 Ἂν
1119 3053 1217 3120 μὲν
1265 3054 1374 3126 γάρ
1420 3056 1616 3120 ἐπιϐάς
1662 3075 1747 3120 τις
1789 3046 1896 3113 τῶν
1933 3061 2094 3130 ίερῶν

515 3129 721 3183 τούτων
766 3132 1048 3205 προθύρων
1089 3136 1303 3204 ὀλίγους
1352 3139 1434 3210 ἴδῃ
1467 3141 1592 3204 τοὺς
1624 3129 2090 3214 συνειλεγμένους,

517 3214 612 3268 καὶ
658 3216 826 3288 αὐτὴν
868 3217 966 3288 τὴν
996 3215 1162 3273 οὖσαν
1203 3222 1595 3278 κατασϐέννυσι
1628 3226 1958 3297 προθυμίαν,
2001 3231 2094 3283 καί¹

514 3299 693 3369 ναρκᾷ
741 3300 835 3351 καὶ
881 3300 1166 3380 ἀναδύεται
1214 3303 1308 3356 καὶ
1358 3305 1715 3380 ὀκνηρότερος
1747 3309 1956 3379 γίνεται
1998 3316 2093 3366 καὶ

515 3381 823 3466 ἀναχωρεῖ·
878 3378 978 3435 εἷθ’
1030 3384 1172 3438 οὕτω
1221 3387 1360 3440 κατά
1423 3378 1630 3460 μικρὸν
1661 3378 1806 3446 ἅπαν
1855 3398 1986 3466 ήμῖν
2033 3399 2092 3452 τὸ

514 3463 721 3547 πλῆθος
760 3466 1083 3538 χαυνότερόν
1117 3470 1232 3522 ἐστι
1271 3468 1298 3507 δ
1331 3473 1422 3524 καὶ
1469 3473 1857 3547 ῥᾳθυμότερον.
1879 3463 2006 3532 ""Av
2035 3481 2092 3534 δὲ

517 3546 600 3634 ῖδη
650 3548 1060 3634 συντρέχοντας,
1111 3553 1533 3621 σπουδάζοντας,
1581 3546 1916 3630 πανταχόθεν
1963 3565 2092 3634 συρ-

517 3629 768 3720 ρέοντας,
809 3633 858 3720 ,ἡ
918 3631 1028 3685 τῶν
1085 3634 1259 3688 ἄλλων
1319 3639 1522 3720 σπουδὴ
1587 3642 1681 3694 καὶ
1739 3629 1817 3714 τῷ
1887 3629 2091 3720 σφόδρα

514 3710 709 3798 νωθρῖρ
737 3714 832 3798 καί
879 3717 1194 3798 παρειμένῳ
1224 3719 1531 3790 προθυμίας
1576 3710 1834 3790 ὑπόθεσις
1859 3710 2086 3798 γίνεται.

514 3793 579 3846 Εἰ
610 3793 720 3864 γὰρ
751 3794 896 3859 λίθος
936 3797 1072 3868 πρὸς
1100 3798 1244 3852 λίθον
1277 3803 1594 3873 τριϐόμενος
1640 3793 1898 3873 πολλάκις
1937 3829 2089 3867 σπιν-

515 3875 688 3946 θῆρας
719 3879 1027 3965 ἐκπηδῆσαι
1069 3883 1466 3965 παρεσκεύασε,
1500 3886 1677 3941 καίτοι
1720 3891 1773 3943 τί
1817 3891 1960 3946 λίθου
1988 3896 2088 3965 ψυ-

512 3961 789 4048 χρότερον,
827 3961 881 4014 τί
927 3963 983 4016 δὲ
1027 3964 1205 4048 πυρὸς
1243 3965 1595 4038 οερμότερον;
1648 3971 1762 4024 ἀλλ’
1805 3973 1952 4044 ὅμως
1987 3961 2086 4048 τὴν

513 4041 674 4109 φύσιν
707 4044 958 4114 ἐνίκησεν
1001 4047 1034 4117 ή
1083 4047 1371 4119 συνέχεια”
1417 4053 1464 4104 εἰ
1510 4053 1568 4106 δὲ
1613 4054 1705 4107 ἐπὶ
1737 4041 1882 4109 λίθου
1927 4041 2086 4114 τοῦτο

513 4125 822 4210 συμϐαίνει,
855 4129 1044 4200 πολλῷ-
1075 4131 1275 4200 μᾶλλον
1307 4135 1399 4186 ἐπὶ
1431 4135 1618 4206 ψυχῶν
1658 4139 1918 4210 ἀλλήλαις
1961 4159 2086 4195 συν.

508 4207 967 4296 τριϐομένωνῗκαὶ
995 4212 1072 4282 τῷ
1118 4215 1248 4286 πυρὶ
1279 4215 1372 4268 τοῦ
1413 4217 1719 4288 πνεύματος
1763 4207 2080 4296 διαθερμαι-

508 4292 767 4363 νομένων.
802 4295 914 4347 Οὐκ
951 4296 1222 4364 ἠκούσατε
1262 4299 1343 4352 ὅτι
1375 4301 1468 4354 ἐπὶ
1507 4303 1614 4356 τῶν
1652 4292 1932 4375 προγόνων
1956 4292 2082 4366 ’τῶν

506 4375 794 4458 ἡμετέρων
838 4378 1009 4432 εἰκοσι
1041 4380 1134 4434 καὶ
1164 4383 1355 4436 ἑκατὸν
1383 4379 1525 4454 ἦσαν
1557 4389 1605 4438 οἰ
1637 4390 1816 4442 πιστοί
1857 4392 2080 4458 πάντες,

510 4455 935 4546 μάλλονιδὲηπρδ
959 4461 1281 4546 *τῶν-εἰκοσι
1319 4467 1410 4519 καὶ
1441 4469 1633 4522 ἑκατὸν
1663 4471 1868 4526 δώδεκα
1908 4455 2077 4546 μόνοι,

505 4539 603 4620 καὶ
629 4537 749 4591 οὐδὲ
777 4533 921 4594 οῦτοι
952 4543 1226 4614 διέμειναν
1257 4550 1512 4614 ἅπαντες,
1541 4552 1656 4605 ἀλλ’
1680 4547 1760 4616 εἷς
1805 4556 1863 4620 ἐξ
1899 4533 2078 4614 αὐτῶν

505 4619 755 4674 ἀπώλετο
817 4623 1035 4687 Ἰούδας,
1086 4630 1179 4682 καὶ
1221 4625 1364 4700 ἦσαν
1408 4632 1598 4688 ἕνδεκα
1639 4619 1872 4706 πάντεςξ
1937 4643 2079 4696 Ἀλλ’

503 4703 655 4774 ὅμως
680 4704 788 4759 ἀπὸ
806 4707 916 4760 τῶν
943 4707 1134 4762 ἕνδεκα
1158 4713 1381 4768 ἐκείνων
1410 4716 1580 4770 είκοσι
1615 4721 1708 4773 καὶ
1733 4703 1926 4777 ἑκατὸν
1957 4725 2078 4793 ἐγέο

827 4822 913 4872 τοῦ
935 4826 1158 4888 βήματος.
1186 4828 1450 4890 (Absentem
1484 4834 1870 4896 prwpositioncm
1889 4841 2076 4906 recepi-

497 4895 626 4934 mus.
643 4884 799 4944 Εοιτ.)

563 4947 594 4984 b
622 4943 716 4994 Alii
743 4947 893 4994 ἐσται.
922 4947 1142 4999 Rectius.
1170 4950 1303 5002 Em'r.

1250 290 1307 344 S.
1346 287 1632 343 JUANNIS
1669 289 2162 346 CHRYSOSTOMI
2193 285 2515 346 ARCHIEP.
2553 283 3102 345 CONSTANTINOP.

3669 277 3777 333 $03

2203 426 2374 472 νοντο,
2406 409 2502 462 καὶ
2525 409 2634 462 ἀπὸ
2654 407 2764 461 τῶν
2792 408 2964 461 εῖκοσι
2996 405 3087 459 καὶ
3113 401 3303 457 ἑκατὸν
3325 399 3630 471 τρισχίλιοι,
3660 395 3789 455 εἷται

2203 489 2647 561 πεντακισχίλιοι,
2697 488 2821 545 εἶτα
2877 489 2978 559 τὴν
3031 485 3372 556 οἰκουμένην·
3422 484 3639 538 ἃπασαν
3689 486 3782 537 ὲν-

2208 573 2452 643 έπλησαν
2503 572 2601 643 τῆς
2661 571 2754 626 τοῦ
2821 571 2956 625 Θεοῦ
3023 572 3298 639 γνώσεωςζ
3364 567 3437 620 Τὸ
3495 566 3553 619 δὲ
3602 565 3782 619 αἴτιον

2200 656 2453 710 οὐδέποτε
2497 656 2592 726 τὴν
2635 653 3065 724 ἐπισυναγωγὴν·
3097 651 3318 706 ἑαυτῶν
3354 649 3823 719 κατελίμπανον,ο.

2201 740 2315 793 ἀλλ’
2339 741 2426 792 ἀεὶ
2453 741 2569 809 μετ’
2593 739 2844 810 ἀλλήλων
2866 740 2890 768 ⁸⁵
2918 734 3059 808 ἦσαν
3089 738 3146 789 ἐν
3173 734 3252 805 τῷ
3278 733 3408 804 ἱερῷ
3431 729 3784 802 διημερεύον-
3819 759 3822 764 ι

2201 839 2311 886 τες,
2359 823 2450 874 καὶ
2496 823 2681 892 εὐχαῖς
2733 823 2827 875 καὶ
2874 822 3211 890 ἀναγνώσεσι
3265 817 3651 888 προσέχοντες·
3693 815 3792 870 διὰ·

2200 903 2594 973 τοῦτο-πολλὴν·
2613 903 2819 973 ἐξῆψαν
2859 904 2956 974 τὴν
2989 903 3190 974 πυρὰν,
3226 901 3315 955 διὰ
3345 900 3503 953 τοῦτο
3526 898 3792 952 οὐδέποτε

2200 985 2546 1057 διερρύησαν,
2587 987 2723 1040 ἀλλά
2760 986 2860 1056 τὴν
2901 986 3244 1056 οἰκουμένην·
3275 986 3493 1039 ἅπασαν
3533 983 3784 1035 ἐπεσπά-

2203 1084 2382 1122 σαντο.
2414 1067 2648 1132 Τούτους
2677 1068 2744 1121 δέῖ
2777 1069 2872 1121 καὶ
2907 1069 3069 1138 ἡμεῖς
3101 1066 3492 1138 μιμησώμεθα.
3524 1066 3650 1129 Πῶς
3673 1065 3783 1136 γὰρ

2200 1153 2301 1204 οὐκ
2343 1151 2564 1215 ἄτοπον,
2603 1151 2748 1222 μηδὲ·
2777 1151 3049 1222 τοσαύτην
3089 1149 3491 1204 ἐπιδείκνυσθαι
3530 1149 3660 1219 περ).
3682 1149 3783 1218 τὴν

2215 1233 2538 1303 Ἐκκλησίαν
2572 1233 2776 1303 ταύτην
2808 1234 3084 1304 πρόνοιαν,
3117 1233 3248 1303 ὅσην
3285 1234 3339 1285 αἰ
3367 1233 3624 1298 γυναῖκες
3653 1229 3785 1298 περὶ

2199 1317 2298 1379 τάς
2323 1316 2568 1384 γείτονας
2595 1317 2694 1379 τὰς
2736 1317 2975 1382 ἑαυτῶν-ς
3011 1317 3124 1368 Καὶ
3169 1315 3278 1385 γὰρ
3319 1305 3522 1367 ἐκεῖναι
3563 1313 3787 1367 ἐπειδὰν

2202 1397 2353 1452 ἴδωσί
2377 1411 2508 1452 τινα·
2527 1399 2794 1470 παρθένον
2823 1398 3084 1469 πενιχ-ράν
3107 1398 3200 1452 καὶ
3227 1397 3430 1467 έρημον
3448 1395 3789 1468 προστασίας

2201 1483 2419 1553 ἀπάσης
2443 1478 2631 1545 οὖσαν,
2655 1482 2725 1536 τὰ
2750 1483 2881 1554 παρ’
2915 1482 3125 1537 ἑαυτῶν
3153 1483 3327 1534 πᾶσαι
3356 1480 3696 1552 εἰσφέρουσιν
3724 1480 3788 1530 ἐν

2199 1565 2352 1629 τάξει
2399 1565 2508 1618 τῶν
2553 1566 2939 1636 προσηκόντων
2982 1565 3282 1634 γινόμεναι,
3329 1565 3426 1616 καὶ
3476 1562 3641 1616 πολὺν
3684 1561 3785 1614 ῐδοι

2199 1665 2284 1711 τις
2309 1647 2378 1701 ἂν
2406 1649 2524 1700 ἐκεῖ
2549 1647 2778 1718 θόρυϐὀν
2815 1661 2875 1700 τε
2913 1649 3011 1701 καὶ
3038 1647 3196 1716 ὄχλον
3227 1648 3327 1716 τῆς
3354 1647 3624 1718 παρθένου
3647 1662 3787 1715 νυμ-

2199 1730 2502 1799 φευομένης
2518 1747 2530 1759 ο
2552 1730 2646 1782 καὶ
2665 1731 2721 1781 at
2741 1730 2840 1800 μὲν
2867 1731 3128 1801 χρήματα
3153 1729 3413 1793 πολλάκις
3433 1730 3780 1799 εἰσήνεγκαν,

2199 1814 2258 1864 αἱ
2281 1813 2338 1865 δὲ
2360 1813 2458 1882 τὴν
2489 1809 2797 1883 παρουσίαν
2831 1814 2935 1867 τοῦ
2959 1813 3212 1884 σώματος
3230 1830 3244 1843 ·
3274 1815 3333 1865 οὐ
3377 1812 3569 1884 μικρὸν
3601 1812 3663 1865 δὲ
3684 1813 3782 1865 καὶ

2198 1894 2391 1948 τοῦτο·
2444 1895 2654 1963 γίνεται
2703 1897 2812 1966 γάρ
2869 1897 3290 1968 παρακάλυμμα
3342 1896 3442 1966 τῆς
3501 1893 3790 1958 εὐτελείας-

2199 1976 2409 2030 τούτων
2449 1979 2483 2047 ή
2541 1972 2767 2048 σπουδή,
2811 1981 2906 2032 καὶ
2956 1979 3056 2049 τὴν
3101 1980 3293 2032 πενίαν
3337 1977 3782 2047 ἀποκρύπτουσιν

2199 2058 2343 2113 οὕτω
2389 2059 2478 2113 διὰ
2522 2061 2621 2132 τῆς
2651 2061 2828 2115 αὐτῶν
2878 2061 3206 2133 προθυμίας.
3255 2060 3425 2114 Τοῦτο
3470 2059 3534 2130 δὴ
3562 2060 3656 2112 καὶ
3685 2060 3782 2112 ἐπὶ

2198 2141 2404 2212 ταύτης
2439 2144 2703 2213 ποιήσατε
2747 2144 2846 2214 τῆς
2891 2143 3232 2213 Ἐκκλησίας.
3273 2143 3479 2206 Πάντες
3511 2143 3784 2212 πανταχό-

2200 2224 2291 2278 θεν
2323 2226 2707 2296 συντρέχωμεν
2748 2226 2844 2280 καί⁸
2875 2227 3307 2297 συγκαλύψωμεν
3339 2226 3510 2296 αὐτῆς
3549 2226 3648 2296 τὴν
3677 2242 3780 2277 πε-

2199 2307 2337 2372 νίαν,
2372 2307 2571 2377 μᾶλλον
2595 2309 2652 2361 δὲ
2687 2308 2942 2379 λύσωμεν
2968 2310 3137 2380 αὐτῆς
3162 2310 3260 2380 τὴν
3304 2309 3495 2362 πενίαν
3543 2307 3784 2378 συνεχῶς

2199 2390 2431 2445 ἐνταῦθα
2449 2393 2894 2463 παραγινόμενοι,
2913 2391 3158 2461 mapali}
3177 2392 3287 2459 τῆς
3305 2393 3590 2461 γυναικός
3608 2391 3781 2444 ἐστιν

2199 2470 2352 2544 [547]
2388 2474 2420 2525 ὁ
2447 2471 2632 2541 ἀνήρ’
2659 2474 2850 2544 βοηθός
2881 2475 3030 2528 ἐστιν
3064 2477 3098 2545 ἡ
3132 2474 3268 2544 γυνὴ
3297 2472 3389 2527 τοῦ
3430 2471 3640 2543 ἀνδρός.
3692 2471 3779 2541 Μὴ

2197 2554 2376 2608 τοίνυν
2410 2556 2545 2625 μήτε
2579 2557 2612 2626 ὴ
2642 2556 2853 2626 κεφαλὴ
2894 2559 3063 2628 χωρὶς
3088 2555 3182 2609 τοῦ
3215 2558 3466 2626 σώματος
3505 2553 3781 2624 ἀνεχέσθω

2197 2635 2303 2689 τῶν
2346 2636 2515 2689 ούδῶν
2556 2638 2861 2691 ἐπιϐαίνειν
2906 2639 3015 2692 τῶν
3063 2640 3234 2707 ἀγίων
3281 2638 3504 2700 τούτων,
3541 2639 3674 2707 μήτε
3717 2640 3781 2691 τὸ

2200 2719 2358 2790 σῶμα
2385 2721 2552 2791 χωρὶς
2583 2721 2682 2791 τῆς
2715 2721 2958 2792 κεφαλῆς
2997 2723 3292 2792 φαινέσθω,
3324 2722 3437 2776 ἀλλ’
3485 2721 3781 2789 ὁλόκληρος

2199 2801 2432 2854 ἐνταῦθα
2462 2802 2648 2856 εἰσίτω
2689 2805 2717 2857 ὁ
2747 2803 3052 2876 ἄνθρωπος,
3093 2805 3308 2876 ἔχοντες
3337 2804 3432 2858 καὶ
3477 2803 3545 2856 τὰ
3591 2803 3786 2856 παιδία

2202 2885 2320 2956 μεθ’
2347 2887 2575 2940 ἑαυτῶν.

2268 2969 2331 3021 Εἰ
2358 2969 2466 3038 γὰρ
2496 2969 2711 3038 δένδρον
2740 2970 2967 3041 τερπνὸν
3003 2969 3129 3022 ἰδεῖν
3159 2969 3268 3022 ἀπὸ
3287 2969 3388 3038 τῆς
3421 2967 3575 3039 ῥίζης
3603 2966 3776 3032 αὐτῆς

2196 3050 2454 3119 νεόφυτον
2497 3051 2618 3120 ἔχον
2663 3051 2980 3121 ἀνεστηκὸς,
3030 3051 3210 3121 πολλῷ
3257 3051 3456 3123 μᾶλλον
3489 3049 3776 3120 ἄνθρωπον

2195 3133 2424 3204 τερπνὸν
2457 3133 2605 3198 ἰδεῖν,
2637 3137 2731 3188 καὶ
2762 3135 2948 3199 ἐλαίας
2981 3136 3198 3205 ἀπάσης
3239 3135 3618 3206 τερπνότερον,
3662 3133 3776 3186 ἀπὸ

2195 3217 2293 3287 τῆς
2330 3215 2490 3288 ῥίζης
2517 3219 2688 3288 αὐτῆς
2712 3219 2771 3272 τὸ
2811 3219 3023 3272 παιδίον
3065 3218 3254 3288 ῶσπερ
3285 3219 3539 3286 νεόφυτον
3581 3217 3774 3287 ἔχοντα

2195 3299 2421 3369 πλησίον
2452 3299 2622 3363 ἑστώς
2641 3317 2654 3330 ’
2691 3301 2750 3353 οὐ
2781 3301 3014 3372 τερπνὸν
3043 3301 3100 3354 δὲ
3136 3302 3314 3371 μόνον,
3352 3301 3487 3354 ἀλλά
3527 3302 3619 3353 καὶ
3646 3303 3773 3354 ἐπι-

2196 3382 2403 3453 κερδές.
2440 3383 2549 3436 Καὶ
2583 3383 2712 3453 γὰρ,
2740 3383 2876 3455 ὅπερ
2898 3384 3067 3455 ἔφθην
3100 3385 3290 3444 εἰπὼν,
3314 3384 3512 3437 πλείων
3536 3383 3775 3437 ἐνταῦθα

2198 3463 2388 3532 μισθὸς
2427 3467 2540 3527 τοῖς
2572 3464 3018 3537 συλλεγομένοις·
3065 3468 3322 3520 ἐπεὶ’καὶ
3363 3466 3601 3535 γεωργὸν
3646 3464 3775 3518 τότε

2197 3546 2432 3615 μάλιστα
2469 3546 2838 3619 θαυμάζομεν,
2869 3551 2969 3619 οὐχ
3010 3551 3138 3602 ὅταν
3178 3549 3274 3619 τὴν
3311 3549 3565 3608 πολλάκις
3590 3563 3770 3618 γεωρ-

2193 3628 2453 3698 γηθεῖσαν
2494 3630 2598 3700 γῆν
2629 3631 2930 3704 θεραπεύῃ,
2978 3631 3092 3684 ἀλλ’
3123 3633 3250 3686 ὅταν
3278 3632 3346 3685 τά
3387 3633 3641 3701 ἄσπαρτα
3674 3630 3772 3685 καὶ

2191 3711 2428 3784 ἀνήροτα
2481 3713 2657 3784 χωρία
2707 3713 2916 3778 λαϐὼν,
2975 3715 3175 3787 πολλῆς
3227 3715 3434 3786 ἀξιώσῃ
3491 3713 3766 3786 προνοίας.

2192 3793 2347 3846 Οὕτω
2375 3794 2439 3864 δὴ
2471 3796 2563 3848 καὶ
2595 3795 2808 3860 Παῦλος
2838 3799 3032 3861 ἐποίει,
3069 3797 3514 3867 φιλοτιμούμενος
3539 3797 3770 3864 εὐαγγε-

2189 3873 2450 3940 λίζεσθαι,
2477 3876 2577 3946 οὐχ
2599 3877 2734 3930 ὅπου
2761 3879 3050 3951 ὠνομάσθη
3086 3882 3128 3933 Χ
3137 3881 3337 3951 ριστδς,
3360 3879 3477 3933 ἀλλ’
3507 3879 3640 3932 ὅπου
3667 3879 3770 3933 οὑκ

2188 3957 2516 4028 ὠνομάζετο.
2556 3961 2756 4016 Τοῦτον
2798 3964 2890 4017 καὶ
2918 3966 3080 4035 ἡμεῖς
3122 3963 3510 4035 μιμησώμεθα,
3559 3963 3652 4017 καὶ
3686 3964 3766 4027 είς

2189 4042 2444 4112 πρόσοδον
2467 4042 2567 4110 τῆς
2607 4044 2952 4116 Ἐκκλησίας,
2982 4049 3076 4100 καὶ
3101 4051 3180 4111 εἰς
3209 4047 3472 4117 ὠφέλειαν
3503 4048 3602 4117 τὴν
3626 4049 3658 4116 ή
3669 4062 3768 4114 με-

2187 4123 2350 4193 τέραν
2370 4139 2383 4152 ⁶
2422 4125 2540 4178 καθ’
2573 4127 2810 4197 ἑκάστην
2837 4125 2928 4183 οὖν
2953 4131 3236 4202 τρέχωμεν
3262 4130 3495 4183 ἐνταῦθα
3523 4129 3762 4195 σύναξιν.

2189 4207 2308 4261 Κᾶν
2353 4209 2616 4280 ἐπιθυμία
2655 4212 2846 4285 φλέγη,
2880 4216 3215 4268 κατασϐέσαι
3243 4215 3442 4287 ῥᾳδίως
3469 4215 3638 4285 αὐτὴν
3669 4215 3762 4270 δυ-

2187 4292 2345 4362 νήσῃ,
2372 4292 2462 4345 τὸν
2495 4289 2644 4348 οἷκον
2668 4296 2854 4350 τοῦτον
2889 4298 3048 4368 μόνον
3079 4299 3229 4352 ἰδών·
3261 4299 3364 4352 κᾶν
3389 4297 3606 4371 ὀργίζῃ,
3642 4300 3760 4368 μετ’

2185 4374 2432 4439 εὐκολίας
2461 4377 2731 4447 κοιμίσεις
2757 4380 2818 4432 τὸ
2845 4380 3031 4451 θηρίον
3049 4397 3066 4413 ·
3106 4384 3210 4435 κᾶν
3233 4383 3360 4437 ἄλλο
3384 4399 3434 4434 τι
3464 4383 3638 4447 πάθος
3667 4399 3763 4434 πο-

2185 4455 2397 4529 λιορκῇ,
2442 4460 2618 4512 πάντα
2658 4461 2860 4532 δυνήσῃ
2903 4463 3202 4518 καταλῦσαι
3230 4466 3320 4518 τὸν
3360 4465 3621 4536 χειμῶνα,
3665 4467 3760 4517 καὶ

2185 4541 2426 4619 γαλήνην
2452 4542 2811 4612 ἐργάσασθαι,
2841 4548 2936 4599 καὶ
2973 4549 3196 4618 εἰρήνην
3225 4548 3424 4619 πολλὴν
3468 4551 3532 4618 τῇ
3574 4547 3721 4617 ψυχῇ
3743 4563 3756 4576 .

2179 4617 2213 4694 ἧ
2221 4640 2247 4684 ς
2271 4623 2481 4690 γένοιτο
2503 4626 2710 4689 πάντας
2740 4628 2886 4697 ἡμᾶς
2912 4617 3224 4695 ἀπολαύειν,
3246 4617 3428 4703 χάριτι
3450 4617 3543 4683 καὶ
3569 4629 3760 4698 φιλαν-

2179 4703 2394 4776 θρωπίᾳ
2416 4707 2508 4760 τοῦ
2531 4708 2734 4779 Κυρίου
2761 4710 2919 4780 ήμῶν
2953 4713 3126 4783 Ἰησοῦ
3153 4713 3410 4785 Χριστοῦ,
3441 4713 3556 4784 μεθ’
3585 4708 3649 4767 οὗ
3676 4711 3756 4782 τῷ

2178 4789 2351 4858 Πατρὶ
2374 4789 2490 4860 ἅμα
2527 4791 2604 4861 τῷ
2645 4793 2785 4863 ἁγίῳ
2817 4795 3093 4867 Πνεύματι
3129 4799 3163 4869 ή
3202 4798 3348 4864 δόξα,
3384 4799 3478 4852 νῦν
3508 4799 3603 4852 καί⁵
3640 4798 3751 4866 ἀεὶ,

2176 4869 2270 4923 καὶ
2290 4873 2373 4935 εἰς
2402 4873 2529 4936 τοὺς
2553 4875 2757 4938 αἰῶνας
2781 4876 2888 4930 τῶν
2916 4878 3148 4936 αἰώνων.
3191 4881 3382 4952 Ἀμήν.

2236 4972 2260 5000 θ
2286 4970 2385 5022 Alii
2405 4974 2520 5036 πρὸς
2541 4977 2789 5035 ἀλλήλους.

1062 5055 3748 5104 _______.________________________________

499 5107 605 5172 Εἰς
649 5109 755 5162 τὸν
805 5112 1291 5188 παραλυτικρνῇ
1311 5115 1420 5188 τὸν
1469 5117 1540 5171 τὰ
1580 5121 1901 5188 τριάκοντα
1937 5127 2089 5180 ὀκτὼ

1120 5182 1210 5236 ὅτι
1234 5185 1436 5254 Πατήρ
1456 5206 1577 5256 μου
1607 5182 1719 5259 ἕως
1741 5193 1873 5262 ἄρτι
1900 5196 2134 5267 ἐργάζετ

991 5365 1184 5430 Λόγος
1213 5361 1565 5432 δωδέκατος.

568 5443 637 5494 α’.
659 5441 962 5511 Εὐλογητὸς
988 5447 1016 5498 ὁ
1043 5445 1202 5509 Θεός·
1228 5446 1348 5500 καθ’
1376 5449 1611 5521 ἑκάστην
1647 5451 1866 5519 σύναξιν
1896 5458 2063 5523 αὔξαι-

492 5526 724 5612 νομένην
759 5529 872 5612 ὁρῶ
911 5531 1010 5600 τὴν
1039 5533 1297 5604 ἄρουραν,
1324 5539 1574 5608 κομῶντα
1596 5539 1665 5592 τὰ
1694 5541 1838 5612 λήῑα,
1869 5542 2073 5612 πεπλη-

495 5607 746 5678 ρωμένην
775 5610 872 5680 τὴν
905 5612 1105 5681 ἅλωνα,
1147 5607 1482 5685 πληθύνοντα
1509 5619 1577 5673 τὰ
1603 5607 1910 5692 δράγματα.
1937 5607 2066 5682 Καί·

555 5747 694 5823 ἴῃς.
727 5749 910 5823 Regini};
938 5752 1090 5823 τιτι,
1111 5755 1161 5802 in
1188 5754 1440 5823 ιὶιυιολΕἱς
1455 5760 1536 5807 τὸν
1569 5763 1851 5823 παράλυτον.
1889 5781 1906 5812 ι
1943 5767 2060 5817 ΗίΕο

491 5807 1135 5879 μοιηξίίςι,λῃῐμιίέ-εαυξίη
1177 5807 1906 5877 ηοηηυιιίιιαῠειῂὁῦιηῶῦμὶέ

491 5868 706 5923 homih'is
727 5873 790 5920 55
808 5868 860 5921 ἐι
883 5874 944 5922 36
973 5877 1021 5923 in
1043 5868 1300 5928 Joahncm.
1335 5894 1355 5926 ι

2161 5132 2265 5200 ἐτη
2297 5132 2520 5216 ξκρνζα
2673 5139 2750 5209 τῇ
2819 5141 3107 5212 ἀσθενείᾳ
3139 5146 3346 5211 αὐτοῦ,
3397 5148 3497 5201 καὶ
3541 5151 3630 5216 εἰς
3681 5148 3752 5202 τὸ

2136 5216 2216 5265 αι,
2252 5203 2416 5274 κάγὼ
2450 5203 2754 5279 ἐργάζομαι
2767 5255 2781 5265 .

2173 5399 2254 5436 τοι
2302 5400 2365 5452 γε
2411 5384 2472 5438 οὐ
2513 5386 2707 5450 πολλάς
2757 5390 2972 5461 ήμέρας
2997 5390 3213 5462 ἔχομεν,
3246 5391 3303 5458 ἐξ
3332 5385 3393 5444 οὗ
3419 5392 3510 5446 τὸν
3548 5393 3748 5465 σπόρον

2170 5466 2360 5520 τοῦτον
2380 5469 2775 5541 κατεϐάλομεν,
2802 5475 2894 5527 καὶ
2923 5474 3032 5528 ἰδοὺ
3059 5474 3314 5539 πλούσιος
3332 5476 3358 5515 ιι
3389 5479 3520 5547 ἡμῖν
3545 5477 3747 5542 εὐθέως

2169 5549 2200 5602 6
2233 5550 2432 5619 στάχυς
2474 5552 2573 5622 τῆς
2622 5554 2868 5626 ὑπακοῆς
2892 5555 3414 5628 ἐϐλάστησεν.’”Οθεν
3447 5560 3626 5630 δῆλον,
3662 5561 3746 5614 ὅτι

2169 5633 2269 5686 οὑκ
2319 5633 2632 5708 ἀνθρωπίνη
2681 5637 2928 5708 δύναμις,
2983 5639 3120 5693 άλλά
3177 5640 3295 5695 θεία
3341 5641 3499 5713 χάρις
3542 5644 3746 5716 ταύτην

2170 5720 2404 5788 γεωργεῖ
2447 5719 2544 5790 τὴν
2583 5721 2929 5792 Ἐκκλησίαν.
2965 5723 3229 5796 Καὶ-γὰρ
3265 5725 3486 5797 τοιαύτη
3515 5729 3547 5798 ή
3584 5727 3739 5797 φύσις

2225 5891 2255 5934 δ
2280 5892 2405 5958 Reg.
2427 5893 2530 5945 ἰδοὺ
2551 5897 2808 5962 πλουσίως,
2832 5898 3004 5952 Morel.
3033 5906 3085 5952 et
3113 5901 3262 5952 Savil.
3299 5900 3546 5960 πλούσιος.
3613 5877 3624 5888 ⁸
