4062 6166
285 301 381 356 ΘΜ

285 411 618 468 tutndatnnii
631 412 759 466 facis
777 422 836 466 et
857 411 948 465 tibi
977 412 1097 481 ipsi,
1127 421 1191 466 ct
1210 413 1303 464 toti
1323 412 1524 475 domui,
1557 411 1600 466 si
1628 427 1856 466 conven-

286 512 476 559 tumet
517 502 759 573 syntax-im
805 501 1097 571 relinquis?
1129 501 1378 566 Quamvis
1414 503 1554 556 enitn
1596 502 1857 570 integrum

286 593 594 647 thesaurum
625 606 758 645 auro
783 591 1323 655 rcfertunriuvenias,
1363 601 1420 645 et
1459 601 1674 661 propter
1712 594 1858 646 illum

284 687 430 739 absis
459 704 471 737 :
497 685 879 752 majustament
912 683 1290 738 detrimentum
1335 695 1492 752 quam
1534 683 1751 738 luorum-
1780 684 1858 736 fa—

285 776 417 838 cies,
454 785 510 828 et
540 784 686 828 tanto
724 775 914 842 majus,
959 784 1158 844 quanto
1194 775 1532 830 sensibilibus
1572 776 1860 845 spiritualia

284 865 672 919 smntmeliom.
696 863 826 917 Nam
865 865 987 918 licet
1008 865 1098 917 illa:
1120 864 1417 919 multaosint
1442 865 1861 934 et-undequaque

284 953 524 1018 affluant,
548 970 652 1007 non
683 964 860 1007 tamen
889 954 1206 1009 hinc'tecum
1231 954 1656 1025 commigrabunt
1688 954 1755 1008 ad
1780 955 1859 1008 vi-

285 1055 392 1099 tam
425 1045 674 1109 futuram,
709 1061 880 1115 neque
916 1046 1084 1102 simul.
1119 1045 1662 1101 nobiseum‘in-carlos
1687 1055 1860 1099 trans-

284 1134 552 1203 ferentur,
574 1153 748 1207 neque
785 1138 1068 1193 adstabunt
1112 1140 1264 1208 apud!
1296 1140 1530 1194 terribile
1573 1140 1812 1194 tribunal
1843 1155 1857 1192 τ

287 1229 398 1282 imo
429 1243 573 1298 saepe
617 1241 673 1283 ct
708 1241 830 1286 ante
871 1241 1106 1286 mortem
1137 1233 1447 1286 dilabuntur
1481 1250 1494 1284 :
1535 1234 1674 1302 quod
1714 1234 1757 1286 si
1795 1232 1860 1286 ad

288 1316 984 1388 linemusqueetnanserint,
1015 1323 1316 1376 necessario
1343 1331 1520 1377 tamen
1561 1323 1661 1376 sub
1690 1324 1859 1391 ipsum

289 1412 448 1468 finem
477 1414 749 1470 tolluntur.
772 1415 1084 1484 Spiritualis.
1101 1415 1574 1470 autemthesaurns
1596 1418 1862 1484 possessio

289 1511 392 1567 est,
420 1518 538 1571 qua:
564 1504 766 1557 auferri:
784 1505 986 1574 nequit,
1009 1513 1061 1558 et
1081 1505 1276 1575 ubique
1319 1521 1500 1560 comes
1537 1515 1637 1570 est,
1681 1508 1860 1576 sequi-

291 1602 479 1662 turque
503 1609 729 1664 peregre
749 1604 957 1662 euntes,
984 1597 1217 1650 multum
1237 1596 1442 1651 fiduciae
1473 1595 1861 1667 apud‘tribunal

290 1682 482 1738 Christi
510 1685 662 1739 nobis
689 1687 945 1740 tribuens.

358 1774 411 1826 4.
444 1773 646 1844 Duplex
678 1779 962 1845 fractum:
982 1777 1147 1830 sacris
1171 1778 1507 1842 concentibus,
1547 1787 1595 1832 et
1619 1780 1859 1835 collectis.

292 1893 360 1904 -—
383 1864 548 1930 Quod.
573 1866 714 1921 siem
748 1868 868 1922 aliis
901 1869 1255 1923 comentibus
1275 1879 1476 1923 tantum
1509 1871 1638 1925 lucri
1671 1887 1860 1925 conse-

293 1955 527 2023 quimur,
555 1966 710 2011 certe
734 1959 802 2012 ab
842 1959 906 2012 iis
941 1960 1031 2028 qui
1075 1960 1160 2014 hic
1187 1961 1525 2016 celebrantur
1549 1963 1745 2030 duplex
1786 1964 1864 2016 lu-

296 2057 448 2098 crum
469 2049 937 2115 exspectare‘licet.
961 2049 1075 2104 Non
1106 2049 1412 2104 euim'ltuue
1440 2052 1672 2106 fructum
1692 2054 1861 2106 solum

300 2139 556 2206 capimus,
584 2141 977 2209 quodanimam
1013 2142 1458 2212 diviniseloquiis
1487 2146 1736 2213 rigemus,
1770 2146 1861 2200 sed

300 2240 351 2282 et
380 2230 521 2298 quod
555 2233 732 2286 hostes
759 2234 956 2302 ingenti
991 2236 1192 2302 pudore
1227 2233 1538 2296 afficiamus,
1571 2234 1864 2304 fratresque

298 2330 507 2375 nostros
550 2323 711 2375 multa
749 2326 1113 2380 consolatione
1149 2326 1467 2394 repleamus.
1499 2327 1610 2380 [lue
1643 2328 1783 2380 enim
1812 2329 1862 2381 in

294 2412 423 2464 aciei
464 2412 667 2466 lucrum
699 2416 860 2480 cedit,
895 2416 940 2469 si
981 2417 1048 2469 ad
1088 2426 1289 2484 partem
1330 2417 1496 2487 praelii
1535 2418 1782 2473 afﬂictam
1813 2429 1865 2472 et

282 2503 1068 2575 apericlimutem-properemus.
1097 2508 1377 2576 Propterea
1399 2510 1711 2564 omneshue
1740 2525 1866 2563 coo-

297 2592 458 2648 lluere
485 2596 786 2661 oportebat,
808 2606 862 2651 et
888 2597 1074 2652 hostes.
1095 2600 1182 2667 qui
1213 2614 1308 2652 nos
1339 2599 1666 2665 adoriuntur,
1697 2605 1865 2669 repel-

297 2685 423 2740 lere.
473 2686 620 2752 Esto,
672 2703 904 2755 nequeas
949 2689 1161 2758 longum
1207 2705 1506 2745 sermonem
1550 2692 1863 2760 producere,

295 2790 392 2828 nec
431 2775 629 2829 habeas
665 2777 886 2831 docendi
924 2779 1147 2847 gratiam
1180 2780 1358 2834 :adsis
1384 2781 1576 2847 solum,
1606 2791 1659 2836 et
1700 2792 1865 2836 totum

296 2865 580 2930 perfecisti.
619 2866 748 2920 Nam
792 2869 1030 2936 corporis
1069 2871 1347 2938 prmseutia
1391 2886 1664 2926 numerum
1695 2872 1869 2940 gregis

292 2954 539 3023 adauget,
580 2970 643 3009 ac
681 2957 895 3009 multant
941 2957 1187 3013 fratribus
1223 2960 1330 3013 tuis-
1363 2960 1514 3015 affert
1549 2961 1870 3016 consplatio-

293 3061 442 3110 nem,
465 3057 520 3102 et
551 3047 790 3101 hostibus
816 3050 1091 3118 pudorem.
1123 3051 1334 3105 Etenim
1356 3053 1403 3106 si
1429 3053 1546 3121 quis
1575 3054 1688 3108 haec
1716 3067 1866 3107 sacra

295 3137 567 3204 ingressus
595 3138 876 3204 vestibula,
911 3155 1104 3206 paucos
1133 3141 1326 3206 videat,
1359 3142 1684 3196 alacritatem
1719 3158 1866 3195 suam

295 3227 537 3291 remittit,
589 3230 858 3295 torpescit,
906 3229 1178 3300 factusque
1221 3233 1433 3300 segnior
1480 3233 1603 3287 hinc
1643 3233 1864 3297 recedit,

291 3318 480 3386 sicque
506 3320 756 3386 paulatim
782 3321 953 3375 ornnis
984 3323 1260 3375 multitudo
1299 3322 1536 3392 ignavior
1567 3334 1618 3377 et
1645 3325 1872 3377 dissolu-

294 3409 400 3461 tior
437 3410 633 3463 evadit.
662 3410 754 3464 Sin
794 3412 981 3466 viderit
1017 3428 1335 3468 concurrere
1375 3414 1725 3483 undequaquc
1760 3431 1872 3467 ma-

290 3512 508 3566 gnoque
551 3499 747 3563 studio,
790 3501 946 3552 etiam
991 3501 1034 3553 si
1073 3500 1226 3555 valde
1267 3502 1484 3570 ignavus
1526 3503 1613 3568 sit,
1648 3503 1872 3557 alacrior

271 3588 557 3660 redditur.
597 3589 724 3642 Nam
765 3591 808 3642 si
851 3591 982 3661 lapis
1023 3607 1166 3659 stupe
1207 3592 1272 3646 ad
1314 3593 1540 3662 lapidem
1581 3609 1872 3649 concussus

290 3680 560 3734 scintillas
597 3681 816 3735 exsilire
841 3681 978 3748 facit,
1016 3684 1224 3737 tametsi
1263 3684 1395 3740 nihil
1433 3683 1501 3739 sit
1537 3682 1774 3754 frigidius
1801 3686 1874 3738 la-

289 3774 443 3843 pide,
474 3776 706 3846 nihilque
737 3779 856 3847 igne
883 3780 1119 3843 calidius,
1151 3788 1382 3834 attamen
1411 3781 1712 3844 concussio,
1734 3780 1873 3834 victa

291 3876 513 3928 natura,
547 3867 717 3936 ignem
748 3868 908 3922 elicit.
935 3869 1085 3936 Quod
1116 3871 1158 3924 si
1191 3871 1240 3923 id
1284 3870 1336 3923 in
1377 3870 1567 3938 lapillis
1595 3870 1871 3938 contingit,

292 3958 472 4012 multo
496 3959 662 4028 magis
676 3959 823 4014 idum
850 3959 906 4014 fit
929 3969 982 4014 et
1011 3961 1061 4014 in
1088 3961 1372 4016 animabus
1387 3976 1506 4029 quae
1533 3968 1717 4014 mutuo
1741 3967 1877 4013 atte—

289 4054 503 4100 runtur
531 4055 584 4099 ct
633 4049 755 4119 igne
779 4049 1016 4118 Spiritus
1042 4053 1449 4108 concalescunt.
1481 4055 1598 4110 Non
1638 4057 1874 4116 audistis

283 4136 442 4205 apud
458 4137 713 4205 majores
725 4147 948 4195 nostros
969 4150 1178 4195 tantum
1193 4153 1412 4199 centum
1427 4157 1479 4200 et
1493 4147 1678 4217 viginti
1701 4147 1752 4201 fu
1763 4149 1872 4205 isse

283 4236 474 4280 totum
506 4228 742 4282 tidelium
763 4246 1046 4286 numerum
1075 4231 1212 4303 (Act.
1238 4235 1434 4299 1.15):
1459 4238 1566 4292 imo
1603 4247 1726 4293 ante
1748 4239 1870 4294 illos

286 4329 526 4375 centum
551 4329 618 4374 et,
645 4321 845 4390 viginti,
877 4321 1158 4377 duodecim
1195 4331 1398 4376 tantum
1425 4332 1595 4387 erant,
1623 4333 1676 4377 et
1710 4338 1881 4392 nque

289 4413 346 4466 bi
394 4421 720 4465 manserunt
751 4426 956 4477 omnes,
987 4412 1080 4467 sed
1109 4428 1244 4467 unus
1286 4427 1350 4466 ex
1380 4413 1458 4466 eis
1495 4412 1657 4465 Judas
1688 4412 1882 4480 periit?

289 4503 361 4557 Et
405 4512 565 4558 erant
606 4502 854 4558 undecim
880 4518 1086 4568 omnes,
1129 4514 1360 4558 attamen
1399 4519 1464 4559 ex
1501 4504 1746 4558 undecim
1778 4505 1882 4559 illis

290 4595 423 4650 facti
444 4603 574 4648 sunt
595 4603 809 4650 centum
835 4605 889 4650 et
915 4596 1133 4665 viginti;
1156 4611 1220 4649 ex
1249 4603 1460 4650 centum
1489 4605 1545 4652 et
1568 4596 1752 4665 viginti
1783 4599 1882 4652 tria

1053 297 1141 354 DE
1179 297 1442 353 ClllilSTi
1485 298 1894 370 ιηγιΝιτΑΤΕ,
1934 301 2206 358 CONTRA
2239 302 2610 360 ANOMGSOS.
2653 305 2765 360 XII.

3431 308 3530 367 802

1965 414 2146 480 millia,
2176 415 2369 470 deinde
2409 419 2639 488 quinque
2667 419 2850 483 millia,
2894 420 3130 490 denique
3153 432 3319 476 totum
3349 424 3536 478 orbem

1969 513 2230 561 terrarum
2274 508 2624 577 impleverunt
2649 512 2959 580 cognitione
2981 513 3104 567 Dei.
3137 513 3264 582 Ejus
3298 529 3427 569 vero
3459 517 3536 572 rei

1966 607 2126 650 causa
2154 596 2268 650 hinc
2291 606 2391 652 est.
2420 599 2710 669 Numquam
2738 603 3415 671 conventum'deserebant,
3439 607 3534 658 sed

1965 685 2136 738 simul.
2161 686 2212 739 in
2255 688 2465 757 templo-
2489 691 2954 756 conversabantur,
2995 693 3238 760 precibus
3269 703 3324 748 et
3351 694 3538 749 lectio-

1967 775 2122 830 nibus
2151 776 2340 831 intenti
2370 794 2382 830 :
2418 784 3300 850 proptemasInagnumiucendium
3327 785 3538 837 excita-

1967 874 2118 930 runt,
2171 875 2462 935 propterea.
2500 885 2797 938 numquam
2827 871 3204 939 difﬂuxorum,
3233 873 3324 928 sed
3367 884 3534 928 totum

1965 966 2296 1012 attraxerunt
2341 960 2544 1014 orbem.
2592 961 2701 1015 llus
2742 973 2796 1016 et
2846 977 2942 1016 nos
2991 979 3202 1032 quoque
3246 965 3532 1019 imitemur.

1966 1047 2244 1114 Quomodo
2285 1050 2570 1103 enimnon
2613 1050 2921 1117 absurdum;
2963 1068 3067 1106 non
3115 1063 3311 1108 tantam
3354 1070 3537 1109 curam

1968 1139 2220 1194 Ecclesia}
2250 1142 2454 1209 haberi,
2481 1151 2733 1211 quantum
2761 1145 2960 1198 vicinis
2977 1146 3086 1199 suis
3117 1149 3362 1201 mulieres
3387 1147 3534 1201 exhi-

1969 1229 2130 1285 bent?
2160 1231 2262 1285 Illte
2285 1249 2403 1286 eum
2433 1234 2672 1288 viderint.
2689 1234 2942 1301 virginem
2968 1237 3196 1305 aliquam
3225 1252 3532 1306 mttperem,

1965 1330 2020 1374 et
2048 1324 2206 1375 omni
2231 1323 2533 1377 destitutam
2575 1324 2844 1393 prmsidio,
2873 1325 3110 1380 ofﬁciose
3149 1341 3244 1380 sua
3286 1327 3533 1392 afferunt,

1965 1413 2382 1482 prepinquomm
2425 1417 2567 1470 vices
2605 1417 2882 1482 obeuntes,
2928 1426 2992 1472 etv
3022 1432 3280 1486 magnam
3308 1420 3425 1488 quis
3465 1420 3534 1473 ibi

1965 1505 2108 1560 videt
2151 1507 2518 1576 frequentiam,
2557 1509 2698 1563 dum.
2725 1509 2872 1578 virgo
2909 1509 3303 1578 desponsatam
3337 1521 3390 1564 et
3421 1511 3536 1564 alia)

1965 1596 2178 1666 quidem
2223 1596 2452 1652 offerunt
2490 1598 2770 1666 pecunias,
2815 1599 2933 1652 aliae
2983 1610 3215 1667 corpore
3249 1609 3537 1668 prmsentes

1965 1696 2107 1752 sunt,
2135 1687 2284 1756 quod
2299 1688 2776 1757 etiam-ipsum-non
2795 1703 2980 1757 parum
2997 1698 3080 1742 est
3104 1705 3118 1742 :
3141 1702 3320 1742 earum
3345 1689 3537 1757 quippe

1967 1775 2198 1830 studium
2226 1777 2495 1830 tenuitatis
2524 1778 2687 1846 ipsius
2708 1777 3080 1844 velamen-est,
3109 1793 3396 1848 earumque
3422 1780 3535 1832 ala-

1966 1867 2154 1921 critate
2180 1879 2471 1936 paupertas
2489 1869 2772 1938 obtegitur.
2801 1869 2912 1924 lloc
2936 1878 2992 1924 et
3016 1885 3111 1924 vos
3140 1871 3191 1923 in
3223 1869 3320 1924 hac
3349 1870 3535 1924 Eccle-

1967 1959 2042 2012 sia
2071 1958 2223 2013 facite
2251 1976 2265 2012 :
2294 1973 2673 2013 concurratnus
2695 1974 2888 2013 omnes
2900 1960 3151 2029 undique,
3182 1969 3240 2014 et
3264 1962 3379 2029 ejus
3404 1975 3534 2015 con-

1969 2059 2205 2120 tegamus
2242 2051 2494 2119 inopiam,
2537 2052 2644 2105 imo
2689 2053 2956 2106 solvamus
2993 2052 3124 2120 («just
3152 2061 3533 2121 paupertatem,

1968 2141 2055 2196 hic
2104 2141 2406 2210 frequenter
2455 2141 2823 2196 adventantes.
2875 2141 3050 2211 Capeti
3081 2142 3304 2194 mulieris
3352 2145 3428 2193 vir
3463 2151 3538 2195 est

1969 2231 2183 2304 (Ephes.
2212 2233 2265 2287 5.
2294 2233 2410 2303 25),
2441 2232 2630 2287 mulier
2657 2233 2755 2286 viri
2798 2232 3050 2301 adjutrix‘.
3082 2232 3156 2286 Ne
3197 2233 3355 2302 igitur
3377 2242 3539 2301 caput

1968 2323 2168 2393 absque
2191 2338 2416 2390 corpore
2439 2324 2576 2376 viam
2603 2323 2669 2377 ad
2701 2322 2819 2377 haee
2853 2332 3042 2377 saneta.
3074 2324 3256 2378 limina
3297 2324 3534 2392 arripiat,

1969 2429 2143 2482 neque
2167 2427 2360 2482 corpus
2389 2413 2588 2480 absque
2627 2414 2828 2481 capite,
2859 2414 2952 2468 sed
2984 2414 3200 2482 integer
3227 2412 3331 2467 huc
3359 2413 3536 2482 ingre-

1969 2502 2150 2556 diatur
2171 2504 2329 2557 homo
2354 2501 2531 2570 pueris
2557 2503 2951 2557 comitantibus.

2042 2593 2166 2647 Filii
2179 2595 2248 2646 ad
2263 2595 2502 2663 templum
2517 2592 2828 2647 ducendi.—
2839 2593 2968 2647 Nam
2986 2592 3336 2661 sijucundum
3361 2601 3444 2647 est
3469 2593 3539 2645 vi-

1969 2684 2097 2740 dere
2123 2685 2366 2738 arborem
2393 2699 2512 2737 cum
2550 2683 2891 2752 nova-planta
2924 2698 2968 2738 e'
2991 2683 3167 2737 radice
3205 2684 3320 2752 ejus
3347 2697 3536 2736 exsur-

1969 2785 2130 2846 gente
2157 2793 2169 2827 :
2203 2775 2369 2828 multo
2397 2775 2562 2843 magis
2596 2774 2884 2842 jucundum
2916 2782 2999 2828 est
3026 2773 3204 2827 videre
3235 2773 3501 2827 hominem
3521 2813 3538 2836 ,

1970 2869 2278 2923 omniolea
2311 2866 2954 2928 notamioreot,.a.radiee
2995 2880 3112 2919 sua.
3139 2864 3302 2918 lilium
3339 2863 3537 2918 habere

1971 2961 2290 3022 adstantem,
2331 2959 2480 3027 quasi
2529 2972 2720 3011 novam
2766 2958 2994 3024 plantam
3042 2973 3057 3010 :
3102 2968 3206 3009 non
3249 2955 3540 3024 jucundum

1972 3059 2148 3106 autem
2174 3051 2362 3114 solent,
2390 3050 2484 3104 sed
2509 3058 2562 3103 et
2583 3049 2731 3102 utile.
2760 3048 2994 3113 Etenim,
3023 3058 3078 3100 ut
3101 3057 3227 3100 autc
3255 3047 3384 3111 dixi,
3412 3060 3540 3100 con-

1972 3141 2206 3212 gregatis
2235 3141 2404 3209 majus
2446 3140 2647 3192 lucrum
2687 3139 2809 3192 erit.
2851 3139 3133 3191 Enimvero
3170 3147 3222 3190 et
3257 3135 3541 3205 agricolam

1977 3243 2098 3286 tunc
2127 3233 2362 3284 maxime
2390 3228 2733 3291 admiruntur,
2754 3243 2859 3282 non
2886 3241 3005 3282 cum
3031 3226 3365 3296 agrum‘colit
3389 3234 3544 3280 antea

1976 3323 2111 3377 bene
2137 3322 2358 3386 cultum,
2386 3321 2477 3375 sed
2518 3335 2638 3373 eum
2681 3319 2793 3372 loca
2823 3333 2931 3372 non
2969 3318 3229 3372 seminata
3262 3325 3315 3370 et
3343 3316 3544 3370 inarata

1977 3427 2180 3466 summa
2218 3427 2342 3466 cura
2372 3411 2581 3464 excolit.
2622 3409 2711 3464 Sic
2750 3417 2804 3463 et
2842 3408 3032 3462 Paulus
3069 3406 3311 3471 faciebat,
3342 3406 3543 3474 majore

1977 3503 2154 3558 studio
2173 3500 2560 3570 evangelizans,
2589 3500 2676 3554 ubi
2702 3497 2940 3552 Christus
2969 3496 3201 3552 nondum
3223 3506 3337 3550 erat
3372 3494 3544 3549 nomi-

1979 3591 2324 3646 natus..lllum
2352 3599 2402 3642 et
2428 3603 2523 3643 nos
2551 3589 2617 3642 ad
2655 3590 3036 3642 incrementum
3067 3586 3315 3641 Ecclesize
3344 3585 3539 3639 utilita-

1982 3695 2194 3753 temque
2226 3693 2458 3736 nostram
2490 3681 2776 3746 imitemur,
2803 3678 3038 3748 quotidie
3067 3678 3135 3732 ad
3165 3678 3300 3732 hanc
3319 3693 3544 3746 congre-

1977 3776 2241 3846 gationem
2270 3773 2614 3828 conﬂuentes.
2643 3771 2773 3825 Nam
2808 3771 2850 3824 si
2868 3768 3544 3838 concupiscentiaﬂagras,

1981 3875 2182 3922 tantum
2208 3865 2307 3919 hac
2326 3865 2636 3927 visadomo,
2661 3863 2856 3930 poteris
2875 3876 2992 3915 eam
3016 3859 3165 3914 facile
3185 3859 3544 3928 restinguere:

1980 3959 2106 4014 etsi
2135 3958 2397 4022 irascaris,
2428 3957 2569 4010 illam
2601 3955 2756 4008 facile
2784 3953 2947 4008 feram
2975 3951 3218 4006 domabis
3251 3967 3264 4003 :
3294 3959 3346 4004 et
3371 3951 3414 4002 si
3445 3950 3547 4002 alia

1983 4052 2224 4120 quapiam
2252 4048 2526 4102 affectione
2554 4044 2845 4115 impeteris,
2871 4051 3236 4110 tempestatem
3262 4056 3377 4094 eam
3402 4039 3553 4093 facile

1983 4141 2214 4205 sedahis,
2245 4139 2545 4208 reddesque.
2562 4151 2748 4207 pacem
2769 4144 2824 4189 et
2843 4133 3187 4188 serenitatem.
3207 4131 3397 4186 animzc
3428 4142 3550 4185 tum.

1983 4230 2098 4296 Qua
2139 4245 2238 4285 nos
2275 4245 2459 4284 omnes
2497 4228 2598 4281 frui
2634 4225 2902 4294 contingat
2938 4223 3102 4292 gratia
3144 4230 3198 4275 et
3236 4221 3556 4290 benignitate

1985 4321 2193 4378 Domini
2232 4320 2402 4374 nostri
2435 4319 2560 4374 Jesu
2598 4315 2822 4379 Christi,
2849 4315 3062 4383 quicum
3101 4311 3254 4366 Patri
3279 4319 3334 4364 ct
3371 4318 3554 4364 saneto

1987 4411 2206 4482 Spiritui
2233 4412 2301 4464 sit
2323 4409 2488 4479 gloria
2517 4421 2654 4462 nunc
2681 4415 2748 4460 et.
2761 4417 2993 4473 semper,
3016 4401 3143 4456 etin
3169 4400 3364 4455 stecula
3390 4414 3558 4455 saccu-

1989 4505 2180 4559 lorum.
2208 4503 2416 4556 Amen.

1623 4700 3560 4748 Ν*

291 4825 360 4869 1N
409 4825 886 4881 PARALYTICUM,
931 4827 1039 4880 QUI
1084 4827 1281 4870 ANNOS
1325 4827 1624 4870 TRIGINTA
1668 4826 1827 4870 OCTO

1974 4815 2295 4865 CUBUERAT
2337 4810 2400 4853 IN
2445 4803 2861 4850 lNFlBMlTATE
2905 4799 3045 4849 SUA,

3091 4797 3171 4838 ET
3215 4795 3276 4838 IN
3321 4792 3554 4841 ιῐιῠιγ,

691 4928 707 4959 ι
741 4927 942 4970 PATER
990 4927 1154 4971 MEUS
1184 4927 1385 4980 usque
1429 4926 1603 4970 nono
1644 4923 1999 4975 OPERATUR,
2045 4917 2125 4960 ET
2168 4912 2286 4956 eeo
2320 4906 2564 4952 opsnon
2611 4885 2836 4966 (Joano
2868 4879 2927 4939 5-
2976 4877 3100 4956 1ἠ’
3129 4903 3148 4935 ⁸

789 5214 980 5276 (Contra
1001 5222 1266 5263 Anomceos.
1286 5218 1359 5262 xu
1392 5212 1454 5274 ι.)

368 5301 430 5355 Ι.
464 5295 782 5354 Benedictus
823 5297 960 5352 Deus
992 5314 1006 5350 :
1035 5297 1242 5366 singulo
1270 5310 1480 5366 quoque
1520 5301 1780 5348 conventu
1809 5291 1890 5344 vi-

285 5391 405 5446 deo
452 5403 641 5443 arvum
686 5401 964 5454 crescere,
993 5401 1149 5458 agros
1185 5395 1424 5441 comatos
1465 5383 1679 5446 florere,
1713 5397 1890 5436 aream

282 5479 544 5551 impleri,
589 5479 925 5548 multiplicari
961 5478 1296 5549 manipulos;
1341 5476 1547 5532 tametsi
1593 5490 1697 5529 non
1742 5473 1892 5527 multi

284 5573 418 5630 dies
444 5571 838 5642 praeterierunt,
865 5580 1144 5642 postquam
1173 5580 1463 5628 sementem
1486 5569 1620 5624 hanc
1640 5565 1886 5636 jecimus,

357 5683 380 5713 ⁸
419 5675 604 5730 collata
618 5691 735 5729 cum
755 5686 837 5729 Ms.
856 5679 1002 5742 Regio
1023 5677 1165 5727 2124.

1997 5222 2121 5265 ecce
2147 5220 2276 5261 vero
2301 5199 2688 5273 quamprimum
2715 5195 2862 5249 dives
2889 5190 3044 5246 nobis
3072 5183 3392 5242 obedientiae
3422 5184 3568 5250 spica

1996 5295 2330 5370 germinavit.
2372 5293 2450 5348 Ex
2489 5303 2594 5360 quo
2637 5284 3094 5356 perspicuumest
3137 5290 3241 5331 non
3268 5275 3564 5370 humanam

1997 5363 2118 5445 esse
2148 5385 2457 5457 potentiam,
2480 5380 2572 5437 sed
2603 5378 2823 5448 gratiam
2843 5373 3098 5437 divinam,
3124 5382 3244 5438 quae
3268 5366 3404 5419 hanc
3427 5363 3570 5465 colat

1997 5479 2314 5537 Ecclesiam.
2358 5474 2488 5529 Nam
2535 5481 2588 5525 et
2645 5463 2945 5537 huiusmodi
2992 5469 3076 5517 est
3118 5467 3307 5513 natura
3355 5463 3569 5510 somnus

1998 5569 2305 5643 spiritualis.
2334 5565 2449 5622 Non
2469 5569 2752 5631 exspectat
2778 5568 3018 5627 tempus,
3039 5567 3146 5608 nou
3182 5548 3571 5606 multitudinem

2001 5665 2229 5730 dierum,
2277 5676 2381 5716 non
2423 5656 2676 5714 circuitus
2723 5649 3008 5716 mensium,
3067 5660 3178 5704 non
3211 5648 3573 5716 tempeStates.
