4062 6166
461 353 570 410 803

459 478 567 518 non
597 477 767 518 annos
799 479 814 516 :
840 460 934 516 sed
963 461 1089 516 licet
1111 461 1270 515 unico
1295 460 1381 514 die
1402 459 1684 527 jacientem
1711 471 1893 512 semen
1925 455 2037 526 ple-

461 572 586 610 nam
616 564 671 610 et
706 554 997 608 confertam
1039 553 1185 608 brevi
1215 551 1316 605 hoc
1343 552 1515 620 spatio
1553 563 1781 603 messem
1809 557 2035 602 metere.

463 645 668 700 Etenim
700 642 790 712 qui
821 641 959 696 hanc
997 641 1176 696 sensui
1205 639 1494 709 subjectum
1537 647 1737 693 terram
1769 636 2036 699 scindunt,

460 735 526 788 iis
551 743 606 789 et
640 733 925 803 plurimum
972 731 1165 785 laboris
1205 729 1506 784 necessario
1534 727 1893 783 adhibendum
1934 735 2035 791 est,

460 836 516 883 et
561 827 651 882 diu
699 825 1144 894 exspectandum.
1188 823 1321 878 Nam
1363 830 1418 877 et
1454 822 1618 876 boves
1659 829 1898 875 aratores
1940 819 2041 874 sub

460 921 644 988 iugum
693 918 906 972 mittere
949 924 1230 986 coguntur,
1267 923 1323 970 et
1363 913 1679 985 profundum
1719 912 1922 968 sulcum
1963 909 2040 964 fo-

462 1009 608 1070 dere,
641 1016 696 1061 et
733 1007 938 1060 semina
964 1006 1180 1074 copiose
1203 1005 1403 1075 jacere,
1435 1013 1491 1058 et
1518 1003 1854 1073 superﬁciem
1886 1010 2042 1056 terra:

461 1097 822 1167 eomplanare,
847 1105 902 1151 et
921 1096 1098 1150 omnia
1128 1110 1475 1166 qumcumque
1496 1094 1641 1164 jacta
1667 1093 1883 1158 fuerint,
1914 1107 2045 1147 con.

464 1171 663 1259 tagere,
685 1196 734 1243 ct
758 1196 1069 1256 exSpectare
1094 1197 1421 1256 opportunos
1444 1186 1736 1255 pluviarum
1758 1183 2039 1268 adventus,

464 1283 749 1351 multisque
781 1279 903 1334 aliis
939 1281 990 1334 in
1031 1280 1191 1335 rebus
1237 1279 1472 1333 laborem
1516 1292 1579 1332 ac
1618 1277 1850 1333 studium
1896 1277 2044 1330 insu-

466 1387 632 1436 mere,
664 1381 718 1426 et
757 1371 979 1425 multam
1023 1369 1274 1438 temporis
1303 1377 1614 1438 exspectare
1639 1382 1705 1422 ac
1733 1375 1860 1421 tunc
1888 1365 2044 1420 deuio

466 1477 572 1533 que
615 1464 772 1516 finem
811 1477 964 1515 suum
1009 1460 1281 1529 consequi.
1323 1459 1420 1514 Hic
1455 1468 1633 1513 autem
1672 1465 1728 1513 et
1765 1465 1951 1511 testate
1991 1464 2046 1510 et

468 1551 646 1606 hieme
689 1560 746 1606 et
782 1564 962 1604 serere
987 1557 1044 1605 et
1067 1557 1268 1604 metere
1302 1549 1447 1615 licet,
1485 1557 1539 1602 et
1565 1547 1755 1602 eodem
1793 1561 1935 1615 saepe
1960 1545 2046 1600 die

468 1650 751 1710 utrumque
789 1639 1038 1710 contigit,
1072 1639 1403 1707 potissimum
1449 1637 1538 1692 ubi
1572 1636 1780 1707 pinguis
1820 1645 1874 1690 et
1913 1635 2047 1690 uber

469 1731 626 1787 fuerit
655 1732 832 1784 anima
866 1744 986 1800 qua:
1025 1729 1240 1784 colitur.
1271 1727 1422 1794 Quod
1464 1741 1594 1781 sane
1622 1727 1676 1781 in
1710 1725 1860 1781 vobis
1885 1726 2045 1780 etiam

468 1823 591 1878 licet
618 1836 840 1877 cernere
868 1838 880 1873 :
909 1819 1255 1890 quamobrem
1283 1827 1338 1873 et
1365 1833 1465 1872 nos
1489 1818 1716 1872 alacrius
1741 1817 1808 1871 ad
1838 1832 1933 1870 vos
1957 1831 2046 1871 ac-

467 1913 750 1968 currimus.
801 1909 932 1965 Nam
975 1920 1028 1964 et
1068 1907 1300 1979 agricola
1345 1908 1486 1961 illam
1530 1905 1810 1976 diligenter
1851 1914 2044 1960 terram

467 2005 618 2069 colit,
651 2019 717 2058 ex
743 2017 848 2073 qua
884 2015 1027 2072 serpe
1055 2016 1234 2056 aream
1264 1999 1526 2068 implevit.
1557 1997 1781 2066 Quando
1808 1998 1966 2067 igitur
1994 2006 2049 2051 et

468 2111 564 2150 vos
588 2109 758 2166 pauco
785 2108 852 2148 ex
877 2093 1062 2148 labore
1088 2107 1335 2162 magnum
1363 2091 1514 2146 nobis
1541 2091 1787 2160 praebetis
1817 2105 2046 2159 proven-

470 2195 602 2248 tum,
631 2198 819 2252 magtta
847 2197 968 2237 cum
994 2183 1287 2236 attentione
1310 2179 1377 2234 ad
1405 2179 1542 2234 hanc
1567 2178 1873 2234 accedimus
1896 2179 2046 2247 agri—

469 2276 757 2340 culturam,
787 2283 840 2328 et
869 2287 1076 2337 eorum,
1105 2287 1223 2342 qua:
1257 2280 1414 2326 antea
1453 2271 1594 2325 dicta
1623 2279 1766 2335 sunt,
1799 2269 2048 2338 reliquias

471 2369 623 2423 vobis
646 2367 975 2422 dislributuri
1004 2365 1263 2420 venimus.
1296 2365 1447 2420 Tunc
1473 2365 1630 2434 igitur
1648 2380 1715 2419 ex
1734 2364 1927 2420 Vetere
1949 2365 2049 2419 Te-

473 2465 738 2512 stamento
766 2457 1176 2527 disputationem
1206 2457 1348 2510 illam
1380 2457 1665 2520 texuimus,
1693 2471 1812 2526 quae
1841 2455 1908 2511 de
1929 2456 2047 2526 glo-

473 2553 551 2606 ria
580 2549 836 2620 unigeniti
865 2549 986 2604 Filii
1015 2549 1106 2603 Dei
1133 2547 1446 2614 habebatur,
1479 2563 1620 2602 nunc
1644 2563 1710 2602 ex
1733 2547 1921 2602 eodem
1947 2548 2050 2603 hoc

474 2643 648 2710 ipsum
677 2641 930 2696 faciemus
961 2656 975 2694 :
1007 2648 1130 2693 tunc
1159 2638 1286 2692 illud
1317 2639 1696 2702 atierebamus,
1729 2638 1871 2707 quod
1899 2637 2046 2692 dice-

476 2732 564 2784 bat
591 2730 832 2786 Christus
858 2747 872 2783 :
904 2729 966 2784 Si
992 2730 1258 2783 crederetis
1287 2729 1476 2799 Moysi,
1507 2728 1772 2782 crederetis
1800 2730 1970 2798 utique
2003 2739 2051 2784 et

473 2821 598 2874 mihi
624 2819 800 2890 (Joan.
823 2819 877 2874 5.
907 2819 1023 2888 46);
1052 2833 1191 2873 nunc
1221 2827 1399 2873 autem
1428 2818 1654 2873 dicimus
1683 2818 1786 2874 hoc
1813 2833 1844 2872 a
1870 2819 2050 2890 Moyse

475 2912 676 2966 dictum
723 2925 846 2966 esse
894 2927 908 2964 :
961 2909 1268 2981 PrOphetam
1311 2911 1445 2964 vobis
1489 2911 1747 2965 suscitabit
1803 2910 2050 2966 Dominus

479 3002 618 3057 Deus
661 3019 725 3057 ea:
770 3002 1009 3072 fratribus
1047 3003 1240 3066 vestris,
1286 3005 1412 3056 sicut
1452 3018 1528 3055 me
1574 3018 1592 3055 :
1629 3003 1796 3072 ipsum
1835 3003 2051 3056 audietis

481 3092 657 3164 (Deut.
690 3092 776 3147 13.
814 3093 916 3157 l5;
947 3093 1061 3147 Act.
1099 3092 1153 3147 '5.
1191 3091 1308 3162 22).
1351 3092 1561 3146 Etenim
1602 3092 2050 3162 quemadmodum

473 3185 715 3239 Christus
741 3184 808 3238 ad
833 3185 1067 3254 Moysem
1096 3199 1189 3239 eos
1219 3184 1560 3250 transmittit,
1592 3195 1652 3238 ut
1679 3200 1777 3253 per
1803 3185 1952 3238 illum
1984 3185 2048 3238 ad

481 3291 546 3332 se
566 3275 789 3338 alliciat;
821 3275 891 3329 ita
921 3275 1130 3345 Moyses
1160 3277 1413 3344 magistro
1441 3275 1730 3344 discipulos
1758 3276 1934 3340 tradit,
1966 3275 2052 3344 ju-

476 3369 629 3431 betts,
661 3376 719 3422 ut
746 3367 796 3421 ei
824 3381 1197 3436 usquequaque
1228 3375 1465 3434 pareant.
1499 3367 1784 3422 Pareamus
1815 3367 1974 3436 igitur
1997 3376 2052 3421 et

475 3458 829 3512 assentiamur
853 3471 973 3510 cum
997 3456 1204 3510 czeteris
1223 3455 1381 3509 rebus
1400 3455 1665 3520 omnibus,
1692 3470 2052 3526 quascumque

479 3557 570 3600 aut
599 3545 744 3612 facit,
771 3554 860 3600 aut
886 3545 1049 3612 dicit,
1083 3555 1193 3599 tum
1220 3560 1347 3600 vero
1372 3546 1520 3614 signo
1545 3545 1694 3612 huic,
1727 3546 1868 3616 qttod
1895 3547 2053 3602 hodie

481 3637 632 3692 vobis
671 3638 945 3691 recitatum
979 3645 1082 3691 est.
1128 3636 1404 3702 Quodnam
1445 3652 1571 3692 vero
1606 3638 1708 3693 hoc
1744 3638 1860 3692 est?
1891 3637 2049 3704 Erat,

482 3727 668 3795 inquit,
702 3725 807 3778 dies
849 3725 1004 3794 festus
1030 3724 1329 3778 Judceorum
1359 3741 1377 3778 :
1402 3735 1448 3778 et
1474 3726 1695 3780 ascendit
1721 3727 1872 3781 Jesus
1898 3727 2051 3782 Jero-

478 3815 724 3884 solymam
745 3830 764 3868 :
781 3823 854 3868 est
881 3823 1050 3868 autent
1073 3815 1402 3884 Jerosolymis
1425 3816 1679 3885 probatica
1707 3817 1917 3887 piscina,
1941 3836 2054 3890 qua:

477 3905 858 3975 cognominatur
887 3904 1135 3959 Hebraice
1159 3903 1430 3974 Bethesda,
1461 3908 1676 3978 quinque
1702 3910 1923 3978 porticus
1953 3912 2050 3965 ha-

478 3997 599 4050 bens
619 3993 832 4066 (Jan'nn.
856 3994 1044 4064 5.1-2).
1068 3995 1126 4050 in
1146 4010 1306 4065 quant
1327 4005 1506 4052 narrat
1524 4012 1700 4053 sermo
1719 4000 2052 4070 evangelicae

481 4089 734 4144 advenire
772 4088 983 4143 solitum
1025 4098 1164 4143 stato
1210 4097 1449 4158 tempore
1489 4091 1754 4160 angelum,
1799 4101 1957 4162 atque
1996 4095 2050 4150 in

478 4195 599 4236 eam
625 4179 950 4236 descendere
979 4171 1008 4234 ε’
1025 4181 1076 4235 id
1105 4196 1231 4235 vero
1261 4181 1479 4251 intelligi
1505 4198 1570 4237 ex
1595 4183 1829 4239 mctione
1853 4201 2006 4255 aqua:
2034 4205 2049 4242 :

477 4272 656 4343 itaque
683 4272 849 4339 illunt,
877 4273 966 4343 qui
990 4273 1190 4343 primus
1210 4273 1573 4330 descendisset
1594 4284 1715 4347 post
1733 4291 1885 4346 aqua:
1904 4293 2052 4334 com-

477 4365 790 4431 motionem,
841 4378 1028 4420 sanum
1058 4365 1206 4430 ﬁeri,
1237 4380 1570 4438 quocumque
1609 4367 1821 4423 tandem
1860 4370 2050 4425 morbo

475 4454 760 4511 laboraret.
796 4455 852 4510 In
895 4456 976 4511 his
1017 4457 1176 4527 igitur
1207 4457 1418 4526 iacebat
1455 4460 1742 4528 porticibus
1768 4461 2050 4517 multitudo

475 4545 828 4610 inﬁrmorum,
855 4561 1137 4614 caecorum,
1171 4549 1497 4618 claudorum,
1531 4551 1821 4620 aridorum,
1845 4554 1937 4623 qui
1956 4568 2051 4609 ex-

474 4633 782 4704 spectabant
804 4650 954 4706 aquae
983 4646 1203 4691 motum.

545 4722 648 4779 Cur
684 4723 912 4781 Christus
949 4725 1123 4780 diebus
1161 4727 1299 4796 [estis
1337 4745 1390 4782 se
1424 4731 1704 4786 ostenderet
1729 4731 1946 4788 Judteis.
1977 4764 2048 4776 —

476 4816 656 4890 Ecqua
683 4827 861 4872 autem
889 4831 1048 4871 causa
1069 4827 1170 4884 est,
1198 4819 1540 4888 quamobrem
1566 4820 1779 4876 assidue
1801 4821 2047 4880 Christus

469 4907 668 4978 deligat
706 4907 1113 4978 Jerosolymam,
1155 4918 1210 4963 et
1250 4911 1304 4964 in
1347 4911 1473 4980 ipsis
1515 4912 1701 4969 diebus
1747 4914 1889 4969 festis
1928 4930 2046 4972 sese

469 4997 715 5054 ostendat
746 4997 976 5054 Iudaeis?
1003 4999 1259 5066 Quoniam
1293 5010 1418 5056 tunc
1454 5003 1736 5059 multitudo
1763 5008 2046 5062 convenie-

469 5089 578 5155 bat,
612 5088 890 5159 locumque
918 5088 1062 5143 illuni
1091 5103 1154 5144 ac
1182 5099 1390 5160 tempus
1416 5091 1756 5161 observabat,
1790 5105 1847 5150 ut
1874 5099 2042 5152 susci-

468 5190 619 5250 peret
642 5181 900 5236 inﬁrmos.
922 5181 1036 5236 Non
1057 5182 1200 5237 enim
1227 5183 1282 5250 ii,
1306 5185 1392 5254 qui
1414 5184 1744 5251 laborabant,
1768 5195 2044 5259 tantopere

465 5271 751 5341 cupiebant
770 5271 983 5327 liberari
1010 5287 1041 5326 a
1067 5273 1286 5338 morbis,
1315 5284 1641 5344 quantopere
1668 5277 1914 5332 studebat
1933 5294 2043 5334 me-

465 5361 616 5417 dicus
641 5376 734 5416 eos
755 5361 822 5417 ab
842 5362 1195 5418 iuvaletudine
1217 5363 1464 5419 liberare.
1487 5364 1604 5432 Quo
1626 5366 1784 5436 igitur
1804 5377 2044 5438 tempore

465 5450 716 5520 frequens
743 5463 856 5508 erat
884 5453 1118 5523 ipsorum
1144 5467 1455 5521 conventus,
1477 5465 1532 5511 et
1557 5455 1854 5513 confertum
1888 5460 2040 5514 thea-

469 5548 630 5604 trum,
657 5550 782 5597 tunc
818 5543 870 5597 in
900 5544 1130 5599 medium
1165 5546 1383 5601 veniens
1419 5562 1502 5611 ea,
1538 5563 1658 5618 quae
1699 5547 1768 5603 ad
1805 5550 2040 5618 ipsorum

463 5627 690 5682 salutem
709 5628 966 5698 facerent,
995 5632 1318 5703 proferebat.
1340 5635 1560 5692 Jacebat
1583 5637 1741 5708 igitur
1760 5638 2040 5696 multitudo

464 5716 804 5776 infirmorum
837 5728 1257 5794 exspectantium
1295 5743 1446 5798 aqua:
1477 5740 1678 5784 motum
1709 5749 1721 5784 :
1749 5741 1803 5786 et
1835 5733 1878 5786 is
1917 5732 2036 5803 qui-

1171 345 1224 402 S.
1265 343 1542 401 JOANNIS
1577 339 2054 398 CIIRYSOSTOMI
2093 339 2408 397 ARClllEP.
2449 338 2976 399 CONSTANTINOP.

3621 339 3727 398 80$

2145 453 2290 518 dem,
2327 453 2417 523 qui
2447 452 2649 523 primus
2672 455 3027 511 descendebat
3055 462 3177 524 post
3199 467 3351 521 aqua
3376 462 3599 520 motum,
3637 470 3730 511 sa-

2148 545 2404 609 nabatur;
2435 545 2526 613 qui
2553 553 2727 599 autem
2761 545 3044 611 secundus,
3078 559 3183 599 non
3213 545 3338 600 item
3373 546 3507 600 :sed
3533 562 3730 603 consu-

2147 632 2392 687 mebatur
2443 633 2908 700 medicamentum,
2953 644 3132 705 atque,
3187 649 3418 704 expensa
3459 636 3725 692 medicina

2144 723 2349 791 gratim,
2378 723 2430 777 in
2460 733 2726 793 posterum
2752 725 3021 778 restabant
3044 725 3182 780 solae
3205 739 3269 779 ac
3297 725 3524 780 desertae
3546 741 3731 795 aqum;
3762 781 3777 812 ι

2147 812 2371 882 perinde
2393 823 2557 884 atque
2581 814 2886 869 invaletudo
2906 815 3067 882 illius,
3103 815 3195 884 qui
3228 815 3425 883 primus
3440 814 3737 871 descende-
3765 848 3780 880 ς

2145 913 2248 967 rat,
2278 911 2441 958 totam
2468 904 2618 958 illam
2647 903 2948 960 facultatem
2979 904 3349 974 expressisset,
3375 915 3426 960 et
3453 904 3736 960 exhausis-

2145 999 2225 1048 set
2245 1008 2258 1057 ;
2276 1000 2330 1047 et
2338 993 2460 1062 jure
2471 993 2680 1063 quidem
2693 994 2895 1063 optimo
2907 1010 2923 1047 :
2941 994 3149 1049 servilis
3163 994 3304 1048 enim
3318 1005 3433 1050 erat
3443 995 3527 1048 illa
3543 995 3734 1066 gratis.

2218 1081 2469 1154 Baptismi
2495 1085 2662 1154 gratia
2699 1100 2850 1154 quam
2880 1085 3105 1154 copiosa.
3130 1115 3204 1126 —
3227 1085 3344 1153 Quo
3384 1096 3560 1141 autem
3593 1097 3732 1142 tem-

2149 1187 2278 1243 pore
2307 1174 2566 1230 Dominus
2594 1174 2830 1240 advenit,
2863 1190 2968 1230 non
2993 1175 3179 1230 eadem
3210 1176 3349 1230 ratio
3378 1185 3587 1232 servata
3613 1186 3730 1241 est;

2150 1277 2252 1319 nec
2296 1265 2386 1333 qui
2431 1264 2634 1334 primus
2675 1264 3034 1320 descendebat
3069 1265 3122 1319 in
3169 1265 3428 1335 piscinam
3470 1281 3735 1336 aquarum

2149 1353 2418 1423 baptismi,
2448 1355 2596 1409 solus
2623 1355 2931 1423 sanabatur,
2962 1355 3056 1410 sed
3095 1366 3150 1410 et
3179 1356 3416 1425 primus,
3443 1365 3498 1411 et
3535 1371 3733 1412 secun-

2149 1444 2271 1511 dus,
2295 1453 2350 1500 et
2375 1447 2580 1512 tertius,
2605 1455 2662 1502 et
2687 1457 2930 1517 quartus,
2957 1457 3013 1502 et
3043 1448 3303 1516 decimus,
3329 1457 3386 1504 et
3409 1448 3731 1519 vigesimus;

2149 1551 2212 1591 ac
2237 1537 2286 1590 si“
2312 1536 2495 1592 decem
2527 1538 2688 1592 millia
2717 1539 2921 1594 dixeris
2949 1548 3002 1593 et
3030 1539 3114 1594 bis
3144 1547 3290 1594 terve
3329 1540 3568 1606 totidem,
3595 1556 3658 1595 ac
3683 1541 3734 1596 si

2151 1626 2386 1683 infinitos
2426 1628 2797 1692 multitudine,
2828 1643 2891 1683 ac
2928 1628 2976 1682 si
3015 1637 3183 1683 totum
3223 1630 3406 1684 orbem
3442 1630 3637 1698 jeceris
3677 1632 3734 1685 in

2151 1718 2406 1786 piscinam
2443 1733 2721 1789 aquarum,
2752 1735 2819 1774 ne
2860 1720 3077 1774 minima
3106 1719 3319 1790 quidem
3351 1735 3417 1776 ex
3445 1733 3594 1790 parte
3633 1723 3736 1776 nti-

2152 1808 2331 1863 nuitur
2353 1812 2544 1880 gratia,
2576 1811 2671 1866 sed
2697 1811 2886 1867 eadem
2914 1822 3096 1867 manet
3119 1826 3308 1868 omnes
3335 1813 3453 1868 illos
3479 1831 3730 1885 purgans.

2152 1899 2381 1955 Tantum
2420 1901 2649 1957 interest
2687 1903 2827 1958 inter
2853 1903 3100 1958 servilem
3133 1912 3468 1974 potestatem,
3498 1914 3552 1959 et
3586 1905 3732 1960 heri-

2153 1991 2258 2044 lem
2283 1992 2676 2048 auctoritatem.
2705 1992 2797 2049 llle
2825 2009 2990 2049 unum
3014 1995 3255 2062 sanabat,
3287 1995 3376 2050 hic
3399 1997 3584 2051 orbem
3609 1999 3734 2053 uni-

2151 2095 2362 2136 versum
2394 2100 2408 2136 :
2443 2083 2532 2138 ille
2561 2083 2770 2154 singulo
2793 2100 3005 2155 quoque
3032 2101 3173 2141 anno
3201 2102 3382 2153 unum,
3411 2085 3500 2142 hic
3521 2089 3732 2158 singulo

2151 2185 2363 2241 quoque
2381 2172 2488 2238 die,
2512 2175 2556 2228 si
2573 2175 2756 2230 decem
2778 2176 2942 2232 millia
2960 2178 3092 2232 velis
3109 2179 3342 2248 injicere,
3364 2194 3552 2235 omnes
3570 2196 3732 2237 sanos

2151 2264 2353 2332 reddit;
2384 2267 2474 2321 ille
2500 2267 2830 2324 descendens
2850 2282 2903 2326 et
2927 2271 3253 2327 contui-bans
3276 2287 3489 2342 aquam,
3515 2273 3602 2330 hic
3625 2291 3732 2332 non

2152 2357 2309 2423 item;
2332 2357 2426 2414 sed
2454 2361 2581 2416 satis
2601 2372 2681 2415 est
2708 2362 2904 2417 nudum
2934 2363 3216 2418 dumtaxat
3240 2363 3405 2434 ipsius
3425 2380 3618 2420 nomen
3646 2367 3732 2420 itt-

2154 2463 2346 2505 vocare
2382 2467 2543 2521 super
2578 2468 2763 2522 aquas,
2803 2454 3036 2524 ipsisque
3070 2456 3369 2510 universam
3398 2456 3734 2513 committere

2152 2542 2374 2598 sanandi
2403 2545 2684 2600 rationem.
2714 2545 2782 2600 Et
2809 2546 2897 2601 ille
2923 2546 3138 2616 quidem
3161 2561 3442 2617 corporum
3468 2547 3608 2603 vitiis
3628 2564 3735 2604 nte-

2152 2634 2376 2690 debatur
2432 2653 2446 2689 :
2497 2637 2583 2691 hic
2631 2646 2808 2693 autem
2856 2638 3046 2692 animae
3099 2639 3438 2693 vitiositatem
3492 2639 3732 2710 corrigit.

2154 2724 2335 2792 Vides,
2359 2741 2516 2796 quam
2544 2727 2891 2798 undequaque
2919 2744 3188 2800 maguum,
3215 2739 3373 2800 atque
3394 2729 3528 2786 adeo
3554 2731 3733 2786 inﬁni-

2154 2826 2265 2871 tum
2297 2818 2626 2872 intervallum
2657 2820 2906 2889 apparet?

2223 2907 2278 2961 2.
2317 2907 2537 2964 iacebat
2566 2909 2723 2979 igitur
2759 2911 3038 2967 multitudo
3065 2912 3390 2966 infirmorum
3413 2921 3730 2982 exspectan-

2155 3001 2285 3055 tium
2309 3017 2459 3072 aqum
2487 3013 2706 3058 motum.
2732 3006 2861 3060 Erat
2879 3007 3019 3061 enim
3040 3009 3185 3062 locus
3210 3009 3294 3063 ille
3316 3009 3502 3064 medici
3525 3011 3733 3067 officina

2153 3093 2397 3162 qumdam
2444 3096 2754 3164 spiritualis.
2798 3098 3256 3164 Quemadmodum
3306 3103 3464 3172 igitur
3493 3103 3545 3157 in
3586 3103 3733 3174 ejus~

2155 3185 2296 3240 modi
2329 3186 2447 3243 loco
2471 3189 2664 3242 multos
2690 3189 2815 3244 licet
2837 3205 3056 3246 cernere
3097 3192 3266 3247 oculis
3305 3203 3524 3262 captos,
3573 3209 3734 3249 crure

2157 3276 2446 3342 mutilatos,
2468 3288 2558 3332 aut
2575 3278 2679 3333 alia
2700 3281 2938 3350 corporis
2960 3291 3106 3351 parte
3129 3283 3266 3337 male
3285 3282 3520 3349 affectos,
3545 3299 3735 3340 omnes

2155 3368 2371 3435 publice
2416 3370 2781 3437 considentes,
2825 3382 2982 3441 atque
3019 3383 3387 3444 exspectantes
3429 3376 3733 3441 medicum;

2157 3459 2226 3513 ita
2265 3460 2424 3514 etiam
2452 3461 2538 3517 hic
2581 3463 2774 3518 licebat
2804 3466 3041 3534 aspicere
3070 3466 3461 3523 multitudinem
3499 3482 3688 3522 eorum
3715 3509 3733 3534 ,

2145 3553 2243 3620 qui
2283 3564 2660 3609 convenerant.
2712 3555 2767 3610 lu
2807 3556 2891 3611 bis
2921 3558 3050 3627 ipsis
3095 3559 3388 3629 porticibus
3427 3567 3532 3614 erat
3580 3560 3735 3614 homo

2155 3643 2360 3711 quidam
2387 3646 2594 3716 triginta
2621 3655 2667 3700 et
2695 3656 2806 3701 octo
2832 3664 2994 3702 annos
3018 3650 3205 3702 habens
3229 3649 3281 3702 in
3303 3649 3594 3718 infirmitate
3616 3666 3733 3704 sua.

2159 3731 2311 3787 Hunc
2349 3751 2462 3788 cum
2516 3737 2716 3791 vidisset
2765 3737 2917 3792 Iesus
2950 3740 3202 3808 jacentent
3224 3783 3238 3806 ,
3294 3751 3341 3795 et
3387 3742 3732 3811 cognovisset,

2155 3825 2274 3893 quia
2289 3825 2402 3893 jam
2427 3827 2640 3880 multum
2669 3837 2860 3896 tempus
2903 3828 3120 3893 haberet,
3161 3829 3291 3884 dixit
3313 3831 3399 3884 ei:
3448 3830 3534 3884 Vis
3579 3847 3734 3886 sanus

2156 3914 2270 3979 ﬁeri
2282 3914 2309 3966 .9
2324 3913 2603 3981 Respondit
2621 3917 2668 3970 ei
2689 3917 2958 3988 languidus
2972 3935 3030 3971 ac
3050 3919 3198 3986 dixit,
3223 3917 3480 3990 Profecto,
3499 3919 3734 3974 Domine:

2154 4004 2244 4058 sed
2269 4005 2520 4060 hominem
2552 4024 2652 4061 non
2680 4008 2837 4063 habeo
2855 4050 2871 4074 ,
2915 4020 2971 4062 ut
2990 4027 3104 4065 cum
3145 4010 3342 4065 turbata
3369 4011 3519 4081 fuerit
3557 4028 3691 4082 aqua
3715 4053 3733 4079 ,

2157 4096 2320 4148 mittat
2347 4113 2424 4150 me
2453 4097 2506 4150 in
2535 4098 2804 4166 piscinam.
2831 4098 2967 4153 Dum
2988 4101 3130 4155 venio
3155 4101 3286 4154 enim
3313 4117 3404 4172 ego
3423 4142 3440 4168 ,
3462 4102 3596 4155 alius
3618 4112 3736 4155 ante

2156 4199 2234 4236 me
2269 4183 2524 4240 descendit
2567 4185 2761 4256 (Joan.
2804 4189 2858 4243 5.
2901 4189 2956 4243 5.
2999 4189 3081 4260 7).
3129 4190 3238 4244 Cur
3282 4199 3504 4246 caeteros
3545 4204 3736 4245 omnes

2157 4277 2466 4343 prmteriens
2489 4276 2644 4333 Jesus
2673 4278 2739 4333 ad
2768 4277 2912 4333 hunc
2937 4280 3126 4334 venit?
3160 4279 3230 4336 Ut
3253 4290 3308 4336 et
3347 4281 3638 4351 potentiam
3680 4291 3736 4335 et

2156 4363 2536 4422 humanitatem
2559 4369 2897 4424 ostenderet:
2923 4371 3208 4440 potentiam
3230 4371 3464 4442 quidem,
3482 4373 3734 4442 quoniant

2156 4459 2372 4513 morbus
2395 4461 2504 4529 jam
2546 4462 2712 4517 factus
2737 4471 2854 4517 erat
2878 4463 3183 4518 insanabilis
3211 4505 3227 4529 ,
3257 4473 3313 4520 et
3339 4465 3504 4534 ipsius
3533 4466 3734 4520 invale-

2155 4551 2280 4603 tudo
2317 4565 2382 4604 eo
2413 4551 2623 4606 redacta
2652 4562 2795 4619 erat,
2827 4561 2886 4607 ttt
2909 4563 3053 4608 esset
3077 4555 3128 4608 in
3156 4555 3315 4610 rebus
3339 4554 3632 4625 deploratis
3671 4571 3736 4610 ae

2153 4639 2474 4709 desperatis;
2501 4641 2876 4697 humanitatem
2902 4659 3051 4711 vero,
3075 4644 3214 4714 quod
3243 4645 3332 4714 qui
3363 4647 3628 4715 prmcipue
3649 4645 3735 4699 di-

2152 4745 2288 4800 gnus
2315 4741 2429 4786 erat
2451 4732 2814 4787 misericordia
2843 4743 2896 4789 et
2916 4733 3287 4806 beneﬁcentia,
3316 4734 3458 4788 hunc
3482 4749 3592 4805 pra:
3619 4748 3730 4788 ca:-

2155 4822 2284 4876 teris
2309 4825 2545 4892 respexit
2577 4825 2837 4893 propitius
2862 4840 2926 4880 ac
2961 4826 3218 4896 benignus
3245 4826 3520 4881 Dominus.
3549 4827 3735 4896 Neque

2151 4928 2278 4969 vero
2299 4914 2471 4970 locum
2493 4915 2683 4971 leviter
2707 4926 3101 4985 praetereamus,
3131 4931 3303 4986 neque
3327 4932 3604 4972 numerum
3635 4919 3736 4972 tri-

2150 5007 2295 5076 ginta
2331 5017 2385 5064 et
2425 5018 2546 5064 octo
2569 5024 2859 5074 annorum,
2889 5024 3024 5079 quos
3051 5009 3243 5079 agebat
3277 5010 3329 5063 itt
3380 5010 3736 5065 invaletudino

2155 5116 2269 5156 sua.
2299 5101 2532 5156 Audiant
2557 5117 2764 5167 omnes,
2795 5103 3115 5172 quicumque
3143 5117 3262 5156 cum
3289 5110 3600 5170 paupertate
3627 5117 3737 5170 per-

2153 5201 2311 5260 petuo
2354 5191 2764 5257 conﬂictantur,
2815 5192 3137 5262 quicumque
3178 5191 3231 5246 itt
3269 5191 3469 5245 morbis
3509 5190 3733 5255 vivunt,

2151 5284 2467 5354 quicumque
2505 5283 2901 5339 difficultatibus
2936 5291 3248 5353 premuntur
3273 5282 3602 5352 negotiorum
3630 5295 3734 5336 δίρ-

2151 5373 2428 5437 cularium,
2470 5375 2789 5445 quicumque
2815 5383 3183 5444 tempestatem
3210 5387 3274 5428 ac
3312 5372 3600 5441 procellam
3630 5386 3735 5424 non

2149 5473 2573 5534 exspectatorum
2599 5465 2863 5521 malorum
2890 5465 3272 5520 sustinuerunt.
3296 5462 3625 5532 Para'yticus
3650 5460 3736 5514 hic

2148 5563 2230 5608 est
2259 5555 2558 5624 propositus
2585 5571 2681 5611 ceu
2705 5556 3004 5610 communis
3035 5564 3217 5624 portus
3246 5553 3596 5607 humanarum
3629 5565 3724 5604 ca-

2152 5643 2466 5700 lamitatum.
2503 5645 2671 5702 Nemo
2694 5646 2838 5701 enim
2867 5647 3005 5702 adeo
3033 5660 3219 5701 vecors
3260 5651 3376 5709 est,
3417 5657 3577 5696 nemo
3600 5639 3735 5694 adeo

2151 5735 2310 5789 miser
2335 5775 2350 5804 ,
2373 5745 2428 5790 et
2454 5737 2792 5796 calamitosus
2814 5780 2830 5808 ,
2857 5738 2985 5810 quin
3015 5780 3032 5808 ,
3062 5738 3107 5792 si
3137 5737 3273 5800 hunc
3297 5743 3522 5806 spectet,
3554 5729 3732 5787 omnia
