4062 6166
245 258 358 318 8θό

246 377 348 433 τοῦ
392 376 598 445 σπόρου
633 372 730 428 τοῦ
754 372 1125 444 πνευματικοῦ
1148 389 1162 404 θ
1188 373 1289 427 οὐκ
1316 374 1574 444 ἀναμένει
1620 374 1830 446 χρόνον,

247 462 310 516 οὑ
337 458 626 531 περιμένει
653 456 856 527 πλῆθος
887 455 1128 528 ἡμερῶν,
1146 456 1246 510 οὑκ
1261 455 1538 527 ἐκδέχεται
1555 457 1835 528 περιόδους

253 542 461 614 μηνῶν,
495 541 619 594 οὐδὲ
665 540 817 613 ὥρας
850 541 947 593 καὶ
979 536 1205 611 καιροὺς
1246 540 1343 594 καὶ
1382 541 1690 604 ἐνιαυτούς·
1717 540 1833 594 ἀλλ’

246 625 398 680 εστιν
419 627 479 681 ἐν
499 623 684 695 ἡμέρᾳ
713 625 811 695 μιᾷ
845 622 1216 678 καταϐαλόντα
1236 622 1304 676 τὰ
1330 622 1624 694 σπέρματα
1652 621 1835 693 μεστῷ

236 709 347 763 ’καὶ
384 706 804 780 πεπληρωμένῳ
846 706 926 776 τῷ
975 704 1219 776 βραχίονι
1264 704 1456 760 τοῦτον
1497 706 1711 777 ἀμῆσαι
1744 706 1834 759 τὸν

246 790 483 862 ἀμητόν.
502 791 566 845 οι
600 789 701 862 μὲν
729 790 841 861 γὰρ
868 789 967 861 τὴν
989 790 1257 863 αίσθητὴν
1282 788 1490 859 ταύτην
1516 789 1837 858 ἀνατέμνον⁸

246 892 337 938 τες
380 873 509 945 γῆν,
539 873 742 944 πολλῆς
768 874 982 927 δέονται
1022 872 1124 943 τῆς
1163 872 1569 944 πραγματείας,
1597 873 1692 926 καὶ
1739 890 1837 944 μα-

248 959 392 1028 κρᾶς
414 959 517 1029 τῆς
544 955 836 1030 ἀναϐολῆς.
870 956 980 1011 Καὶ
1006 955 1117 1028 γάρ
1144 956 1239 1010 καὶ
1270 955 1395 1024 βοῦς
1422 957 1697 1027 ἀροτῆρας
1730 954 1836 1009 ὑπὸ

248 1041 349 1112 τὴν
373 1039 610 1113 ζεύγλην
628 1040 785 1110 ἄγειν
808 1038 1230 1109 ἀναγκάζονται,
1262 1040 1358 1092 καὶ
1384 1038 1604 1110 βαθεῖαν
1626 1038 1838 1094 αὔλακα

249 1124 492 1195 τέμνειν,
532 1126 627 1178 καὶ
658 1123 856 1195 δαψιλῆ
892 1123 963 1177 τά
1005 1121 1296 1194 σπέρμα-τα
1327 1122 1713 1192 καταϐάλλειν,
1743 1123 1837 1179 καὶ

250 1209 351 1279 τὴν
372 1208 695 1275 ἐπιφάνειαν
722 1205 1040 1277 ἐξομαλίσαι
1062 1205 1161 1275 τῆς
1181 1205 1308 1276 γῆς,
1340 1205 1433 1259 καὶ
1465 1206 1533 1259 τά
1562 1205 1837 1279 καταϐλη-

252 1289 417 1344 θέντα
438 1291 620 1344 πάντα
652 1290 1018 1365 περιστεῖλαι,
1043 1288 1139 1341 καὶ
1167 1289 1455 1360 ἀναμεῖναι
1484 1288 1838 1360 συμμέτρους

253 1371 475 1442 δμϐρων
512 1373 704 1443 φορὰς,
757 1372 853 1426 καὶ
896 1370 1065 1425 πολλὰ
1117 1371 1282 1441 ἔτερα
1329 1371 1710 1442 φιλοπονῆσαι,
1742 1372 1838 1424 καὶ

258 1456 422 1511 πολὺν
447 1456 769 1527 ἐκδέχεσθαι
796 1455 1009 1526 χρόνον,
1032 1455 1125 1508 καὶ⁵
1158 1455 1280 1508 τότε
1306 1453 1402 1507 τοῦ
1428 1453 1617 1518 τέλους
1646 1456 1838 1506 ἐπιτυ-

256 1541 384 1607 χεῖν.
404 1539 669 1594 Ἐνταῦθα
719 1540 777 1593 δὲ
818 1539 914 1598 καὶ
948 1541 1008 1592 ἐν
1039 1538 1189 1609 θέρει
1227 1539 1321 1592 καὶ
1368 1540 1427 1591 ἐν
1475 1537 1703 1611 χειμῶνι
1743 1538 1838 1591 καὶ

259 1624 499 1695 σπείρειν
716 1624 812 1678 καὶ
834 1623 1076 1694 ἀμᾶσθαι
1108 1623 1209 1689 ἔνι,
1240 1624 1335 1677 καὶ
1358 1624 1415 1675 ἐν
1441 1623 1579 1693 αὑτῇ
1609 1625 1675 1693 τῇ
1699 1622 1838 1692 ήμέ-

260 1724 326 1778 ρᾳ
350 1706 612 1770 πολλάκις
640 1707 928 1779 ἀμφότερα
954 1707 1167 1776 γέγονε,
1194 1707 1288 1760 καὶ
1324 1705 1558 1777 μάλιστα
1594 1707 1722 1762 ὅταν
1760 1704 1833 1757 λι-

259 1790 410 1862 παρά
455 1792 551 1844 καὶ
579 1791 720 1845 πίων
750 1789 891 1862 τύχῃ
920 1786 1056 1844 οὖσα
1098 1792 1131 1861 ή
1172 1790 1565 1859 γεωργουμένη
1591 1788 1743 1859 ψυχή
1763 1802 1778 1819 °
1809 1786 1840 1840 6

254 1871 320 1944 δὴ
342 1875 441 1927 καὶ
460 1872 546 1943 ἐφ’
565 1872 719 1944 ὑμῶν
744 1872 893 1927 ἐστιν
920 1872 1054 1927 ίδεῖν
1071 1887 1085 1902 ⁸
1116 1873 1198 1930 6:6
1225 1874 1320 1927 καὶ
1351 1874 1512 1944 ἡμεῖς
1536 1872 1675 1943 πρὸς
1695 1870 1840 1941 ὑμᾶς

259 1955 665 2033 προθυμότερον
697 1957 998 2033 τρέχομεν·
1032 1957 1156 2011 ἐπεὶ
1193 1958 1288 2010 καὶ
1331 1955 1576 2028 γεωργὸς
1620 1954 1840 2026 ἐκείνην

259 2030 559 2110 ἐργάζεται
576 2040 676 2112 τὴν
697 2030 932 2113 ἄρουραν
963 2041 1289 2111 ἐπιτήδειον,
1324 2039 1416 2108 ἀφ’
1434 2032 1504 2111 ἧς
1528 2037 1628 2110 τὴν
1657 2037 1841 2093 ἅλωνα

262 2122 523 2188 πολλάκις
569 2123 874 2195 ἐνέπλησεν.
892 2124 1045 2180 Ἐπεὶ
1094 2120 1187 2179 οὖν
1232 2124 1328 2179 καὶ
1374 2125 1532 2195 ὑμεῖς
1564 2122 1625 2188 ἐξ
1657 2122 1837 2193 ὀλίγου

261 2204 428 2258 πόνου
457 2205 656 2279 πολλὴν
679 2209 811 2279 ἡμῖν
832 2209 1101 2279 παρέχετε
1119 2208 1221 2280 τὴν
1248 2206 1527 2279 πρόσοδον,
1553 2205 1692 2276 μετά
1714 2206 1841 2263 πολ-

257 2286 357 2358 λῆς
378 2287 496 2358 τῆς,
511 2291 787 2362 προσοχῆς
824 2291 926 2361 τῆς
966 2291 1242 2362 γεωργίας
1284 2289 1568 2362 ἁπτόμεθα
1610 2288 1836 2362 ταύτης,

258 2370 487 2425 καὶτῶν
523 2373 788 2445 πρότερον
823 2374 1127 2446 εἰρημένων
1160 2374 1230 2427 τά
1266 2372 1495 2443 λείψανα
1517 2373 1646 2444 ὑμῖν
1677 2373 1840 2444 κομί-

258 2470 440 2518 σοντες
461 2455 713 2527 ἥκομεν.
747 2457 880 2510 Τότε
931 2457 1032 2529 μὲν
1060 2451 1153 2511 οὖν
1199 2456 1307 2510 ἀπὸ
1351 2457 1451 2526 τῆς
1479 2456 1722 2518 Παλαιᾶς
1750 2455 1840 2509 τὸν

258 2535 410 2606 λόγον
456 2538 745 2610 ὑφήναμεν
773 2539 865 2593 τὸν
899 2539 1159 2612 περὶτῆς
1194 2537 1354 2610 δόξης
1392 2536 1486 2591 τοῦ
1519 2536 1840 2609 μονογενοῦς

256 2618 387 2676 Υίοῦ
409 2621 510 2676 τοῦ
532 2622 672 2678 Θεοῦ
689 2640 704 2659 ο
727 2624 846 2677 νυνὶ⁵
865 2623 921 2678 δὲ
950 2624 1044 2679 ἀπ’
1071 2622 1241 2693 αὐτῆς
1263 2621 1326 2674 :6
1347 2620 1480 2675 αὐτὸ
1504 2619 1665 2675 τοῦτο
1687 2612 1843 2689 mna:

259 2720 449 2776 σομεν·
494 2707 615 2761 τότε
640 2700 733 2761 οῦν
760 2706 1040 2778 ἐλέγομεν,
1076 2707 1157 2760 ὅτι
1189 2707 1218 2759 6
1242 2703 1475 2777 Χριστὸς
1511 2702 1726 2772 ἔλεγεν·
1772 2705 1845 2756 El

255 2788 604 2845 ἐπιστεύετε
630 2790 877 2860 Μωῡσῇ,
916 2790 1263 2847 ἐπιστεύετε
1303 2788 1381 2844 ἂν
1413 2788 1574 2859 ἐμοί·
1620 2787 1739 2843 νυνὶ
1785 2787 1844 2842 δὲ

258 2870 511 2943 λέγομεν,
551 2874 634 2929 ὅτι
676 2868 800 2931 εἷπε
842 2873 1119 2945 Μωῦσῆς⁶
1163 2872 1485 2942 Προφήτην
1524 2871 1669 2942 ὑμῖν
1699 2872 1845 2927 ἀνα-

254 2957 476 3023 στήσει
508 2958 725 3027 Κύριος
755 2962 788 3014 ὁ
819 2957 965 3024 Θεὸς
994 2958 1063 3012 ἐκ
1093 2956 1214 3015 τῶν
1237 2955 1519 3026 ἀδελφῶν
1550 2954 1722 3026 ὑμῶν
1764 2956 1845 3023 ὡς

256 3040 362 3110 ἐμέ
381 3058 395 3071 ·
429 3042 618 3097 αὐτοῦ
652 3040 1231 3111 ἀκούσεσθε.⁸Ὢσπερ
1254 3040 1363 3111 γὰρ
1389 3042 1417 3093 ό
1448 3040 1683 3111 Χριστὸς
1709 3039 1844 3112 πρὸς

256 3124 349 3179 τὸν
378 3125 620 3180 Μωῦσέα
652 3125 1035 3196 παραπέμπει,
1069 3124 1157 3178 ἵνα
1190 3124 1257 3177 δι’
1279 3124 1489 3178 ἐκείνου
1533 3124 1671 3197 πρὸς
1721 3125 1846 3178 ἐαυ-

256 3209 349 3262 τὸν
381 3208 777 3280 ἐπισπάσηται,
802 3207 976 3272 οὕτως
996 3209 1024 3260 ὁ
1049 3207 1292 3278 Μωῦσῆς
1310 3207 1389 3279 τῷ
1416 3207 1719 3278 διδασκάλῳ
1741 3224 1847 3260 πα-

260 3292 515 3364 ραδίδωσι
560 3294 687 3356 τοὺς
717 3292 986 3364 μαθητὰς,
1015 3291 1252 3346 κελεύων
1294 3289 1443 3362 αὑτῷ
1476 3291 1617 3346 κατά
1666 3290 1846 3347 πάντα

258 3376 565 3432 πείθεσθαι.
592 3376 918 3448 Πειθώμεθα
956 3375 1135 3429 τοίνυν
1182 3369 1265 3438 οἷς
1306 3373 1373 3429 ἂν
1412 3377 1539 3446 ποιῇ
1568 3374 1664 3428 καὶ
1689 3374 1843 3447 λέγῃ,

259 3463 370 3522 τοῖς
398 3478 460 3513 τε
483 3460 665 3524 ἄλλοις
692 3459 885 3525 ἅπασι,
908 3459 1002 3514 καὶ
1023 3457 1198 3530 τούτῳ
1227 3457 1305 3527 τῷ
1333 3458 1574 3529 σήμερον
1601 3460 1847 3529 ἀναγνω-

257 3543 441 3597 σθέντι
474 3544 606 3615 ἡμῖν
636 3543 866 3614 σημείῳ.
906 3542 971 3596 Τί
1011 3542 1070 3596 δὲ
1102 3540 1260 3594 τοῦτό
1289 3542 1471 3607 ἐστιν;
1499 3537 1632 3605 Ἦν,
1660 3543 1844 3615 φησὶν,

255 3625 437 3703 ἑορτὴ
471 3626 594 3681 τῶν
627 3626 940 3693 Ἰουδαίων,
976 3626 1075 3681 καὶ
1103 3625 1287 3694 ἀνέϐη
1315 3626 1547 3695 Ἰησοῦς
1573 3629 1662 3694 εὶς
1690 3626 1849 3695 Ἰερο-

254 3710 703 3780 σόλυμαζἝστι
725 3709 796 3764 δὲ
821 3710 892 3764 ἐν
915 3709 1041 3777 τοῖς
1069 3709 1501 3778 Ἱεροσολύμοις
1521 3709 1845 3779 προϐατικὴ

255 3793 653 3863 κολυμϐήθρα
674 3833 689 3859 ,
735 3795 775 3863 ἡ
826 3791 1120 3863 λεγομένη
1177 3792 1472 3860 Ἐϐραϊστὶ
1528 3791 1807 3861 Βηθεσδᾶ
1826 3832 1843 3858 ,

254 3876 447 3932 πέντε
491 3878 678 3944 στοὰς
711 3876 975 3947 ἔχουσα*
1009 3877 1088 3941 εἰς
1122 3875 1189 3946 ἣν
1220 3875 1378 3945 λόγος
1407 3874 1519 3947 ἔχει
1545 3877 1847 3949 παραγινό-

259 3975 428 4029 μενον
473 3958 704 4029 ἄγγελον
748 3958 891 4013 κατά
921 3957 1114 4030 καιρὸν
1146 3957 1532 4025 καταδύεσθαι,
1565 3960 1661 4019 καὶ
1691 3959 1850 4014 τοῦτο

255 4042 630 4112 γινώσκεσθαι
675 4043 762 4097 διὰ
804 4042 904 4113 τὴν
943 4040 1039 4096 τοῦ
1087 4041 1274 4106 ὓδατος
1315 4042 1562 4113 κίνησιν·
1614 4044 1707 4097 τὸν
1756 4038 1848 4097 οῦν

258 4128 483 4200 πρῶτον
509 4125 755 4197 ἐμϐάντα
787 4126 929 4197 μετά
951 4124 1042 4179 τὸν
1071 4127 1130 4179 ἐν
1157 4123 1235 4195 τῷ
1264 4123 1417 4180 ὕδατι
1450 4124 1697 4180 κλύδωνα
1719 4126 1849 4196 ὑγιῆ

256 4208 532 4279 γίνεσθαι,
563 4209 843 4280 ὁτιδήποτε
890 4208 1229 4281 ἀρρώστημα
1269 4208 1584 4281 ἐχοντα.Ἐν
1623 4209 1850 4276 ταύταις

257 4289 355 4348 οὖν
385 4292 672 4346 κατέκειτο
715 4295 835 4358 ταῖς
870 4294 1051 4357 στοαῖς
1084 4291 1286 4363 πλῆθος
1329 4290 1719 4357 ἀσθενούντων,
1756 4310 1851 4347 τυ-

258 4376 437 4446 φλῶν,
466 4375 675 4446 χωλῶν,
700 4373 899 4447 ξηρῶν,
926 4374 1299 4447 ἐκδεχομένων
1318 4374 1416 4447 τὴν
1435 4376 1530 4430 τοῦ
1552 4375 1742 4441 ὓδατος
1766 4377 1848 4431 κί-

259 4475 442 4531 νησιν.

327 4708 494 4770 Τίνος
536 4702 632 4763 οὖν
677 4708 864 4762 ἐνεκεν
907 4707 976 4761 τά
1012 4705 1362 4779 Ἰεροσόλυμα
1392 4706 1630 4778 συνεχῶς
1653 4709 1683 4761 ὁ
1708 4708 1849 4779 Χρι-

261 4793 393 4855 στὸς
412 4790 844 4862 καταλαμϐάνει,
879 4791 972 4843 καὶ
998 4791 1055 4844 ἐν
1082 4791 1202 4855 ταῖς
1244 4791 1460 4862 ἑορταῖς
1495 4791 1849 4863 ἐπιχωριάζει

258 4878 379 4939 τοῖς
423 4875 729 4941 Ἰουδαίοις;
773 4874 989 4944 Ἐπειδὴ
1020 4874 1141 4928 τότε
1182 4873 1244 4926 τὸ
1283 4873 1487 4943 πλῆθος
1514 4873 1848 4944 συνελέγετο,

261 4960 360 5014 καί
380 4958 478 5013 τὸν
498 4958 662 5012 τόπον
694 4958 901 5013 ἐκεῖνον
928 4957 1023 5011 καὶ
1047 4956 1137 5010 τὸν
1166 4955 1353 5027 καιρὸν
1376 4958 1695 5029 παρετήρει,
1709 4956 1850 5013 ὥστε

261 5039 623 5098 ἐπιλαϐέσθαι
663 5039 773 5094 τῶν
820 5038 1209 5095 ἀσθενούντων.
1242 5039 1316 5092 Οὑ
1348 5040 1458 5111 γάρ
1489 5039 1760 5112 τοσαύτην
1800 5043 1849 5099 οἱ

262 5126 573 5197 κάμνοντες
598 5120 742 5196 εἶχον
767 5123 1059 5195 ἐπιθυμίαν
1083 5123 1463 5194 ἀπαλλαγῆναι
1486 5122 1595 5177 τῶν
1618 5141 1746 5197 νοση
1756 5127 1852 5193 μά-

262 5227 396 5274 των,
425 5208 561 5280 δσην
605 5210 634 5261 6
686 5207 868 5278 ίατρὸς
916 5207 1210 5278 ἐπεποίητο
1261 5205 1499 5280 σπουδὴν
1545 5208 1849 5274 ἀπαλλάξαι

263 5293 468 5354 αὐτοὺς
497 5291 598 5361 τῆς
629 5290 1095 5362 ἀρρωστίας.”οτε
1140 5289 1322 5343 τοίνυν
1367 5289 1582 5362 πλήρης
1609 5294 1638 5346 ὁ
1660 5293 1850 5348 σύλλο-

264 5392 365 5444 γος
387 5374 569 5429 αὐτῶν
592 5371 680 5447 ἦν,
713 5375 808 5428 καὶ
838 5373 1242 5447 ἀπηρτισμένον
1265 5374 1327 5427 :6
1350 5373 1595 5447 θέατρον,
1619 5378 1738 5430 τότε
1771 5381 1851 5443 είς

269 5460 439 5526 μέσον
465 5459 756 5530 ἐρχόμενος
797 5457 870 5513 τά
913 5458 1048 5530 πρὸς
1077 5457 1175 5528 τὴν
1200 5458 1471 5529 σωτηρίαν
1502 5461 1601 5527 τῆς
1625 5460 1850 5517 ἐκείνων

265 5542 448 5612 ψυχῆς
489 5541 850 5597 ἐπεδείκνυτο.
885 5541 1185 5597 Κατέκειτο
1232 5541 1411 5595 τοίνυν
1446 5541 1649 5612 πλῆθος
1686 5543 1850 5598 ἀσθε-

269 5624 506 5679 νούντων
540 5624 906 5697 ἐκδεχομένων
946 5625 1044 5696 τὴν
1082 5622 1175 5677 τοῦ
1214 5624 1403 5688 ὓδατος
1435 5626 1668 5696 κίνησιν.
1703 5626 1797 5680 καὶ⁵
1823 5628 1851 5680 6

271 5707 376 5777 μὲν
425 5707 643 5780 πρῶτος
697 5707 1038 5762 καταϐαίνων
1072 5706 1432 5780 ἐθεραπεύετο
1461 5709 1598 5780 μετά
1628 5709 1725 5782 τὴν
1753 5708 1848 5763 τοῦ

588 5824 861 5884 ΡΑτιιοι.
906 5825 1022 5886 Gn.
1074 5823 1351 5886 XLVIII.

999 260 1086 315 DE
1121 259 1397 317 CHRISTI
1438 261 1853 329 DIVINI'I‘ATE,
1894 263 2169 319 CONTRA
2210 260 2594 320 ANOMCEOS.
2633 262 2749 318 XII.

1941 373 2130 438 ὓδατος
2159 375 2393 448 κίνησιν,
2427 376 2455 428 6
2481 376 2537 429 δὲ
2567 373 2817 442 δεύτερος
2848 373 2948 426 οὑκ
2974 371 3055 425 ἔτι
3074 387 3088 403 ⁸
3126 372 3239 426 ἀλλ’
3258 372 3519 446 ἀνηλοῦτο

1933 455 1997 509 :6
2023 457 2333 528 φάρμακον,
2369 457 2672 512 ἐδαπανᾶτο
2702 460 2735 530 ἡ
2775 456 2985 530 ἰατρεία
3015 455 3118 528 τῆς
3146 455 3385 528 χάριτος,
3409 456 3517 511 λοι-

1936 541 2037 593 πὸν
2068 540 2252 613 ἔρημα
2287 541 2357 595 τὰ
2387 542 2557 596 ὕδατα
2588 541 2769 613 ἔμενε,
2795 543 2898 612 τῆς
2929 540 3022 595 τοῦ
3048 540 3311 612 πρώτουι
3347 559 3516 596 κατα-

1937 623 2213 689 ϐαίνοντος
2242 626 2737 699 άρῤωοτίαξάπαν
2770 625 3193 697 ἀναμαξαμένης
3218 626 3368 680 αὑτό,
3409 626 3520 680 Καὶ

1942 708 2088 777 μάλα
2119 710 2343 774 εἰκότως
2361 725 2377 742 ·
2407 709 2628 781 δουλική
2656 712 2766 782 γὰρ
2789 706 2858 782 ἦν
2885 712 2919 781 ἡ
2949 709 3126 781 χάρις.

2021 938 2159 994 Ἀλλ’
2187 941 2305 1011 οὑχ,
2343 942 2432 996 ὅτε
2460 944 2489 996 ό
2514 944 2790 1014 Δεσπότης
2828 944 3180 1015 παρεγένετο,
3210 943 3384 1007 οὕτως
3407 943 3522 1012 ἐγί-

1937 1040 2076 1089 νετο,
2112 1023 2233 1076 οὐδὲ
2278 1025 2306 1077 6
2351 1024 2567 1096 πρῶτος
2617 1027 2963 1082 καταϐαίνων
2998 1030 3084 1092 εἰς
3109 1030 3209 1101 τὴν
3250 1027 3522 1099 κολυμϐή-

1938 1109 2073 1181 θραν
2103 1108 2213 1161 τῶν
2240 1107 2448 1163 ὑδάτων
2480 1108 2574 1163 τοῦ
2603 1110 2977 1182 βαπτίσματος
3025 1112 3386 1182 ἐθεραπεύετο
3422 1113 3522 1181 μό-

1938 1209 2048 1255 νος,
2081 1191 2215 1245 ἀλλά
2244 1193 2336 1245 καὶ
2362 1195 2391 1246 6
2421 1194 2653 1263 πρῶτος,
2696 1193 2849 1266 [549]
2879 1196 2973 1248 καὶ
3000 1197 3028 1249 ὁ
3056 1197 3328 1267 δεύτερος,
3358 1196 3453 1250 καὶ
3493 1196 3521 1247 6

1936 1275 2140 1348 τρίτος,
2173 1275 2267 1330 καὶ
2305 1279 2335 1330 6
2366 1276 2648 1347 τέταρτος,
2684 1278 2780 1331 καὶ
2824 1279 2853 1331 ό
2898 1277 3144 1343 δέκατος,
3188 1280 3284 1334 καὶ
3319 1280 3350 1333 6
3378 1280 3521 1333 εἰκο-

1941 1358 2064 1421 στός
2082 1374 2097 1390 ο
2127 1359 2232 1412 κᾶν
2257 1359 2486 1430 μυρίους
2503 1361 2684 1431 εἴπῃς,
2702 1360 2803 1414 κᾶν
2823 1360 2904 1424 δὶς
2922 1360 3229 1426 τοσούτους,
3255 1360 3359 1415 κᾶν
3378 1361 3521 1430 τρὶς,

1939 1440 2043 1495 κᾶν
2089 1441 2355 1513 ἀπείρους
2395 1440 2475 1512 τῷ
2505 1441 2719 1515 πλήθει,
2756 1443 2860 1497 κᾶν
2891 1442 2989 1514 τὴν
3018 1444 3342 1513 οίκουμένην
3382 1443 3526 1496 ἀπα-

1940 1539 2039 1576 σαν
2067 1523 2312 1597 ἐμϐάλῃς
2353 1526 2435 1589 είς
2457 1525 2558 1597 τὴν
2590 1525 2977 1597 κολυμϐήθραν
3003 1525 3111 1579 τῶν
3145 1526 3372 1591 ὑδάτων,
3404 1522 3524 1578 οὑδὲ

1939 1607 2081 1661 κατά
2116 1607 2312 1679 μικρὸν
2353 1607 2673 1662 ἐλαττοῦται
2701 1610 2734 1681 ή
2765 1610 2943 1680 χάρις,
2975 1609 3089 1663 ἀλλ’
3116 1611 3150 1681 ή
3180 1609 3318 1681 αὑτὴ
3352 1607 3522 1679 μένει,
3640 1632 3643 1635 λ

1938 1691 2147 1754 πάντας
2173 1691 2418 1756 ἐκείνους
2454 1693 2814 1764 καθαίρουσα.
2843 1692 3108 1746 Τοσοῦτον
3137 1693 3198 1746 τὸ
3220 1692 3380 1765 μέσον
3400 1691 3523 1745 δου-

1938 1772 2097 1845 λικῆς
2135 1774 2438 1845 δυνάμεως,
2479 1778 2573 1831 καὶ
2605 1776 2929 1848 δεσποτικῆς
2961 1776 3268 1841 αὑθεντίας.
3286 1777 3524 1839 Ἐκεῖνος

1938 1856 2036 1933 ξνα
2060 1856 2449 1930 ἐθεράπευσεν,
2464 1854 2618 1923 οὗτος
2645 1858 2744 1931 τὴν
2765 1862 2915 1914 οίκου
2924 1860 3090 1932 μένην
3116 1861 3354 1916 ἄπασαψ
3377 1862 3522 1915 ἐκεῖ·

1940 1959 2030 2004 νος
2062 1941 2149 1995 διὰ
2192 1941 2286 1997 τοῦ
2335 1941 2581 1997 ἐνιαυτοῦ
2622 1943 2737 2008 ἐνα,
2770 1939 2923 2007 οὗτος
2971 1943 3094 1997 καθ’
3116 1944 3352 2015 ἑκάστην
3387 1943 3526 2015 ήμέ-

1944 2042 2063 2096 ραν,
2098 2026 2146 2078 εί
2166 2024 2362 2096 ,βούλει
2397 2026 2624 2100 μυρίους
2654 2026 2932 2099 ἐμϐαλεῖν,
2965 2027 3215 2092 ἅπαντας
3259 2026 3527 2097 ὑγιαίνον-

1939 2125 2041 2172 τας
2089 2109 2409 2166 ἀποδίδωσιν
2429 2126 2446 2143 ο
2481 2112 2691 2174 ἐκεῖνος
2720 2109 3060 2164 καταϐαίνων
3095 2110 3189 2165 καὶ¹
3235 2110 3525 2183 ταράσσων

1939 2191 2000 2245 :6
2043 2191 2206 2265 ὕδωρ,
2236 2186 2391 2257 οὗτος
2433 2194 2533 2263 οὐχ
2563 2191 2757 2257 οὕτως,
2788 2192 2902 2246 ἀλλ’
2933 2193 3096 2265 ἀρκεῖ
3145 2191 3307 2262 ψιλὴν
3357 2189 3523 2247 αὑτοῦ

1940 2273 2164 2328 καλέσαι
2194 2275 2294 2346 τὴν
2320 2276 2690 2348 προσηγορίαν
2728 2276 2821 2330 ἐπὶ
2851 2275 2960 2329 τῶν
2985 2275 3194 2330 ὑδάτων
3222 2275 3405 2345 μόνον.
3428 2274 3525 2327 καὶ

1941 2359 2121 2412 πᾶσαν
2166 2359 2350 2423 αὑτοῖς
2380 2359 2739 2414 ἐναποθέσθαι
2773 2358 3068 2431 θεραπείας
3094 2358 3371 2413 ὑπόθεσιν.
3402 2359 3520 2412 Κά-

1940 2443 2118 2505 κεῖνος
2168 2441 2270 2512 μὲν
2324 2442 2591 2513 σωμάτων
2641 2443 2894 2514 πήρωσιν
2921 2443 3058 2508 ίᾶτο,
3081 2436 3235 2506 οὗτος
3259 2442 3318 2494 δὲ
3341 2440 3524 2511 ψυχῆς

1941 2525 2139 2580 κακίαν
2163 2523 2468 2596 διορθοῦται
2487 2526 2538 2581 δ.
2557 2526 2717 2598 Ὀρᾷς
2760 2525 2878 2590 πῶς
2921 2525 3010 2580 διά
3057 2526 3277 2580 πάντων
3303 2524 3438 2578 πολὺ
3466 2523 3527 2576 :6

1943 2607 2112 2676 μέσον
2137 2609 2234 2662 καὶ
2261 2609 2487 2681 ἄπειρον
2516 2610 2766 2680 φαίνεται
2795 2627 2810 2675 ;

2014 2821 2079 2890 β’.
2111 2818 2409 2872 Κατέκειτο
2435 2818 2612 2873 τοίνυν
2641 2818 2847 2889 πλῆθος
2872 2817 3243 2873 ἀσθενούντων
3261 2817 3529 2889 ἀναμένον

1941 2905 2042 2976 τὴν
2068 2903 2163 2957 τοῦ
2198 2901 2389 2965 ὓδατος
2418 2902 2659 2973 κίνησιν
2691 2902 2787 2955 καὶ
2820 2902 2930 2973 γάρ
2956 2902 3190 2975 ἰατρεῖον
3215 2896 3283 2973 ἦν
3314 2902 3343 2956 6
3364 2901 3527 2964 τόπος

1945 2985 2332 3057 πνευματικόν.
2356 2984 2624 3058 Καθάπερ
2653 2980 2747 3039 οὖν
2771 2986 2830 3039 ἐν
2860 2985 3081 3057 ἰατρείῳ
3112 2983 3347 3049 πολλοὺς
3379 2983 3527 3038 ἐστιν

1946 3071 2077 3125 ίδεῖν
2095 3069 2188 3123 τὸν
2210 3067 2487 3139 ὀφθαλμὸν
2516 3066 2980 3139 ἐκκεκομμένους,
3012 3066 3447 3138 πεπηρωμένους
3467 3065 3530 3119 :6

1946 3155 2158 3218 σκέλος,
2186 3152 2315 3207 ἀλλο
2343 3152 2503 3224 μέλος
2530 3150 2969 3225 ἀρρωστοῦντας.
2993 3144 3113 3205 εἶτα
3137 3152 3291 3222 κοινῇ
3321 3149 3531 3213 πάντας

1947 3237 2420 3309 συγκαθημένους,
2461 3236 2557 3290 καὶ
2592 3236 2682 3290 τὸν
2727 3235 2918 3306 ἰατρὸν
2946 3234 3347 3308 ἀναμένοντας·
3387 3232 3531 3287 οὑτω

1944 3322 2009 3394 δὴ
2038 3322 2132 3376 καὶ
2154 3322 2212 3373 ἐν
2240 3319 2432 3391 ἐκείνῳ
2463 3318 2542 3390 τῷ
2569 3317 2753 3390 χωρίῳ
2779 3316 2841 3371 τὸ
2873 3311 3075 3388 πλῆθος
3100 3315 3209 3371 τῶν
3238 3315 3528 3386 συνεληλυ-

1947 3404 2118 3459 θότων
2144 3399 2213 3475 ἧν
2249 3403 2396 3457 ίδεῖν.
2415 3403 2520 3461 Ἑν
2547 3400 2792 3467 ταύταις
2820 3399 2951 3467 ταῖς
2976 3399 3178 3467 στοαῖς
3208 3395 3290 3471 ἦν
3316 3417 3406 3466 τις
3427 3398 3531 3453 ἅν-

1947 3490 2180 3557 θρωπος
2216 3485 2535 3555 τριάκοντα
2561 3482 2662 3538 καί
2683 3481 2837 3538 ὀκτὼ
2859 3482 2964 3552 ἐτη
2986 3483 3144 3553 ἔχων
3161 3483 3229 3537 ὲν
3255 3481 3332 3552 τῇ
3353 3482 3531 3537 ἀσθε-

1945 3572 2078 3640 νείᾳ
2108 3568 2316 3625 αὐτοῦ.
2346 3568 2568 3623 Τοῦτον
2594 3566 2738 3621 ἰδὼν
2757 3569 2790 3621 ό
2819 3565 3050 3635 Ἰησοῦς
3078 3567 3529 3636 κατακείμενον,

1947 3654 2046 3708 καὶ
2075 3652 2261 3723 γνοὺς
2299 3652 2388 3706 ὅτι
2415 3650 2533 3720 ἤδη
2565 3649 2767 3705 πολὺν
2802 3650 3029 3719 χρόνον
3057 3650 3204 3719 ἔχει,
3231 3649 3393 3719 λέγει
3421 3651 3530 3704 αὺ-

1947 3733 2029 3802 τῷ
2050 3752 2064 3767 ο
2104 3735 2312 3802 Θέλεις
2347 3733 2527 3804 ὑγιὴς
2574 3731 2893 3802 γενέσθαι;
2941 3732 3245 3801 Ἀπεκρίθη
3291 3730 3452 3798 αὺτῷ
3498 3734 3532 3786 ὁ

1949 3817 2216 3886 ἀσθενὴς
2240 3818 2341 3875 καὶ
2367 3813 2517 3883 εἷπε,
2544 3815 2679 3883 Ναὶ,
2716 3815 2896 3885 Κύριε
2915 3830 2929 3843 ’
2956 3814 3271 3883 ἄνθρωπον
3308 3813 3377 3868 δὲ
3419 3815 3532 3872 οὐκ

1949 3901 2086 3972 ἔχω,
2124 3901 2224 3967 ἵν’,
2250 3901 2398 3954 ὅταν
2421 3897 2695 3969 ταραχθῇ
2720 3898 2788 3951 τὸ
2815 3896 2994 3968 ὕδωρ,
3015 3895 3185 3965 ,βάλῃ
3215 3913 3287 3964 με
3309 3898 3397 3963 είς
3417 3895 3535 3964 τὴν

1948 3983 2399 4054 κολυμϐήθραν⁸
2442 3982 2513 4036 ἐν
2550 3974 2599 4047 ᾦ
2637 3979 2706 4034 δὲ
2748 3979 2863 4048 ἐγὼ
2897 3980 3161 4050 ἔρχομαι,
3188 3978 3380 4047 ἄλλος
3418 3979 3531 4047 πρό

1948 4065 2094 4137 ἐμοῦ
2135 4065 2496 4120 καταϐαίνει.
2532 4063 2689 4127 Τίνος
2718 4061 2904 4116 ἕνεκεν
2932 4062 3059 4125 τοὺς
3094 4060 3284 4125 ἄλλους
3322 4061 3533 4125 πάντας

1951 4146 2326 4221 παραδραμὼν
2354 4149 2382 4200 6
2420 4146 2650 4218 Ἰησοῦς,
2686 4145 2824 4218 πρὸς
2849 4143 3035 4201 τοῦτον
3060 4139 3256 4215 ἦλθεν;
3289 4142 3407 4197 Ἵνα
3437 4142 3533 4197 καὶ

1950 4231 2046 4302 τὴν
2073 4230 2322 4305 δύναμιν,
2358 4229 2450 4284 καὶ
2475 4229 2574 4301 τὴν
2614 4227 3026 4303 φιλανθρωπίαν
3063 4226 3394 4296 ἐνδείξηταιι
3433 4224 3533 4296 τὴν

1949 4313 2176 4387 δύναμιν
2203 4315 2324 4385 μὲν,
2349 4314 2431 4367 ὅτι
2468 4313 2530 4367 τὸ
2556 4312 2773 4385 νόσημα
2806 4310 2992 4364 λοιπὸν
3025 4310 3241 4364 ἀνίατον
3266 4309 3528 4379 ἐγεγόνει,

1950 4398 2045 4452 καὶ
2091 4399 2170 4460 είς
2214 4396 2525 4468 ἀμηχανίαν
2571 4392 3044 4467 περιειστήκειτά
3075 4392 3174 4462 τῆς
3222 4392 3534 4466 ἀρρωστίας

1951 4481 2099 4554 αὑτῷ
2122 4496 2134 4510 ·
2179 4481 2277 4552 τὴν
2306 4480 2363 4535 δὲ
2393 4477 2826 4552 φιλανθρωπίαν,
2867 4478 2949 4532 6::
2990 4478 3083 4532 :6v
3117 4475 3352 4548 μάλιστα
3384 4476 3533 4542 ἀξιον

1950 4565 2079 4618 δντα
2124 4562 2305 4627 ἐλέους
2355 4562 2449 4617 καὶ
2500 4560 2840 4635 εὐεργεσίας,
2869 4559 3059 4617 τοῦτον
3092 4560 3198 4633 πρὸ
3224 4559 3334 4614 τῶν
3357 4559 3534 4615 ἄλλων

1951 4644 2091 4702 εἶδεν
2119 4648 2147 4700 6
2174 4644 2428 4717 κηδεμὼν
2458 4646 2553 4699 καὶ
2581 4644 2982 4718 φιλάνθρωπος.
3012 4646 3104 4717 Μὴ
3147 4643 3211 4716 δὴ
3252 4643 3534 4715 παραδρά-

1955 4747 2143 4803 μωμεν
2172 4728 2358 4793 ἁπλῶς
2382 4728 2442 4782 :6
2466 4728 2685 4801 χωρίον,
2715 4729 2849 4802 μηδὲ
2874 4726 2968 4783 τὸν
2996 4725 3226 4801 ἀριθμὸν
3249 4724 3358 4779 τῶν
3377 4724 3534 4801 τριά-

1951 4830 2116 4869 κοντα
2137 4814 2232 4867 καὶ
2257 4810 2402 4868 ὀκτὼ
2431 4811 2587 4878 ἐτῶν,
2623 4805 2699 4866 ὧν
2726 4808 2872 4884 εἶχεν
2893 4813 2951 4865 ἐν
2975 4813 3041 4884 τῇ
3065 4807 3319 4879 ἀσθενείᾳ
3343 4806 3530 4861 αὑτοῦ.

1963 4897 2336 4951 Ἀκουέτωσαν
2363 4895 2622 4959 ἅπαντες,
2650 4895 2764 4948 ὅσοι
2783 4895 2946 4968 πενίᾳ
2967 4893 3254 4951 παλαίουσι
3273 4891 3530 4963 διηνεκεῖ,

1950 4981 2065 5049 ὅσοι
2092 4980 2186 5033 καὶ
2209 4979 2490 5052 ἀρρωστίᾳ
2521 4976 2777 5044 συζῶσιν,
2803 4978 2918 5033 ὅσοι
2948 4976 3296 5050 περιστάσεις
3327 4973 3531 5043 ὑπομέ-

1952 5052 2101 5118 νουσι
2129 5059 2470 5134 πραγμάτων
2503 5061 2794 5134 βιωτικῶν,
2828 5063 2942 5116 ὅσοι
2987 5059 3232 5134 χειμῶνα
3265 5057 3359 5113 καὶ
3406 5055 3532 5134 κλυ-

1951 5147 2137 5202 δώνιον
2165 5145 2271 5201 τῶν
2291 5133 2569 5220 ἀδοκήτων
2592 5134 2908 5218 ὑπέστησαν
2928 5133 3135 5200 κακῶν.
3162 5142 3355 5205 Κοινὸς
3377 5133 3533 5204 οὗτος

1951 5237 1980 5289 6
2009 5232 2376 5306 παραλυτικὸς
2403 5236 2579 5288 κεῖται
2603 5231 2769 5303 λιμὴν
2794 5229 2904 5284 τῶν
2933 5228 3290 5301 ἀνθρωπίνων
3323 5242 3531 5296 συμφο-

1956 5318 2083 5389 ρῶν.
2118 5317 2310 5381 Οὺδεῖς
2340 5316 2449 5388 γάρ
2480 5314 2654 5379 οὑτως
2683 5313 2907 5384 ἠλίθιος,
2944 5311 3118 5374 οὐδεὶς
3143 5309 3317 5374 οὕτως
3350 5308 3532 5370 ἄθλιος

1952 5403 2045 5456 καὶ
2077 5401 2440 5472 ταλαίπωρος,
2458 5400 2535 5463 ὡς
2562 5400 2699 5470 πρὸς
2716 5396 2903 5450 τοῦτον
2932 5393 3242 5466 ἀφορῶντα,
3266 5394 3339 5465 μὴ
3356 5392 3533 5448 πάντα

2015 5657 2040 5685 ⁸
2066 5656 2189 5717 Reg.
2212 5652 2296 5701 τοῦ
2317 5654 2530 5717 πρῴτως.

2015 5717 2043 5757 ι)
2068 5712 2202 5768 Εοῖιι
2219 5712 2499 5779 διορθοῦται,
2533 5714 2656 5777 Reg.
2678 5712 2952 5779 διωρθοῦτο.

3126 5809 3198 5868 18
