4062 6166
517 243 625 297 805

498 360 567 415 τὰ
600 358 916 431 ἐπαγόμενα
956 358 1141 431 φέρειν
1184 358 1446 427 γενναίως
1473 357 1567 411 καὶ
1599 358 1736 429 μετὰ
1771 357 2078 429 προθυμίας

499 444 731 512 ἀπάσης.
759 442 819 495 Εἰ
846 441 953 510 γὰρ
1015 441 1217 495 εἴκοσιν
1256 441 1351 511 ἔτη
1384 437 1471 512 ἦν,
1501 443 1548 494 εἰ
1578 442 1684 512 γὰρ
1713 441 1866 505 δέκα,
1898 442 1946 493 εἰ
1976 442 2084 512 γάρ

500 527 662 579 πέντε
694 526 875 595 μόνον,
906 526 1007 579 οὐκ
1047 522 1114 597 ἦν
1152 526 1311 579 ίκανά
1336 524 1587 579 διαλῦσαι
1620 526 1786 579 αὐτοῦ
1812 527 1903 579 τὸν
1931 527 2084 579 τόνον

502 609 601 679 τῆς
625 608 841 678 ψυχῆς;
878 608 936 661 Ὀ
964 609 1020 662 δέ
1048 609 1341 681 τριάκοντα
1376 610 1471 663 καὶ
1496 608 1639 663 ὀκτὼ
1666 609 1760 681 ἐτη
1788 611 1957 680 μένει,
1990 611 2087 663 καὶ

500 695 600 745 οὐκ
646 690 960 760 ἀφίσταται,
994 694 1089 744 καὶ
1122 692 1322 763 πολλὴν
1354 692 1724 747 ἐπιδείκνυται
1750 694 1849 763 τὴν
1879 693 2085 763 ὑπομο-

502 780 620 848 νήν.
654 776 805 846 Τάχα
832 778 960 848 ὑμῖν
992 776 1304 848 θαυμαστὸν
1333 774 1474 831 εἶναι
1507 779 1655 832 δοκεῖ
1678 778 1774 831 τοῦ
1803 779 1995 850 χρόνου
2024 778 2086 831 τὸ

505 866 701 935 μῆκος,
740 863 855 917 ἀλλ’
886 863 981 915 ἐὰν
1010 862 1282 934 ἀκούσητε
1307 864 1488 917 αὐτῶν
1513 863 1622 917 τῶν
1653 863 1933 936 ῥημάτων,
1961 864 2083 917 τότε

504 949 739 1017 μάλιστα
766 946 977 1001 εἴσεσθε
1006 945 1155 1018 [550]
1187 947 1352 1001 αὐτοῦ
1377 947 1477 1018 τὴν
1506 948 1825 1018 φιλοσοφίαν
1855 948 1950 1000 καὶ
1983 946 2083 1017 τὴν

501 1033 779 1104 ὑπομονὴν
810 1033 1050 1088 ἅπασαν.

580 1270 813 1341 Ἐπέστη
843 1272 872 1323 6
913 1268 1140 1340 Ἰησοῦς,
1165 1271 1260 1324 καὶ
1287 1269 1435 1339 λέγει
1467 1268 1621 1340 αὐτῷ
1640 1286 1653 1297 ·
1686 1266 1889 1334 Θέλεις
1909 1267 2087 1337 ὑγιὴς

500 1355 815 1426 γενέσθαις
851 1355 963 1409 Καὶ
1001 1355 1086 1415 τίς
1119 1355 1186 1408 ἂν
1213 1354 1370 1407 τοῦτο
1394 1354 1682 1425 ἠγνόησεν,
1710 1353 1795 1406 ὅτι
1835 1353 2085 1406 ἐϐούλετο

500 1440 752 1509 γενέσθαι
774 1440 963 1511 ὐγιής;
989 1438 1145 1501 Τίνος
1164 1434 1256 1491 οὖν
1280 1438 1465 1492 ἓνεκεν
1489 1438 1669 1509 ἐρωτᾷ
1679 1453 1699 1501 ~;
1718 1436 1834 1493 Οὐκ
1849 1435 2081 1505 ἀγνοῶν·

500 1525 529 1574 6
556 1524 664 1594 γάρ
685 1522 754 1576 τά
773 1524 1061 1595 ἀπόρρητα
1082 1522 1182 1591 τῆς
1206 1522 1445 1585 διανοίας
1473 1521 1650 1584 εἰδὼς,
1681 1520 1861 1591 πολλῷ
1886 1520 2085 1592 μᾶλλον

497 1607 567 1659 τά
593 1606 728 1677 δῆλα
759 1608 852 1659 καὶ
875 1606 1020 1676 σαφῆ
1045 1608 1209 1659 πᾶσιν
1232 1606 1520 1675 ἠπίστατο.
1547 1605 1701 1669 Τίνος
1733 1606 1918 1658 ἕνεκεν
1943 1604 2087 1677 ήρώ-

496 1707 605 1748 τας
641 1691 851 1762 Ὥσπερ
881 1690 1005 1743 τότε
1036 1689 1114 1760 τῷ
1148 1689 1518 1761 ἑκατοντάρχῃ
1550 1688 1715 1759 φησίν
1736 1704 1748 1719 ·
1797 1689 1939 1757 Ἐγὼ
1973 1688 2087 1742 ἑλ-

499 1774 620 1828 0M
651 1774 998 1842 θεραπεύσω
1028 1774 1235 1838 αὐτὸν,
1287 1773 1387 1828 οὐκ
1425 1772 1634 1843 ἀγνοῶν
1678 1772 1820 1844 άπερ
1852 1772 2085 1844 ἤμελλεν

497 1859 665 1928 ἐρεῖν.
693 1857 832 1911 ἀλλά
856 1856 1121 1929 προειδὼς
1148 1858 1243 1911 καὶ
1275 1857 1482 1929 σφόδρα
1507 1856 1751 1929 ἀκριϐῶς
1787 1857 2088 1928 ἐπιστάμε-

499 1959 606 2007 νος,
643 1941 739 1995 καὶ
766 1941 1087 2013 βουλόμενος
1116 1941 1293 2012 ἀρχὴν
1332 1940 1480 2011 αὐτῷ
1520 1940 1704 1996 δοῦναι
1750 1940 1845 1994 καὶ
1873 1942 2085 2011 πρόφα-

501 2042 605 2090 σιν,
638 2024 781 2078 ὥστε
812 2026 912 2096 τὴν
962 2026 1021 2078 ἐν
1068 2027 1196 2097 σκιᾷ
1242 2024 1547 2094 ἐκκαλύψαι
1577 2026 1744 2079 πᾶσιν
1774 2024 2081 2089 εὐλάϐειαν,

495 2110 593 2163 καὶ
622 2111 796 2162 εἰπεῖν
817 2124 831 2138 ·
864 2107 983 2176 Μὴ,
1018 2108 1227 2175 Κύριε·
1251 2110 1323 2162 οὐ
1342 2107 1453 2177 γάρ
1476 2110 1593 2177 ειμι
1634 2107 1941 2172 ἀξιος,ἵνα
1963 2124 2083 2176 μου

496 2192 616 2246 ὑπὸ
645 2191 760 2260 τὴν
788 2191 1017 2260 στέγην
1041 2191 1343 2258 εἰσέλθῃς·
1374 2188 1516 2243 οὕτω
1544 2189 1751 2242 καὶέπὶ
1778 2188 1871 2242 τοῦ
1903 2206 2085 2261 παρα-

505 2276 801 2346 λελυμένου
839 2288 865 2315 ιι
899 2274 1112 2337 τούτου,
1151 2271 1311 2336 εἰδὼς
1339 2271 1482 2344 ἅπερ
1504 2271 1735 2344 ἤμελλεν
1763 2274 1930 2343 ἐρεῖν,
1954 2274 2084 2344 ἐρω-

497 2361 568 2431 τᾷ
618 2360 667 2411 εί
729 2358 969 2428 βούλοιτο
1026 2355 1472 2426 θεραπευθῆναι,
1514 2356 1615 2409 οὐκ
1664 2357 1853 2430 ἐπειδὴ
1900 2358 2085 2428 ἠγνόει

495 2442 674 2507 τοῦτο,
720 2442 832 2497 ἀλλ’
874 2442 962 2495 ἵνα
1003 2440 1263 2513 παράσχῃ
1308 2439 1457 2510 αὐτῷ
1502 2457 1625 2493 τινα
1671 2441 1943 2513 πρόφασιν
1987 2442 2086 2496 καὶ

497 2527 753 2598 ἀφορμὴν
798 2523 1215 2597 ἐκτραγῳδῆσαι
1258 2523 1360 2594 τὴν
1399 2524 1607 2577 οἰκείαν
1654 2526 1960 2596 συμφοράν,
1990 2527 2084 2578 καὶ

496 2613 749 2683 γενέσθαι
775 2609 1094 2663 διδάσκαλον
1130 2608 1426 2678 ὑπομονῆς.
1468 2609 1530 2661 El
1568 2607 1678 2682 γὰρ
1705 2613 1830 2681 σιγῇ
1859 2610 1951 2664 τὸν
1985 2610 2083 2664 άν-

498 2697 714 2768 θρωπον
747 2693 1138 2765 ἐθεράπευσεν.
1177 2690 1563 2762 ἐζημιώθημεν
1592 2691 1658 2746 ἂν
1684 2693 1845 2765 ἡμεῖς
1878 2693 2083 2765 ζημίαν

496 2780 595 2850 τὴν
625 2778 880 2850 ἐσχάτην,
910 2776 993 2848 ,μὴ
1022 2774 1283 2847 μαθόντες
1310 2775 1473 2829 αὐτοῦ
1501 2776 1601 2848 τῆς
1622 2775 1801 2849 ψυχῆς
1819 2776 1917 2849 τὴν
1945 2796 2083 2850 καρ-

495 2862 780 2934 τερίαν.ὐ
812 2859 870 2913 δέ
903 2850 1137 2930 Χριστὸς
1170 2858 1231 2910 οὐ
1269 2857 1338 2913 τά
1372 2858 1616 2929 παρόντα
1645 2859 1950 2931 διορθοῦται
1987 2861 2082 2932 μό-

496 2964 609 3010 νον,
644 2944 780 3000 ἀλλὰ
824 2944 919 2998 καὶ
965 2943 1034 2997 τὰ
1084 2942 1344 3014 μέλλοντα
1372 2942 1571 3015 πολλῆς
1598 2943 1741 3010 ἀξιοῖ
1765 2946 1865 3017 τῆς
1890 2946 2083 3016 ἐπιμε-

496 3031 669 3095 λείας.
697 3026 1026 3083 Διδάσκαλον
1058 3025 1237 3080 τοίνυν
1277 3025 1409 3080 ὄντα
1447 3026 1611 3080 αὐτὸν
1646 3029 1943 3101 καρτερίας
1989 3030 2084 3083 καὶ

497 3114 776 3186 ὑπομονῆς
809 3111 1014 3165 ἀπασιν
1056 3108 1355 3181 ἐξεκάλυψε
1383 3112 1495 3175 τοῖς
1526 3111 1625 3181 τὴν
1655 3111 1979 3184 οἰκουμένην
2008 3114 2085 3165 οἰ-

495 3200 673 3263 κοῦσι,
718 3194 807 3250 διά
836 3196 936 3265 τῆς
974 3195 1293 3265 ἐρωτήσεως
1341 3195 1421 3257 εἰς
1461 3193 1707 3265 ἀνάγκην
1740 3194 1901 3248 αὐτὸν
1950 3196 2085 3248 ἀπο-

494 3284 730 3356 κρίσεως
765 3276 1016 3350 ἐμϐαλών
1040 3294 1055 3309 ·
1093 3277 1297 3344 Θέλεις
1322 3277 1498 3346 ὑγιὴς
1525 3276 1837 3348 γενέσθαις
1879 3277 1944 3331 Τί
1990 3274 2084 3332 οὖν

495 3368 703 3429 ἐκεῖνος
723 3381 737 3431 ;
761 3364 876 3418 Οὐκ
899 3360 1272 3433 ἐδυσχέρανεν,
1291 3360 1392 3414 οὐκ
1412 3360 1815 3431 ἠγανάκτησεν,
1838 3361 1939 3415 οὐκ
1961 3359 2082 3415 εἷπε

494 3450 633 3524 πρὸς
659 3449 750 3503 τὸν
778 3447 1132 3519 ἐρωτήσαντα
1152 3462 1164 3475 ·
1209 3444 1372 3515 Ὁρᾷς
1408 3460 1475 3515 με
1503 3443 1966 3516 παραλελυμένον,
1991 3446 2083 3500 τὸν

494 3534 687 3605 χρόνον
732 3530 905 3600 ἔγνως
950 3530 1042 3583 τὸν
1080 3528 1290 3600 μακρὸν
1318 3527 1421 3599 τῆς
1448 3529 1587 3599 ἐμῆς
1623 3529 1956 3601 ἀρρωστίας,
1986 3530 2083 3583 καὶ

495 3615 707 3687 ἐρωτᾷς
755 3614 804 3665 εἰ
840 3611 1100 3682 βούλομαι
1140 3610 1400 3680 γενέσθαι
1428 3610 1622 3680 ὐγιής;
1650 3614 1772 3675 ταῖς
1801 3613 1964 3683 ἐμαῖς
1994 3609 2082 3684 ἦλ.

496 3700 590 3762 θες
626 3696 949 3764 ἐπιγελάσαι
980 3696 1307 3763 συμφοραῖς,
1339 3692 1435 3747 καὶ
1462 3693 1720 3766 ἀλλότρια
1747 3696 2081 3767 κωμῳδῆσαι

494 3780 672 3844 κακάς
708 3779 851 3831 Ἴστε
878 3776 989 3849 γὰρ
1018 3776 1093 3839 ὡς
1130 3775 1501 3848 μικρόψυχοιιι
1540 3778 1591 3830 οἱ
1621 3777 1891 3848 ἀρῤωστοί
1921 3781 2078 3847 εἰσιν,

494 3866 546 3917 εί
568 3862 666 3917 καὶ
685 3860 941 3914 ἐνιαυτὸν
972 3860 1130 3931 μόνον
1159 3860 1253 3913 ἐπὶ
1283 3859 1471 3930 κλίνης
1498 3859 1874 3915 κατακλιθεῖεν
1899 3879 1912 3894 ·
1946 3863 2079 3917 ὅπου

378 3954 381 3957 ’
494 3948 552 4002 δέ
573 3945 868 4020 τριάκοντα
896 3944 993 3998 καὶ
1019 3941 1163 3997 ὀκτὼ
1192 3943 1286 4015 ἐτη
1308 3943 1370 3997 τὸ
1399 3944 1612 4016 νόσημα
1640 3944 1944 4016 παρετάθη,
1964 3947 2080 4012 πῶς

492 4032 595 4085 οὐκ
621 4030 767 4091 εἰκὸς
795 4028 1012 4103 ἅπασαν
1033 4027 1343 4100 ἀνηλῶσθαι
1362 4027 1676 4098 φιλοσοφίαν
1702 4030 1760 4082 ἐν
1787 4030 1983 4100 μακρῷ
2003 4030 2081 4103 τῷ

494 4116 670 4189 χρόνῳ
691 4111 1125 4184 δαπανηθεῖσαν;
1168 4110 1309 4165 Ἀλλ’
1338 4112 1487 4182 ὅμως
1516 4112 1667 4166 οὐδὲν
1691 4112 1932 4166 τοιοῦτον
1956 4114 2080 4169 οὐτε

492 4196 666 4262 εἶπεν,
693 4197 816 4251 οὐτε
846 4195 1128 4267 ἐνενόησεν
1168 4197 1394 4263 ἐκεῖνος,
1427 4195 1565 4251 ἀλλά
1598 4198 1736 4268 μετά
1761 4197 1961 4270 πολλῆς
1981 4199 2080 4269 τῆς

492 4282 794 4344 επιεικείας
842 4283 1077 4333 ποιεῖται
1126 4278 1225 4350 τὴν
1265 4278 1582 4351 ἀπόκρισιν,
1612 4280 1706 4333 καί
1741 4297 1913 4351 φησι·
1940 4282 2077 4348 Nat,

491 4367 668 4434 Κύριε
693 4381 708 4398 ·
736 4365 874 4419 ἀλλ’
906 4363 995 4417 ὅτι
1026 4361 1342 4431 ἄνθρωπον
1374 4364 1485 4417 οὐκ
1515 4364 1652 4433 ἔχω,
1686 4364 1785 4429 ἵν’,
1811 4365 1958 4419 ὅταν
1978 4382 2079 4420 τα-

485 4447 684 4550 ςξξχθῇ
731 4448 798 4550 ξδ
830 4445 1317 4550 ὕδωριῇάλῃιμεη
1348 4448 1446 4550 εὶςὶ
1476 4446 1595 4550 τῂν
1628 4448 2073 4550 ¹μαζὶιιιιὸθήθριιιι.

514 4528 641 4619 ζυρα
693 4531 839 4619 πόσα
890 4529 1146 4619 συνῆλθεν
1184 4528 1319 4619 ὁμοῦ
1359 4530 1453 4582 καὶ
1476 4530 1581 4619 ,τὸν
1622 4531 1907 4602 ἄνθρωπον
1948 4535 2077 4588 ἐπο-

382 4614 395 4636 ‘
492 4612 729 4689 λιόρκει·
784 4614 976 4680 νόσος,
1016 4613 1110 4666 καὶ
1162 4612 1354 4677 πενία,
1408 4613 1500 4666 καὶ
1549 4614 1754 4684 ἐρημία
1793 4615 1901 4669 τῶν
1940 4634 2077 4687 προ-

494 4696 863 4781 στησομένων.
919 4699 1022 4751 Ἐν
1265 4694 1383 4781 ἐγὼ
1412 4694 1679 4781 ἔρχομαι,
1732 4697 1925 4765 ἄλλος
1962 4700 2077 4770 πρὸ

468 4778 638 4852 ἐμοῦ
691 4781 1053 4836 καταϐαίνει.
1101 4778 1271 4833 Τοῦτο
1316 4780 1534 4834 πάντων
1569 4780 1950 4852 ἐλεεινότερον,
1983 4785 2078 4839 καὶ

490 4866 637 4921 λίθον
669 4865 1010 4920 αὐτὸίκανὺν
1026 4863 1358 4934 ἐπικάμψαι.
1393 4864 1502 4917 Καὶ
1533 4862 1642 4935 γὰρ
1667 4865 1798 4936 όρᾷν
1817 4882 1915 4936 ,μοι
1936 4865 2078 4921 δοκῶ

490 4953 583 5005 τὸν
616 4950 904 5023 ἄνθρωπον
943 4949 1183 5021 ἓρποντα
1224 4948 1348 5003 καθ’
1391 4948 1620 5002 ἕκαστον
1670 4950 1933 5017 ἐνιαυτὸν,
1982 4954 2076 5006 καὶ

489 5037 629 5107 πρὸς
667 5035 799 5089 αὐτὸ
843 5035 905 5088 τὸ
952 5033 1128 5105 στόμα
1170 5032 1271 5103 τῆς
1307 5032 1693 5105 κολυμϐήθρας
1734 5035 2073 5105 γιγνόμενον,

489 5120 585 5175 καὶ
612 5121 671 5174 ἐν
700 5117 850 5190 αὐτῷ
900 5117 979 5189 τῷ
1026 5116 1168 5171 τέλει
1204 5117 1302 5188 τῆς
1344 5117 1593 5188 χρηστῆς
1662 5118 2077 5192 ἐκκρεμάμενον

487 5202 705 5267 ἐλπίδος
750 5202 873 5256 καθ’
912 5200 1143 5256 ἕκαστον
1195 5199 1475 5254 ἐνιαυτόν·
1521 5203 1618 5255 καὶ
1658 5202 1719 5255 τὸ
1759 5204 1824 5275 δὴ
1866 5203 2074 5275 μεῖξον,

546 5482 576 5547 3
600 5482 721 5547 Reg.
746 5481 831 5547 τοῦ
853 5482 1140 5547 παραλστου.

544 5541 578 5582 ιι
603 5541 904 5609 Μεὶρόψυχοι
926 5541 1013 5592 'Inc
1043 5541 1301 5609 signiﬁcat,
1328 5555 1425 5609 ηοῃ
1459 5543 1630 5609 pusilli
1660 5544 1841 5605 animo,
1882 5554 1939 5597 ut
1958 5562 2073 5598 ver-

490 5610 621 5677 ιεηι
629 5603 675 5672 ,Ν
681 5603 762 5677 φιῃ
772 5603 894 5677 ι’ἱιὶςὶλ
906 5608 994 5677 sed
1002 5603 1405 5677 _mo3'qsi,nacerbi
1411 5643 1423 5665 ,
1530 5603 1836 5677 μικροψυχία,
1861 5609 2070 5661 alterca-

489 5672 573 5725 no,
594 5666 833 5715 tinnulas.
860 5667 1046 5724 Qua'de
1068 5678 1125 5715 re
1145 5668 1193 5715 in
1219 5666 1703 5737 Onomaslico‘inl'ral'

1212 243 1268 300 S.
1308 241 1598 315 JOANMS
1633 240 2121 299 CHRYSOSTOIH
2160 242 2481 299 ARCHIEP.
2512 240 3068 300 CONSTANTINOP.

3656 246 3766 303 806

2187 362 2270 416 ὅτι
2307 360 2478 416 ταῦτα
2523 359 2813 430 ὑπέμεινεν
2841 359 2942 412 οὐκ
2981 359 3073 412 ἐπὶ
3102 357 3196 411 δύο
3217 356 3312 411 καὶ
3337 357 3486 429 τρισὶ
3520 361 3615 415 καὶ
3639 362 3770 420 δέκα

2183 446 2382 509 ἐτεσιν,
2417 446 2533 507 ἀλλ’
2564 446 2657 497 ἐπὶ
2706 442 2851 497 ὀκτὼ
2896 444 2991 497 καὶ
3033 443 3348 514 τριάκοντα.
3394 443 3505 496 Καὶ
3538 445 3637 516 τὴν
3672 449 3773 519 μὲν

2184 529 2417 601 σπουδὴν
2450 528 2794 582 ἐπεδείκνυτο
2822 524 3023 592 πᾶσαν,
3038 525 3134 579 τοῦ
3164 525 3225 579 δέ
3241 525 3456 597 καρποῦ
3486 526 3768 594 ἐξέπιπτε·

2182 614 2276 670 καὶ
2312 616 2341 668 6
2366 614 2463 685 μὲν
2500 612 2699 684 δρόμος
2753 611 2983 680 ἐγίνετο,
3034 609 3226 663 τούτου
3267 610 3325 664 δὲ
3360 609 3457 664 τοῦ
3487 612 3691 683 δρόμου
3712 614 3775 667 τὸ

2184 698 2434 769 βραϐεῖον
2467 697 2673 766 ἐτέρου,
2700 694 2795 749 ἐπὶ
2827 696 2939 757 τοῖς
2979 693 3193 757 πολλοῖς
3221 694 3450 758 ἐκείνοις
3473 694 3617 749 ἔτεσι
3635 713 3650 727 ·
3678 699 3774 752 καὶ

2180 782 2242 836 τὸ
2270 783 2334 853 δὴ
2366 780 2766 852 χαλεπώτερον,
2803 779 2885 832 ὅτι
2912 778 3004 831 καὶ
3038 776 3231 841 ἄλλους
3261 777 3773 851 ἀπαλλαττομένους

2183 864 2346 940 ἐώρα.
2381 865 2523 919 Ἰστε
2550 864 2658 935 γὰρ
2707 863 2774 934 δὴ
2820 861 3002 925 τοῦτο,
3058 862 3143 915 ὅτι
3175 860 3540 916 τῶν-οἰκείων
3583 864 3771 918 κακῶν

2181 948 2578 1022 ἀκριϐεστέραν
2597 946 2848 1016 αίσθησιν
2863 943 3234 1016 λαμϐάνομεν,
3261 945 3390 998 ὅταν
3412 946 3633 1018 ἐτέρους
3656 950 3770 1011 τοῖς

2179 1033 2365 1096 αὐτοῖς
2398 1030 2794 1103 περιπεσόντας
2817 1027 2970 1101 [55η
3003 1028 3197 1091 δεινοῖς
3229 1028 3323 1081 καὶ
3354 1028 3772 1099 ἀπαλλαγέντας

2182 1115 2400 1185 ἴδωμεν.
2434 1113 2534 1166 Διά
2570 1111 2730 1165 τοῦτο
2758 1114 2852 1165 καὶ
2884 1114 2913 1165 6
2947 1111 3139 1180 πένης,
3161 1111 3289 1164 ὃταν
3321 1109 3404 1181 ῐδῃ
3439 1111 3771 1167 πλουτοῦντα

2093 1222 2101 1229 -
2181 1198 2386 1268 ἕτερον,
2416 1197 2538 1250 τότε
2566 1194 2765 1265 μᾶλλον
2805 1195 2905 1264 τῆς
2943 1194 3148 1256 οἰκείας
3190 1192 3508 1248 αἰσθάνεται
3540 1196 3731 1260 πενίας
3753 1211 3768 1227 ·

2183 1283 2277 1336 καὶ
2309 1285 2337 1336 6
2364 1280 2534 1336 νοσῶν
2559 1280 2742 1333 πλεῖον
2771 1279 3044 1344 όδυνᾶται,
3076 1279 3203 1333 ὅταν
3229 1278 3457 1343 πολλοὺς
3477 1278 3584 1333 τῶν
3625 1298 3769 1352 καμ-

2181 1366 2381 1419 νόντων
2419 1365 2501 1436 ἴδῃ
2550 1364 2649 1434 τὴν
2698 1361 3009 1434 ἀρρωστίαν
3060 1360 3455 1432 ἀποθεμένους,
3500 1362 3663 1416 αὐτὸν
3715 1363 3778 1417 δὲ

2181 1449 2438 1521 οὐδεμίαν
2470 1449 2663 1520 ἔχοντα
2688 1445 2932 1518 χρηστήν
2960 1445 3170 1500 ἐλπίδα.
3204 1446 3294 1499 Ἐν
3309 1446 3419 1517 γὰρ
3434 1448 3554 1510 ταῖς
3568 1446 3776 1517 ἐτέρων

2182 1535 2510 1607 εὐπραγίαις
2543 1534 2639 1597 τὰς
2668 1531 2879 1594 οἰκείας
2912 1529 3247 1601 σαφέστερον
3282 1529 3604 1600 καθορῶμεν
3632 1546 3775 1600 συμο

2182 1619 2356 1690 φοράς
2380 1636 2392 1649 ·
2416 1615 2445 1670 ὃ
2479 1616 2543 1689 δὴ
2578 1615 2675 1669 καὶ
2703 1614 2880 1683 τούτῳ
2920 1611 3041 1665 τότε
3073 1611 3407 1665 συνέϐαινεν.
3456 1612 3595 1669 Ἀλλ’
3621 1612 3777 1681 ὅμως

2181 1702 2275 1756 καὶ
2307 1700 2576 1771 νοσήματι
2599 1698 2695 1753 καὶ
2721 1696 2883 1768 πενία
2902 1696 2998 1749 καὶ
3024 1694 3231 1767 ἐρημία
3263 1695 3356 1748 ἐπὶ
3375 1695 3632 1749 τοσοῦτον
3652 1695 3778 1766 χρό-

2180 1802 2271 1840 νον
2298 1783 2565 1848 παλαίων,
2590 1783 2685 1836 καί⁸
2713 1781 2932 1851 ἐτέρους
2957 1779 3100 1842 ὁρῶν
3129 1777 3656 1850 ἀπαλλαττομένους,
3677 1778 3777 1832 καὶ

2181 1868 2344 1922 αὐτὸν
2389 1866 2817 1937 ἐπιχειρήσαντα
2850 1862 3071 1934 μὲνάεὶ,
3110 1860 3364 1932 ἰσχύοντα
3406 1862 3464 1914 δέ
3490 1862 3776 1924 οὐδέποτε,

2179 1952 2276 2006 καὶ
2302 1950 2424 2004 οὐδὲ
2458 1949 2594 2021 μετά
2618 1946 2795 2003 ταῦτα
2831 1944 2991 2000 πάλιν
3028 1944 3259 2008 ἐλπίζων
3287 1944 3778 2017 ἀπαλλαγήσεσθαι

2179 2034 2273 2087 τοῦ
2305 2032 2501 2097 δεινοῦ,
2534 2031 2656 2086 οὐδὲ
2686 2031 2859 2095 οὕτως
2904 2030 3190 2099 ἀφίστατο,
3221 2028 3360 2083 ἀλλά
3381 2029 3501 2081 κατ’
3527 2028 3777 2083 ἐνιαυτὸν

2180 2115 2422 2186 ἔτρεχεν.
2464 2114 2653 2186 Ἡμεῖς
2669 2114 2726 2168 δὲ
2747 2113 2843 2168 ἐὰν
2867 2112 3015 2177 ἀπαξ
3044 2113 3181 2184 πρὸς
3204 2112 3296 2165 τδν
3320 2112 3453 2165 Θεὸν
3486 2110 3776 2183 εὐξώμεθα

2181 2202 2309 2273 περὶ
2340 2199 2541 2265 ὁτιοῦν,
2571 2199 2665 2253 καὶ
2718 2199 2793 2269 μὴ
2827 2196 3102 2268 λάϐωμεν,
3132 2194 3336 2259 εὐθέως
3382 2195 3642 2267 ἀλύομεν,
3676 2196 3776 2250 καὶ

2181 2287 2260 2348 εἰς
2301 2283 2531 2354 ἀκηδίαν
2574 2281 2812 2353 ἐσχάτην
2861 2279 3339 2352 ἐμπίπτομεν·ὼς
3374 2279 3473 2351 τῆς
3499 2280 3773 2351 αἰτήσεως

2178 2365 2549 2439 ἀφιστάμεθα,
2580 2365 2846 2437 ἐκλύομεν
2875 2363 2973 2435 τὴν
3009 2362 3267 2434 σπουδήν.

2250 2632 2396 2709 ’Ἄρα
2434 2637 2553 2690 ἐστι
2592 2637 2715 2690 κατ’
2748 2633 2905 2699 ἀξίαν
2939 2634 2972 2704 ἦ
3008 2632 3105 2688 τὸν
3141 2629 3503 2705 παραλυτικὸν
3550 2628 3773 2684 ἐπαίνε-

2182 2724 2357 2795 σαι,ἢ
2398 2721 2497 2793 τὴν
2535 2719 2815 2792 ἡμετέραν
2856 2720 3082 2773 κακίσαι
3124 2717 3426 2791 ρᾳθυμίανς
3467 2712 3636 2777 Ποίας
3661 2713 3778 2784 γὰρ

2179 2807 2245 2862 ἂν
2293 2806 2485 2877 εἴημεν
2537 2803 2835 2870 ἀπολογίας
2886 2802 3063 2867 ἄξιοι.
3114 2800 3273 2864 ποίας
3315 2800 3373 2853 δέ
3419 2797 3771 2867 συγγνώμης.

2179 2892 2305 2945 ὅταν
2323 2929 2338 2953 ,
2385 2888 2596 2942 ἐκείνου
2649 2887 2945 2958 τριάκοντα
2986 2886 3083 2940 καὶ
3135 2884 3280 2938 ὀκτὼ
3329 2881 3776 2954 καρτερήσαντος

2183 2976 2301 3047 ἐτη,
2330 2975 2493 3045 ἡμεῖς
2526 2971 2671 3026 οὕτω
2692 2970 2902 3042 ταχέως
2930 2968 3360 3039 ἀναπίπτωμενς

2248 3241 2317 3304 γ’.
2355 3234 2420 3287 Τί
2448 3228 2543 3287 οὖν
2583 3233 2612 3285 6
2640 3230 2913 3303 Χριστός;
2947 3229 3078 3284 Ὅτε
3107 3228 3327 3294 ἔδειξεν,
3362 3229 3444 3283 ὅτι
3473 3226 3774 3299 θεραπείας

2178 3317 2327 3383 ἄξιός
2378 3318 2515 3374 ἐστι.
2550 3316 2643 3368 καὶ
2682 3312 2906 3377 δικαίως
2952 3313 3061 3386 πρὸ
3092 3313 3204 3366 τῶν
3246 3312 3421 3366 ἀλλων
3473 3312 3560 3364 ἐπ’
3606 3309 3773 3364 αὐτὸν

2176 3396 2329 3471 ἦλθε,
2352 3399 2443 3453 καὶ
2457 3398 2605 3467 λέγει
2630 3395 2778 3467 αὐτῷ
2796 3412 2810 3427 ·
2841 3396 3116 3466 Ἕγιειραι,
3139 3388 3288 3464 ἆρον
3310 3394 3419 3449 τόν
3439 3393 3775 3462 κράσϐατόν

2178 3499 2319 3548 σου,
2352 3484 2450 3536 καὶ
2473 3480 2799 3550 περιπάτει.
2829 3480 2993 3551 Ὁρᾷς
3028 3479 3145 3542 πῶς
3169 3479 3321 3535 οὐδὲν
3353 3478 3461 3531 ἀπὸ
3479 3476 3585 3530 τῶν
3611 3476 3773 3547 τριά-

2178 3584 2344 3621 κοντα
2374 3566 2468 3619 καὶ
2500 3562 2646 3619 ὀκτὼ
2674 3562 2813 3616 ἐτῶν
2856 3561 3210 3634 παρεϐλάϐη,
3242 3561 3431 3633 ἐπειδὴ
3482 3559 3597 3631 μεθ’
3635 3559 3772 3612 ὐπο-

2181 3651 2349 3725 μονῆς
2372 3651 2571 3720 ἧνεγκε
2609 3648 2670 3701 τὸ
2704 3646 2955 3719 συμϐἀν;
2981 3646 3052 3700 Ἢ
3076 3663 3134 3700 τε
3162 3647 3271 3720 γὰρ
3293 3645 3440 3717 ψυχὴ
3470 3643 3772 3714 φιλοσοφω-

2177 3736 2311 3805 τέρα
2335 3733 2484 3806 αὐτῷ
2509 3735 2566 3787 ἐν
2597 3732 2675 3803 τῷ
2708 3730 2904 3803 μακρῷ
2930 3730 3106 3801 τούτῳ
3130 3731 3323 3800 γέγονε
3356 3728 3553 3801 χρόνῳ,
3578 3726 3772 3798 ὥσπερ

2178 3819 2235 3871 ἐν
2284 3814 2636 3889 χωνευτηρίῳ
2667 3816 2734 3886 τῇ
2789 3815 3046 3886 συμφορᾷ
3091 3812 3516 3884 δοκιμαζομένη,
3565 3810 3667 3881 τήν
3706 3825 3769 3861 τε

2182 3900 2422 3972 ἰατρείαν
2482 3898 2620 3970 μετά
2670 3897 2918 3962 πλείονος
2946 3896 3305 3967 ἀπελάμϐανε
3340 3894 3517 3965 δόξης.
3552 3893 3629 3945 Οὐ
3659 3889 3769 3963 γάρ

2178 3984 2426 4053 ἄγγελος,
2456 3981 2570 4036 ἀλλ’
2594 3982 2756 4045 αὐτὸς
2774 3984 2803 4035 6
2824 3980 2934 4034 τῶν
2964 3980 3214 4050 ἀγγέλων
3243 3978 3573 4048 ἐθεράπευεν
3602 3974 3771 4027 αὐτὸν

2178 4068 2473 4137 Δεσπότης.
2516 4065 2672 4129 Τίνος
2700 4065 2758 4118 δὲ
2786 4065 2973 4118 ἐνεκεν
3002 4065 3096 4117 καὶ
3123 4063 3221 4134 τὴν
3250 4061 3436 4131 κλίνην
3470 4058 3619 4129 αὐτῷ
3644 4057 3771 4112 ἐκέ-

2177 4152 2335 4204 λευσε
2382 4150 2607 4216 λαϐεῖν;
2645 4151 2798 4215 Ἐνδς
2844 4149 2942 4220 μὲν
2983 4148 3218 4219 μάλιστα
3263 4146 3357 4199 καὶ
3403 4143 3644 4216 πρώτου,
3679 4142 3768 4196 ἵνα

2178 4234 2464 4309 ἀπαλλάξῃ
2477 4234 2663 4287 λοιπὸν
2687 4236 2815 4297 τοὺς
2850 4232 3134 4294 Ἰουδαίους
3157 4230 3258 4300 τῆς
3284 4227 3379 4282 τοῦ
3403 4227 3569 4298 νόμου
3587 4242 3770 4309 παρα-

2176 4308 2483 4390 τηρήσεως.
2514 4316 2621 4371 Τοῦ
2644 4316 2751 4388 γὰρ
2782 4315 2932 4388 ήλίου
2952 4314 3251 4383 φαίνοντος,
3274 4310 3458 4365 οὐκέτι
3482 4308 3562 4381 τῷ
3585 4308 3768 4381 λύχνῳ

2176 4400 2562 4474 προσεδρεύειν
2591 4400 2733 4453 ἔδει·
2772 4400 2872 4471 τῆς
2915 4396 3172 4468 ἀληθείας
3216 4394 3542 4465 δειχθείσης,
3581 4392 3768 4446 οὐκέτι

2175 4486 2266 4539 τὸν
2314 4486 2486 4538 τύπον
2523 4483 2803 4557 περιέχειν
2853 4484 3042 4554 ἐχρῆν.
3084 4480 3184 4533 Διά
3228 4477 3408 4541 τοῦτο,
3442 4478 3495 4531 εί
3534 4493 3666 4530 ποτε
3702 4475 3769 4530 τὺ

2180 4567 2447 4622 σάϐϐατον
2479 4567 2623 4634 ἔλυε,
2657 4567 2911 4638 μέγιστον
2949 4567 3006 4618 ἐν
3030 4563 3178 4634 αὐτῷ
3210 4563 3431 4634 σημεῖον
3456 4560 3765 4632 εἰργάζετο,

2178 4653 2264 4707 ἵνα
2296 4654 2328 4723 ή
2358 4650 2451 4705 τοῦ
2482 4649 2758 4722 θαύματος
2789 4648 3062 4720 ὑπερϐολὴ
3098 4648 3222 4711 τούς
3255 4645 3497 4718 ὁρῶντας
3527 4644 3768 4715 ἐκπλήτ-

2177 4754 2368 4797 τουσα,
2408 4736 2508 4807 τήν
2548 4735 2650 4804 τῆς
2696 4733 2893 4804 ἀργίας
2940 4732 3322 4803 παρατήρησιν
3380 4726 3521 4782 κατὰ
3566 4727 3766 4799 μικρὸν

2179 4822 2525 4892 ὐποσύρουσα
2567 4820 2741 4892 ἐξέλῃ.
2779 4819 3038 4890 Δεύτερον
3070 4816 3146 4881 δέ,
3188 4816 3273 4868 ἵνα
3321 4811 3648 4885 ἐπιστομίσῃ
3669 4813 3767 4865 αὐ·-

2176 4904 2285 4958 τῶν
2326 4905 2396 4958 τά
2435 4905 2765 4976 ἀναίσχυντα
2793 4905 3056 4973 στόματα.
3104 4897 3322 4969 Ἐπειδὴ
3359 4896 3469 4967 γάρ
3502 4898 3630 4967 περὶ
3665 4894 3766 4965 τὴν

2177 4986 2355 5060 κρίσιν
2386 4988 2494 5042 τῶν
2529 4986 2822 5059 θαυμάτων
2849 4983 3241 5054 ἐκακούργουν,
3276 4980 3371 5034 καὶ
3397 4982 3463 5050 τῇ
3491 4977 3617 5050 δόξῃ
3654 4979 3766 5031 τῶν

2175 5072 2511 5142 γιγνομένων
2552 5068 2879 5142 ἐπηρεάζειν
2933 5066 3270 5137 ἐπεχείρουν,
3319 5062 3510 5132 ὥσπερ
3544 5078 3599 5113 τι
3630 5062 3765 5133 τρό-

2175 5173 2335 5211 παιον
2359 5156 2452 5209 καὶ
2487 5154 2707 5225 ἔλεγχον
2747 5150 3231 5223 ἀναμφισϐήτητον
3264 5146 3364 5217 τῆς
3395 5145 3628 5215 ὑγιείας,
3662 5145 3765 5216 τὴν

2177 5242 2348 5314 φορὰν
2402 5241 2501 5311 τῆς
2539 5239 2727 5309 κλίνης
2780 5236 3031 5291 ἐκέλευεν
3077 5231 3501 5297 ἐπιδείκνυσθαι,
3541 5231 3630 5285 ἵνα
3663 5231 3762 5314 μὴ,

2174 5313 2311 5397 ὅπερ
2347 5325 2440 5377 ἐπὶ
2463 5323 2554 5377 τοῦ
2579 5321 2779 5392 τυφλοῦ
2804 5320 3009 5389 ἔλεγον,
3037 5318 3194 5372 τοῦτο
3216 5318 3311 5371 καὶ
3332 5315 3427 5370 ἐπὶ
3452 5314 3643 5368 τούτου
3672 5313 3765 5366 λέ-

2175 5427 2333 5476 γωσι.
2356 5408 2505 5461 Τίδέ
2542 5405 2727 5474 ἔλεγον
2776 5407 2870 5458 ἐπὶ
2907 5405 3154 5469 ἐκείνου;
3193 5397 3382 5467 Οὗτός
3400 5401 3594 5465 ἐστιν,
3645 5400 3758 5455 οὐκ

2175 5492 2348 5547 ἐστιν
2370 5488 2765 5558 οὗτος,αὐτός
2791 5490 3105 5543 ἐστιν-,Ἵνα
3135 5487 3211 5558 μὴ
3228 5480 3324 5539 οῦν
3348 5485 3445 5537 καὶ
3465 5478 3761 5536 ἐπίτούτου

2174 5577 2373 5647 λέγωσι
2428 5576 2499 5629 τὰ
2553 5573 2798 5636 τοιαῦτα,
2847 5572 3061 5644 ήκλίνη
3093 5569 3398 5641 κατήγορος
3434 5565 3616 5620 αὐτῶν
3657 5565 3764 5637 τῆς

2180 5659 2561 5732 ἀναισχυντίας
2612 5657 2841 5728 γίνεται,
2875 5657 2958 5727 ἐφ’
2998 5654 3122 5725 ὕψει
3169 5651 3463 5726 φερομένη.
3506 5650 3668 5705 Ἔστι
3704 5665 3761 5704 τι
