4062 6166
291 318 394 381 8οδ

285 455 406 512 quzc
434 440 673 496 incidant
701 452 958 509 generose
985 447 1040 492 et
1067 452 1254 506 magna
1279 451 1397 490 cum
1425 436 1696 491 alacritate
1723 437 1860 490 ferre

280 541 461 601 queat.
512 529 646 584 Nam
693 527 905 582 tametsi
949 527 1130 597 viginti
1177 525 1301 580 anni
1348 523 1608 589 fuissent,
1658 524 1867 579 tametsi

282 624 500 685 decem,
529 619 740 675 tametsi
767 618 864 672 soli
892 618 1155 688 quinque,
1183 629 1358 670 nonne
1387 614 1516 670 satis
1561 624 1714 670 erant
1732 654 1748 680 ,
1776 613 1868 684 qui

284 716 590 782 frangerent
626 710 976 766 constantiam
998 751 1013 776 ,
1045 717 1100 765 et
1139 707 1442 763 firmitatem
1468 707 1629 762 animi
1658 705 1866 776 ipsius?

285 806 380 860 llic
410 820 540 859 vero
562 805 773 873 triginta
795 812 851 858 et
877 812 998 857 octo
1016 817 1185 856 annos
1207 809 1405 868 manet,
1433 816 1603 869 neque
1623 800 1866 867 discedit,

283 897 377 954 sed
410 909 653 965 magnam
679 911 788 965 pra:
815 909 874 950 se
901 895 1002 949 fert
1027 894 1356 962 patientiam.
1388 892 1731 947 Admirabilis
1760 891 1874 946 for-

283 1000 424 1044 tasse
447 989 597 1045 vobis
616 988 825 1043 videtur
845 987 1099 1055 temporis
1122 986 1410 1056 longitudo,
1434 984 1528 1041 sed
1555 986 1598 1039 sl
1623 984 1687 1039 ad
1707 984 1869 1041 verba

285 1084 397 1152 ipsa
441 1080 808 1146 attenderitis,
845 1090 967 1133 tunc
994 1079 1225 1133 maxime
1267 1077 1656 1147 philosophiam
1705 1076 1868 1147 ipsius

282 1173 684 1244 perfectamque
713 1173 1018 1242 patientiam
1048 1171 1400 1242 cognoscetis.

356 1266 460 1318 Cur
481 1265 754 1333 interroget
781 1279 971 1334 (egrum
992 1261 1241 1317 Christus.
1264 1290 1334 1300 —
1353 1259 1573 1315 Accedit
1598 1257 1861 1326 Christus,

285 1367 340 1412 et
359 1356 484 1410 dicit
507 1356 585 1410 ei:
623 1354 714 1408 Vis
737 1367 890 1408 sanus
919 1351 1066 1422 ﬁeri?
1089 1351 1282 1422 Ecquis
1306 1351 1406 1406 hoc
1433 1351 1744 1421 ignorasset,
1779 1364 1870 1402 v0-

289 1447 448 1501 luisse
480 1446 655 1515 ipsum
683 1460 869 1499 sanum
899 1443 1052 1498 fieri?
1080 1443 1215 1512 Quid
1245 1443 1402 1512 igitur
1427 1455 1600 1495 causae
1627 1439 1745 1505 fuit,
1775 1454 1871 1492 cur

294 1537 684 1606 interrogaret?
706 1536 914 1591 Etenim
940 1535 1029 1604 qui
1057 1549 1248 1588 arcana
1277 1532 1653 1603 cogitationum
1681 1530 1828 1584 novit
1849 1569 1864 1594 ,

288 1627 456 1681 multo
482 1627 648 1697 magis
678 1641 760 1688 ea,
790 1641 908 1696 quae
935 1625 1181 1681 omnibus
1210 1621 1488 1693 perspicua
1514 1631 1567 1677 et
1591 1620 1868 1675 manifesta

290 1728 430 1784 sunt,
457 1719 832 1788 cognoscebat.
851 1718 957 1772 Cur
983 1717 1142 1788 igitur
1167 1715 1494 1784 interrogat?
1514 1713 1869 1781 Quemadmo-

294 1809 417 1862 dum
448 1810 580 1864 alias
605 1809 901 1864 centurioni
932 1807 1101 1877 inquit
1129 1821 1142 1858 :
1179 1805 1290 1876 Ego
1331 1805 1566 1871 veniam,
1614 1814 1659 1858 et
1685 1803 1868 1858 curabo

291 1915 399 1952 eum
435 1898 646 1970 (Matth.
678 1901 732 1953 8.
760 1897 869 1969 7),
920 1913 1024 1952 non
1072 1898 1323 1966 ignorans
1363 1913 1481 1968 qua:
1515 1897 1602 1952 ille
1631 1896 1869 1950 dicturus

292 2002 407 2048 erat
426 2035 442 2059 ,
469 1995 563 2048 sed
598 1993 892 2063 prazvidens
915 2000 969 2047 et
994 1993 1232 2062 apprime
1261 1990 1455 2056 sciens,
1489 1989 1649 2059 idque
1673 2003 1867 2059 agens,

295 2097 354 2138 ut
403 2085 454 2138 ei
482 2085 805 2139 occasionem
832 2125 846 2148 ,
898 2093 1058 2153 atque
1102 2097 1286 2136 ansam
1331 2080 1480 2136 daret
1502 2081 1771 2151 religionis
1809 2095 1872 2134 ac

297 2176 507 2243 pietatis
535 2189 662 2242 suae,
693 2190 807 2244 qua:
839 2176 888 2229 in
920 2174 1106 2229 umbra
1133 2173 1363 2239 latebat,
1393 2172 1638 2227 omnibus
1669 2170 1870 2240 patefa-

294 2265 515 2331 ciendze,
545 2281 606 2320 ac
631 2266 840 2321 dicendi
883 2285 896 2322 :
930 2265 1286 2336 Nequaquam,
1310 2264 1524 2319 Domine
1548 2280 1568 2318 :
1614 2279 1714 2317 non
1743 2263 1874 2317 enim

291 2368 400 2404 sum
429 2353 609 2424 dignus
627 2368 680 2408 ut
697 2358 857 2409 intres
871 2354 961 2408 sub
975 2363 1164 2409 tectum
1181 2370 1353 2410 meum
1367 2349 1584 2424 (Matth.
1599 2353 1652 2407 8.
1668 2350 1779 2423 8.):
1802 2353 1872 2408 ita

294 2441 344 2494 in
371 2441 471 2496 hoc
499 2443 812 2514 paralytico,
844 2459 965 2498 cum
996 2445 1159 2500 sciret
1182 2444 1310 2514 quid
1339 2444 1424 2500 ille
1449 2444 1685 2499 dicturus
1709 2428 1874 2512 esset,

295 2533 606 2602 interrogat,
637 2550 766 2588 num
799 2535 924 2590 velit
953 2549 1114 2590 sanus
1141 2535 1276 2599 fieri,
1304 2550 1408 2590 non
1438 2534 1576 2605 quod
1601 2533 1704 2588 hoc
1728 2533 1879 2603 igno-

292 2634 453 2691 raret,
477 2625 572 2680 sed
599 2634 655 2679 ut
680 2626 726 2680 ei
755 2628 1018 2696 praeberet
1043 2642 1229 2682 ansam
1252 2625 1532 2697 quamdam
1560 2634 1614 2680 et
1639 2624 1880 2680 occasio-

293 2730 438 2780 nem,
468 2731 574 2786 quo
601 2716 689 2771 ille
717 2717 966 2787 tragicam
994 2717 1348 2772 calamitatem
1375 2731 1524 2770 suam
1572 2723 1837 2786 promeret
1861 2755 1876 2781 ,

291 2819 355 2860 ac
396 2806 549 2861 ﬁeret
574 2807 764 2863 doctor
807 2809 1094 2877 patientiae.
1126 2808 1258 2863 Nam
1307 2807 1352 2862 si
1413 2807 1682 2863 hominem
1730 2805 1879 2860 illum

289 2899 505 2952 silentio
528 2907 790 2964 curasset,
818 2915 1027 2953 summo
1057 2915 1154 2955 nos
1180 2899 1375 2954 damno
1400 2899 1571 2954 affecti
1599 2912 1839 2954 essemus
1863 2915 1876 2951 ε

287 2991 488 3061 quippe
520 3007 641 3045 cum
669 2992 810 3046 illius
835 2992 1028 3047 anima:
1059 2992 1394 3048 tolerantiam
1437 2992 1577 3047 haud
1607 2991 1882 3046 didicisse—

289 3094 433 3138 mus.
461 3083 703 3138 Christus
719 3093 895 3139 autem
919 3099 1025 3139 non
1047 3084 1218 3139 solum
1243 3084 1525 3154 praesentia
1546 3092 1689 3139 recte
1707 3091 1880 3149 curat,

290 3174 386 3228 sed
418 3174 577 3228 etiam
609 3174 799 3229 futuris
829 3191 1076 3245 magnam
1106 3184 1326 3245 praestat
1352 3175 1701 3245 diligentiam.
1729 3174 1881 3228 Hunc

289 3264 455 3333 igitur
477 3305 493 3329 ,
523 3264 611 3333 qui
643 3265 892 3334 magister
918 3275 1032 3320 erat
1057 3266 1350 3320 tolerantia:
1380 3281 1442 3320 ac
1469 3265 1882 3335 patientiaeom-

290 3355 451 3408 nibus
477 3356 565 3424 qui
596 3353 778 3411 orbem
819 3356 1112 3412 incolerent
1137 3356 1412 3427 patefecit,
1446 3372 1542 3426 per
1581 3354 1881 3425 hujusmodi

288 3447 772 3517 interrogationem
805 3448 974 3518 ipsum
1021 3450 1086 3504 ad
1115 3451 1484 3506 necessitatem
1527 3451 1882 3521 respondendi

293 3540 524 3608 adigens
545 3579 560 3606 ,
601 3539 686 3594 Vis
712 3558 864 3594 sanus
893 3542 1046 3610 ﬁeri?
1074 3542 1209 3609 Quid
1245 3543 1405 3612 igitur
1430 3543 1557 3598 ille?
1585 3542 1700 3597 Non
1739 3559 1882 3612 aegre

290 3632 436 3694 tulit,
470 3646 574 3685 non
604 3632 904 3702 indignatus
928 3642 1027 3698 est,
1062 3650 1165 3689 non
1190 3634 1322 3689 dixit
1346 3636 1410 3689 ad
1431 3651 1572 3702 eum,
1601 3635 1689 3706 qui
1721 3636 1884 3690 inter-

288 3732 600 3792 rogaverat,
629 3723 779 3778 vides
799 3739 884 3778 me
906 3725 1135 3797 paralysi
1159 3726 1451 3781 resolutum
1476 3744 1488 3779 :
1508 3727 1646 3781 nosti
1669 3727 1882 3797 longum

288 3824 510 3882 tempus
548 3815 922 3870 invaletudinis
953 3832 1105 3884 mere,
1134 3827 1188 3872 et
1217 3819 1543 3890 interrogas,
1574 3835 1697 3874 num
1725 3819 1881 3874 velim

289 3921 468 3960 sanus
500 3906 654 3960 fieri?
680 3907 912 3972 Venisti,
943 3918 1000 3962 ut
1026 3923 1173 3964 meas
1217 3911 1469 3965 irrideres
1511 3911 1838 3966 calamitates
1863 3954 1878 3978 ,

287 4005 457 4066 atque
477 3997 667 4051 alienis
687 3999 839 4052 malis
867 3999 1138 4054 illudcres?
1153 4000 1266 4054 Non
1297 4002 1438 4055 enim
1463 4017 1554 4055 vos
1575 4002 1703 4073 fugit
1721 4019 1880 4073 quam

287 4089 497 4141 morosi
542 4087 647 4140 sint
676 4089 762 4157 qui
789 4097 1082 4158 aegrotant,
1128 4091 1336 4144 etiamsi
1383 4108 1543 4146 unum
1589 4108 1784 4146 annum
1828 4093 1880 4146 in

287 4176 440 4232 lecto
462 4176 832 4232 decubuerint.
849 4179 980 4234 Cum
1010 4196 1137 4236 vero
1159 4181 1224 4235 ad
1252 4183 1463 4252 triginta
1490 4193 1544 4238 et
1565 4194 1685 4238 oeto
1711 4199 1881 4239 annos

287 4266 519 4320 morbus
555 4269 922 4336 pervenisset,
981 4272 1248 4340 quomodo
1291 4289 1395 4326 non
1437 4283 1550 4327 erat
1591 4274 1881 4328 verisimile

285 4366 668 4426 consumptam
688 4373 808 4413 esse
834 4359 1221 4430 philosophiam
1248 4363 1300 4416 in
1324 4374 1428 4415 tam
1457 4363 1616 4432 longo
1642 4373 1880 4433 tempore

286 4447 632 4516 expensam?
662 4447 1032 4506 Verumtamen
1057 4453 1142 4507 ille
1167 4454 1297 4508 nihil
1327 4455 1586 4524 ejusmodi
1614 4455 1764 4524 dixit,
1799 4456 1880 4512 vel

286 4537 586 4608 cogitavit:
630 4539 724 4592 St‘d
751 4555 938 4610 magna
967 4556 1086 4596 cum
1124 4543 1379 4597 modestia
1406 4561 1717 4615 reSponsum
1758 4547 1876 4612 dat,

291 4640 346 4682 et
376 4628 585 4698 inquit:
616 4629 873 4703 Profecto,
903 4631 1144 4697 Domine,
1175 4634 1264 4688 sed
1291 4635 1542 4690 hominem
1567 4655 1666 4692 non
1691 4640 1875 4705 habeo,

292 4730 390 4785 ut,
442 4735 560 4771 cum
591 4723 789 4786 turbata
819 4724 969 4792 fuerit
1010 4740 1178 4794 aqua,
1221 4726 1380 4779 mittat
1420 4745 1499 4781 me
1541 4729 1594 4782 in
1640 4730 1882 4800 piscinam

293 4808 502 4879 (Joan.
534 4810 588 4864 5.
625 4812 717 4879 7).
752 4811 881 4866 Vide
918 4822 1046 4883 quot
1083 4823 1136 4869 et
1178 4826 1374 4884 quanta
1404 4819 1561 4871 simul
1595 4835 1882 4877 concurre-

293 4900 427 4955 bant
454 4909 616 4970 atque
638 4903 902 4958 hominem
926 4907 1316 4974 oppugnabant,
1343 4909 1578 4977 morbus,
1604 4923 1882 4982 paupertas

291 5003 348 5047 et
372 4993 648 5060 solitudo,
681 5011 800 5050 cum
827 5011 983 5051 nemo
1011 5002 1302 5063 assisterct,
1333 5002 1552 5072 ejusque
1581 5018 1760 5060 curam
1790 5023 1881 5078 ge-

292 5097 467 5142 reret.
512 5087 646 5140 Dum
669 5089 809 5142 vem'o
834 5091 966 5144 enim
1012 5107 1102 5161 ego
1126 5134 1140 5158 ,
1185 5092 1315 5148 alius
1353 5105 1470 5149 ante
1508 5113 1586 5150 me
1629 5099 1881 5153 descendit

290 5179 310 5246 (
333 5176 480 5230 Ibid.
504 5175 550 5247 ).
582 5177 636 5232 Id
659 5193 786 5234 vero
811 5181 1017 5235 caneris
1041 5184 1287 5237 omnibus
1313 5185 1688 5253 miserabilius,
1714 5192 1883 5259 quod-

288 5283 398 5337 que
426 5268 511 5323 vel
539 5269 764 5339 lapidem
791 5271 963 5339 ipsum
995 5274 1157 5340 possit
1185 5274 1472 5330 inflectere.
1525 5278 1713 5334 Videre
1739 5283 1880 5336 cnim

289 5361 430 5415 mihi
462 5361 648 5416 videor
674 5363 943 5418 hominem
971 5365 1177 5436 singulo
1203 5383 1416 5438 quoque
1441 5385 1585 5425 anno
1608 5385 1879 5440 repentem

289 5463 344 5504 et
374 5451 722 5507 accedentem
747 5454 814 5508 ad
843 5469 904 5509 os
933 5458 1168 5524 piscium,
1197 5469 1248 5511 et
1268 5460 1477 5529 singulo
1506 5477 1718 5532 quoque
1741 5478 1881 5518 anno

292 5546 621 5614 pendentem
655 5548 704 5601 in
733 5549 959 5616 ipsemet
986 5549 1130 5604 aditu
1159 5552 1309 5606 bona:
1334 5553 1464 5623 spei.
1493 5553 1674 5625 Neque
1712 5571 1838 5610 vero
1862 5598 1876 5622 ,

291 5637 442 5704 quod
460 5638 676 5708 gravius
695 5649 796 5702 est,
824 5639 938 5696 lucc
965 5641 1098 5698 duos
1121 5651 1211 5696 aut
1231 5653 1359 5710 tres,
1389 5654 1478 5700 aut
1503 5646 1686 5701 decem
1713 5663 1880 5703 annos

298 5731 562 5797 pertulit,
613 5729 706 5785 sed
737 5745 901 5801 usque
948 5732 1014 5788 ad
1040 5734 1250 5807 triginta
1289 5747 1342 5792 et
1383 5749 1521 5796 octo.
1552 5739 1618 5795 Et
1661 5755 1872 5800 omnem

1057 315 1144 375 DE
1183 316 1448 376 CHRISTI
1491 314 1900 386 DIVINITATE,
1941 315 2210 374 CONTRA
2253 317 2626 374 ANOMOEOS.
2672 316 2783 373 XII.

3469 309 3572 362 805

1977 435 2190 504 quidem
2213 435 2494 491 adhibebat
2509 436 2856 506 diligentiam,
2884 435 3055 491 fructu
3071 445 3246 490 autem
3259 433 3573 489 excedebat:

1976 534 2030 579 et
2072 541 2260 582 cursus
2291 527 2502 596 quidem
2545 527 2900 598 peragebatur
2923 570 2938 592 ,
2965 527 3122 597 hujus
3161 537 3336 583 autem
3377 545 3567 585 cursus

1976 620 2251 689 prtemium
2280 619 2345 674 ad
2376 620 2535 674 alium
2565 621 2942 691 perveniebat,
2972 621 3024 676 in
3055 622 3239 677 multis
3261 663 3277 689 ,
3307 623 3522 693 inquam
3549 660 3564 682 .

1984 708 2088 763 illis
2115 711 2290 764 annis.
2317 710 2575 780 Quodque
2595 712 2808 780 gravius
2836 721 2951 767 erat
2969 753 2984 776 ,
3013 712 3149 768 alios
3173 712 3370 767 liberos
3416 713 3566 767 abire

1973 799 2206 854 videbat.
2234 799 2413 855 Nostis
2437 802 2579 856 enim
2608 802 2679 856 ita
2709 802 2823 858 fieri
2849 803 3044 867 solere,
3077 811 3135 857 ut
3159 811 3284 859 tunc
3304 804 3556 858 malorum

1975 900 2278 945 nostrorum
2321 894 2635 947 acerrimum
2667 909 2882 948 sensum
2924 895 3197 963 capiamus
3220 936 3236 960 ,
3271 911 3391 951 cum
3431 895 3563 952 alios

1973 982 2162 1038 iisdem
2194 983 2346 1038 malis
2375 985 2592 1039 affectos
2622 985 2869 1041 liberatos
2903 986 3048 1042 abire
3078 987 3389 1043 viderimus.
3424 987 3557 1043 Pro-

1972 1083 2155 1144 pterea
2179 1083 2232 1129 et
2259 1090 2480 1145 pauper,
2509 1089 2628 1130 cum
2651 1076 2876 1130 alterum
2905 1077 3048 1132 videt
3072 1077 3268 1134 divitiis
3288 1078 3562 1134 abundan-

1973 1177 2077 1221 tem
2099 1208 2112 1231 ,
2143 1176 2268 1222 tunc
2296 1167 2462 1237 magis
2490 1181 2641 1221 suam
2681 1168 2844 1221 sentit
2875 1177 3238 1239 paupertatem
3265 1187 3276 1222 :
3311 1178 3364 1223 ct
3393 1184 3561 1240 ωςτο-

1972 1267 2090 1312 tans
2119 1267 2243 1312 tunc
2271 1259 2437 1328 magis
2466 1258 2802 1314 excruciatur
2825 1300 2841 1324 ,
2882 1275 2998 1313 cum
3027 1259 3223 1314 multos
3251 1259 3396 1314 videt
3421 1301 3434 1326 ,
3475 1261 3562 1330 qui

1971 1350 2160 1404 morbo
2202 1349 2511 1417 laborarint,
2547 1365 2668 1407 eum
2708 1351 2818 1420 jam
2861 1350 3192 1420 deposuisse,
3258 1350 3358 1406 sibi
3387 1361 3560 1406 autem

1972 1440 2105 1494 nihil
2135 1441 2289 1496 bona:
2319 1443 2432 1511 spei
2465 1458 2766 1511 superesse.
2797 1442 2854 1497 In
2885 1443 3112 1498 aliorum
3142 1443 3284 1497 enim
3311 1443 3565 1499 secundis

1969 1534 2128 1589 rebus
2151 1542 2361 1589 nostras
2387 1535 2718 1590 manifestius
2742 1537 3010 1590 intuemur
3033 1535 3396 1590 calamitates:
3421 1536 3562 1605 quod

1969 1623 2182 1689 quidem
2205 1625 2279 1678 illi
2313 1635 2436 1680 tunc
2459 1626 2753 1682 eveniebat.
2774 1627 3150 1681 Verumtamen
3179 1643 3298 1682 cum
3333 1627 3522 1682 morbo
3544 1670 3560 1695 ,

1970 1729 2088 1768 cum
2104 1723 2432 1784 paupertate,
2453 1731 2570 1770 cum
2584 1716 2868 1771 solitudine
2883 1715 3079 1769 Iamdiu
3091 1715 3418 1786 depugnans,
3433 1716 3564 1772 alios

1973 1807 2162 1861 videns
2191 1808 2404 1862 liberari
2430 1849 2444 1873 ,
2479 1818 2531 1862 ct
2575 1809 2808 1879 seipsnm
2841 1808 3054 1879 quidem
3082 1824 3296 1879 semper
3324 1809 3559 1880 aggredi.

1972 1914 2259 1969 numquam
2289 1908 2464 1954 autem
2494 1909 2797 1968 compotem
2826 1899 2972 1968 fieri,
3003 1915 3177 1970 neque
3202 1900 3424 1970 posthac
3448 1916 3565 1954 rur-

1973 2005 2066 2044 sus
2093 2005 2316 2058 sperans
2345 2007 2375 2045 a
2404 1991 2709 2045 calamitate
2732 1990 2966 2058 liberari,
2999 2006 3104 2046 non
3132 1990 3252 2046 ideo
3278 1999 3452 2045 tamen
3479 1990 3561 2044 di-

1973 2081 2162 2135 scessit
2191 2096 2252 2134 ac
2282 2080 2506 2145 destitit,
2539 2081 2630 2135 sed
2663 2072 2870 2151 singulo
2898 2097 3110 2152 quoque
3135 2097 3274 2136 anno
3295 2081 3560 2136 currebat.

1973 2169 2081 2225 Nos
2109 2180 2284 2225 autem
2314 2213 2328 2236 ,
2361 2171 2404 2224 si
2435 2171 2558 2239 quid
2587 2171 2754 2225 semel
2785 2185 2814 2224 a
2843 2170 2952 2226 Deo
2995 2172 3192 2240 precati
3237 2187 3343 2224 non
3373 2170 3564 2238 accipi-

1975 2275 2124 2327 mus,
2171 2259 2458 2316 confestim
2497 2261 2772 2328 dolemus,
2805 2271 2858 2316 et
2888 2262 2939 2314 in
2984 2269 3277 2317 extremam
3304 2261 3563 2316 desidiam

1976 2351 2291 2406 incidimus:
2325 2352 2668 2420 quamobrem
2697 2352 3055 2422 precationem
3097 2353 3418 2419 omittimus,
3447 2361 3563 2408 stu-

1976 2443 2120 2498 dium
2149 2443 2486 2499 remittimus.

2049 2535 2396 2590 Constantiam
2425 2536 2600 2590 laudat
2620 2537 2909 2608 paralytici.
2931 2567 3003 2577 —
3021 2537 3381 2591 Possumusne
3407 2536 3564 2606 igitur

1976 2630 2110 2686 satis
2137 2643 2230 2699 pro
2261 2630 2452 2684 merito
2471 2629 2555 2685 vel
2581 2629 2922 2700 paralyticutn
2950 2629 3189 2694 laudare,
3212 2628 3298 2684 vel
3323 2636 3560 2684 nostram

1984 2719 2347 2775 condemnare
2393 2720 2807 2790 negligentiam?
2855 2719 3067 2775 Etenim
3116 2734 3345 2789 quanam
3398 2719 3563 2773 simus

1985 2814 2335 2867 excusatione
2357 2812 2500 2882 digni
2534 2853 2549 2879 ,
2581 2828 2684 2882 qua
2713 2812 2866 2867 venia
2898 2854 2912 2878 ,
2957 2827 3077 2867 cum
3099 2854 3115 2880 ,
3143 2811 3234 2867 illo
3275 2811 3486 2882 triginta
3511 2819 3565 2866 et

1983 2915 2104 2961 octo
2126 2920 2295 2961 annos
2321 2905 2643 2974 perdurante
2663 2945 2679 2970 ,
2711 2920 2808 2960 nos
2830 2915 2933 2959 tam
2961 2905 3067 2959 cito
3097 2920 3124 2958 a
3157 2904 3429 2975 pr0posito
3481 2917 3562 2958 re-

1983 2997 2262 3054 siliamus?

2056 3092 2109 3145 5.
2138 3089 2274 3157 Quid
2302 3089 2461 3160 igitur
2485 3087 2769 3143 Christus?
2805 3087 2903 3142 Ubi
2935 3087 3166 3142 ostendit
3207 3086 3422 3156 dignum
3445 3100 3565 3140 esse

1985 3182 2154 3246 illum,
2179 3182 2270 3252 qui
2297 3192 2529 3244 curetur,
2555 3181 2673 3250 jure
2701 3179 2767 3234 ad
2799 3179 2943 3234 illum
2975 3193 3084 3248 pra:
3112 3178 3229 3234 aliis
3256 3177 3400 3231 venit
3423 3217 3438 3240 ,
3464 3177 3564 3231 ait-

1984 3289 2087 3341 que
2108 3273 2176 3337 ci,
2203 3273 2389 3343 Surge,
2419 3272 2536 3326 tolle
2563 3271 2828 3343 grabatum
2856 3279 3020 3336 tuum,
3050 3278 3095 3324 et
3135 3268 3338 3324 ambula
3381 3267 3562 3339 (Joan.

1983 3368 2036 3422 5.
2065 3365 2140 3436 8).
2177 3364 2339 3419 Vides
2369 3379 2526 3434 quam
2552 3364 2600 3418 ei
2633 3364 2833 3418 nullum
2857 3362 3068 3433 triginta
3095 3369 3151 3416 et
3166 3369 3288 3414 octo
3312 3361 3435 3413 anni
3463 3359 3558 3414 de-

1987 3460 2293 3514 trimentum
2334 3457 2643 3524 attulerint,
2690 3455 2938 3526 quoniam
2969 3469 3148 3508 casum
3179 3468 3330 3508 suum
3359 3453 3562 3522 patien-

1987 3560 2067 3609 ter
2094 3551 2326 3608 tulerat?
2348 3552 2534 3605 Anima
2559 3551 2700 3604 enim
2739 3548 2974 3618 ipsiusin
3005 3557 3110 3601 tam
3141 3547 3300 3616 longo
3327 3553 3564 3615 tempore

1985 3643 2215 3712 majores
2237 3642 2287 3695 in
2313 3641 2646 3710 philosOphia
2671 3637 3136 3709 progressusfecit,
3158 3637 3208 3690 in
3235 3635 3559 3701 calamitate,

1985 3745 2252 3804 tamquam
2283 3734 2334 3788 in
2359 3731 2669 3787 conflatoria
2699 3729 2942 3794 fornace,
2983 3729 3202 3798 probata
3233 3745 3246 3779 :
3277 3735 3331 3780 et
3362 3725 3564 3794 majore

1984 3843 2103 3881 cum
2126 3826 2291 3896 gloria
2322 3825 2649 3880 curationem
2667 3821 2976 3892 reportavit.
3009 3819 3123 3874 Non
3151 3819 3290 3874 enim
3321 3816 3560 3887 angelus,

1983 3917 2076 3972 sed
2105 3921 2326 3988 ipsemet
2354 3917 2661 3986 angelorum
2698 3914 2952 3969 Dominus
2985 3911 3135 3965 illum
3181 3908 3406 3964 sanavit.
3459 3907 3564 3962 Cur

1981 4019 2156 4063 autem
2186 4016 2462 4077 prmterea,
2483 4016 2539 4058 ut
2561 4021 2714 4060 suum
2742 4003 2841 4058 sibi
2869 4003 3060 4057 lectum
3089 4001 3319 4065 tolleret,
3338 3999 3566 4068 impera-

1984 4101 2094 4154 vit?
2122 4100 2290 4156 Unam
2319 4099 2533 4170 quidem
2567 4097 2831 4166 prmcipne
2859 4109 2921 4149 ac
2952 4093 3173 4162 primam
3201 4091 3270 4144 ob
3298 4103 3510 4144 causam
3543 4129 3560 4154 ,

1983 4203 2042 4247 ut
2067 4193 2119 4246 in
2151 4200 2419 4261 posterum
2449 4189 2700 4244 liberaret
2719 4186 2930 4242 Judaros
2956 4200 2986 4238 a
3011 4184 3142 4253 legis
3169 4181 3560 4236 observatione.

1984 4283 2108 4338 Sole
2137 4283 2276 4337 enim
2309 4283 2360 4335 in
2388 4288 2728 4348 conspectum
2752 4294 2811 4332 se
2837 4277 2994 4330 dante
3013 4316 3029 4339 ,
3059 4289 3163 4328 non
3199 4282 3314 4328 erat
3343 4271 3564 4327 ulterius

1985 4375 2216 4428 lucerna:
2243 4371 2619 4427 adhaerendum
2643 4388 2656 4424 :
2680 4379 2732 4424 et
2750 4368 3002 4438 patefacta
3033 4367 3256 4422 veritate
3275 4408 3290 4431 ,
3321 4380 3427 4420 non
3451 4365 3562 4435 jam

1983 4475 2101 4520 erat
2130 4463 2498 4533 amplectenda
2527 4462 2710 4531 figura.
2739 4460 2858 4515 Ideo
2880 4459 2922 4513 si
2949 4458 3160 4530 quando
3182 4459 3423 4514 solvebat
3445 4458 3579 4512 sab—

1986 4557 2189 4619 batum,
2224 4553 2510 4608 maximum
2541 4553 2592 4606 in
2624 4568 2688 4606 co
2728 4552 2813 4606 die
2839 4553 3046 4620 signum
3075 4550 3304 4606 edebat:
3350 4559 3409 4604 ut
3449 4550 3559 4620 ipsa

1984 4648 2250 4704 excellens
2267 4646 2507 4700 miraculi
2525 4644 2827 4716 magnitudo
2848 4644 3086 4699 videntes
3114 4641 3559 4711 obstupefaciens,

1985 4741 2239 4812 paulatim
2265 4739 2408 4793 illam
2440 4738 2534 4792 otii
2564 4779 2577 4802 ,
2606 4747 2658 4792 et
2686 4735 2998 4791 cessationis
3027 4733 3454 4789 observationem
3481 4731 3557 4784 la-

1985 4830 2254 4886 befactans
2297 4829 2562 4884 auferret:
2607 4826 2799 4883 deinde
2845 4843 2975 4883 vero
3018 4835 3075 4880 ut
3125 4825 3428 4879 Obstrueret
3471 4836 3562 4876 ora

1985 4922 2196 4976 illorum
2236 4921 2580 4989 impudentia.
2612 4919 2744 4975 Nam
2785 4919 3035 4989 quoniam
3062 4917 3114 4972 in
3141 4915 3438 4987 judicandis
3465 4915 3566 4968 mi-

1985 5014 2179 5069 raculis
2204 5014 2468 5068 malitiose
2493 5012 2739 5084 agebant,
2768 5021 2822 5067 et
2845 5012 3071 5081 gloriam
3098 5025 3296 5074 rerum,
3329 5021 3448 5078 quae
3471 5021 3562 5076 ge-

1984 5106 2538 5172 rebantur,calumniis
2554 5107 2838 5160 obscurare
2855 5100 3409 5168 conabantur,idcirco
3430 5107 3563 5154 tam-

1981 5211 2139 5266 quam
2165 5206 2420 5266 tropaaum
2440 5194 2704 5266 quoddam
2718 5204 2769 5248 et
2781 5201 3149 5264 argumentum
3161 5190 3399 5246 sanitatis
3418 5187 3563 5244 indu-

1982 5288 2084 5342 bita
2093 5286 2196 5341 bile
2209 5288 2348 5342 illam
2364 5288 2482 5342 lecti
2499 5287 2842 5358 gestationem
2857 5301 2966 5355 pra:
2979 5299 3036 5340 se
3049 5286 3185 5338 ferre
3197 5284 3367 5354 ipsum
3382 5281 3559 5350 jussit,

1984 5395 2048 5433 ne
2080 5378 2129 5432 id
2147 5380 2284 5449 quod
2310 5379 2377 5434 de
2401 5394 2544 5433 caeco
2571 5378 2834 5440 dicebant,
2863 5375 2930 5430 de
2959 5375 3058 5430 hoc
3079 5390 3287 5445 quoque
3302 5374 3559 5429 dicerent.

1982 5469 2117 5536 Quid
2140 5479 2314 5524 autem
2341 5469 2408 5523 de
2433 5469 2521 5522 illo
2551 5467 2836 5522 dicebant?
2869 5464 2967 5520 Hic
2987 5476 3077 5530 est,
3097 5481 3197 5518 non
3223 5449 3294 5518 est
3319 5464 3426 5531 hic,
3451 5465 3564 5532 ipse

1981 5569 2054 5614 est
2080 5557 2190 5632 (Id.
2240 5559 2291 5614 9.
2339 5559 2392 5613 8.
2417 5559 2493 5626 9).
2522 5559 2662 5628 Ergo
2690 5572 2754 5611 ne
2799 5558 2919 5611 talia
2945 5556 3157 5626 quidam
3186 5555 3253 5611 de
3276 5555 3375 5609 hoc
3397 5565 3557 5609 etiam

1983 5652 2220 5708 dicerent
2251 5693 2264 5716 ,
2305 5650 2472 5706 lectus
2518 5651 2624 5704 alte
2659 5648 2899 5704 sublatus
2928 5659 3204 5704 accusator
3247 5648 3305 5703 fit
3344 5649 3553 5704 illorum

1982 5743 2346 5817 impudentiae.
2401 5744 2545 5800 Licet
2580 5753 2837 5814 praeterea
2871 5744 3078 5800 tertiam
3105 5743 3383 5814 quamdam
3427 5759 3544 5796 can-
