4062 6166
450 328 550 381 807

456 458 571 498 sam
601 442 788 496 aflerre
811 480 826 505 ,
854 435 1019 491 nihilo
1041 434 1106 487 iis
1129 444 1247 501 quze
1272 427 1412 483 dicta
1439 430 1565 479 sunt
1592 421 1864 475 leviorem.
1896 414 2026 469 Nam

464 535 800 603 utintelligas
816 547 919 586 non
942 536 1109 582 artem
1132 524 1438 582 humanam,
1465 514 1559 571 sed
1582 511 1817 569 divinam
1841 516 2028 603 pot-etr-

462 631 587 686 tiam
616 598 780 683 fuisse
806 666 824 692 ,
854 636 972 693 qua:
1018 628 1186 675 totum
1233 612 1360 668 illud
1389 606 1714 695 prmstite'rit,
1738 617 1891 659 suum
1921 598 2020 700 ipsi

461 722 657 778 lectqu
682 713 996 788 gestandum
1024 705 1271 779 injunxit,
1299 717 1441 758 vera:
1467 696 1625 768 atque
1652 696 1869 788 integre
1898 696 2030 745 sani-

463 811 587 868 tatis
605 787 892 866 maximam
920 812 975 858 et
1003 798 1343 870 perspicuam.
1360 787 1863 849 demonstrationem
1891 797 2030 853 prte-

465 902 625 956 bens:
653 907 708 953 ut
734 895 934 965 nequis
962 890 1391 960 blasphemorum
1425 884 1632 939 illorutn
1652 881 1854 935 diceret
1882 890 2032 947 para-

464 991 682 1063 lyticutn
712 986 958 1051 simulate
992 991 1046 1038 et
1083 981 1298 1037 Christo
1338 976 1723 1049 gratiﬁcantem
1765 970 2036 1028 effinxisse

466 1080 640 1134 tenuis
666 1075 937 1147 cujusdam
966 1070 1337 1128 ambulationis
1357 1068 1607 1138 speciem.
1817 1081 1891 1145 θ

538 1167 641 1222 Cur
662 1183 790 1222 onus
803 1165 933 1220 illud
948 1164 1080 1232 ferre
1086 1161 1294 1234 jusserit
1324 1153 2036 1230 paralyticum.—-Pru,.terca

467 1257 697 1312 onusilii
725 1256 836 1311 suis
859 1252 1132 1309 terendum
1169 1249 1403 1303 humeris
1432 1246 1681 1317 injunxit.
1716 1242 1828 1297 Non
1854 1242 1993 1294 enim
2017 1279 2036 1305 ,

470 1348 570 1402 nisi
599 1347 735 1401 bene
758 1344 835 1399 illi
859 1342 1096 1397 membra
1140 1339 1467 1394 consolidata
1496 1344 1703 1401 essent,
1754 1343 1809 1388 et
1834 1328 2041 1384 articuli

470 1439 637 1510 probe
657 1438 746 1493 fixi
768 1479 784 1506 ,
816 1447 1014 1491 tantam
1047 1434 1240 1489 molem
1264 1441 1475 1502 portare
1499 1428 1735 1484 humeris
1766 1426 2039 1495 potuisset.

473 1531 553 1585 Ad
582 1531 695 1585 haec
718 1529 897 1584 omnia
919 1527 1048 1582 illud
1072 1540 1281 1597 quoque
1295 1523 1530 1579 accedit:
1552 1519 1862 1577 ostendebat
1878 1516 2042 1581 enim,

471 1621 631 1676 simul
658 1636 720 1676 ac
745 1618 1162 1688 Christusjussit
1185 1659 1201 1684 ,
1233 1615 1409 1671 omnia
1447 1614 1561 1669 fleri
1589 1654 1605 1681 ,
1662 1623 1717 1668 et
1750 1611 2044 1666 discessum

472 1711 682 1779 morbi,
722 1720 777 1765 et
801 1710 1027 1765 reditum
1056 1709 1317 1764 sanitatis.
1348 1707 1560 1762 Etenim
1603 1704 1794 1761 medici
1833 1702 2046 1773 quidem

468 1803 687 1858 tatnetsi
715 1801 917 1856 morbis
961 1801 1209 1867 liberent,
1262 1817 1367 1854 non
1418 1809 1596 1854 tamen
1623 1797 1798 1853 subito
1822 1803 2048 1865 :cgrotos

474 1891 731 1947 reducere
743 1890 810 1945 ad
832 1891 1111 1946 sanitatem
1141 1891 1316 1946 valent
1348 1908 1361 1944 :
1392 1891 1485 1945 sed
1513 1890 1670 1960 longo
1694 1888 1899 1959 pariter
1917 1895 2051 1942 tem-

480 1997 611 2054 pore
633 1992 792 2053 egent
811 1982 875 2036 ad
899 1982 1334 2037 instaurationem
1356 1998 1370 2047 ;
1399 1991 1453 2035 ut
1469 1979 1704 2050 reliquiae
1726 1976 1900 2033 morbi
1924 1992 2053 2045 pau-

484 2074 628 2127 latim
648 2089 679 2127 e
703 2088 926 2143 corpore
941 2073 1290 2144 expelluntur,
1315 2081 1474 2141 atque
1494 2072 1790 2140 ejiciautur.
1808 2068 2054 2124 Christus

482 2173 656 2219 autem
685 2179 790 2218 non
818 2163 928 2220 ita:
967 2163 1061 2217 sed
1098 2162 1284 2217 eodem
1323 2162 1578 2231 temporis
1626 2167 1899 2215 momento
1928 2166 1983 2212 et
2023 2172 2052 2211 a

485 2254 671 2307 morbo
696 2253 937 2307 liberavit
962 2293 976 2317 ,
1004 2262 1057 2306 et
1083 2253 1362 2306 sanitatem
1393 2251 1641 2317 restituit,
1673 2258 1728 2306 et
1748 2250 1950 2305 nullum
1975 2251 2058 2304 in.

488 2346 804 2401 termedium
857 2345 1158 2400 intercessit
1202 2355 1410 2415 tempus
1442 2363 1456 2400 :
1486 2344 1579 2400 sed
1608 2345 1767 2400 simul
1807 2354 1966 2414 atque
1993 2359 2057 2400 ex

486 2447 665 2491 sancta
691 2436 775 2489 illa
806 2436 983 2506 lingua
1014 2426 1208 2506 prodiit
1232 2450 1382 2490 sacra
1407 2450 1528 2501 vox,
1553 2444 1607 2491 et
1634 2435 1849 2490 morbus
1876 2451 1908 2489 e
1935 2449 2058 2489 cor-

488 2541 616 2596 pore
632 2526 849 2597 aufugit,
872 2535 927 2582 et
940 2528 1159 2582 verbum
1181 2527 1349 2582 evasit
1371 2542 1526 2596 opus,
1545 2536 1599 2581 et
1628 2535 1735 2581 tcta
1755 2524 2061 2581 invaletudo

489 2617 720 2687 undique
744 2618 997 2688 profugit.
1023 2618 1087 2671 Et
1115 2614 1556 2687 quemadmOdum
1589 2617 1780 2672 ancilla
1800 2618 2061 2688 quaepiam

488 2707 808 2763 seditionem
837 2722 1078 2773 movens,
1103 2723 1222 2762 cum
1252 2709 1480 2776 primum
1506 2707 1777 2762 dominum
1806 2723 1959 2762 suum
1980 2708 2058 2762 vi-

491 2798 669 2864 derit,
700 2799 1002 2868 comprimit
1027 2813 1084 2854 se
1109 2838 1125 2865 ,
1153 2799 1393 2870 reditque
1418 2795 1486 2854 ad
1513 2800 1916 2855 convenientem
1946 2815 2064 2854 mo-

492 2885 750 2952 destiam;
788 2888 860 2941 ita
901 2888 1059 2943 etiam
1107 2898 1290 2943 natura
1330 2890 1568 2958 corporis
1598 2929 1614 2953 ,
1645 2889 1864 2960 perinde
1910 2897 2070 2959 atque

494 2976 682 3029 ancilla
709 2977 949 3046 qumdam
976 2988 1099 3033 tunc
1117 2978 1428 3034 seditionem
1467 2994 1708 3046 movens,
1735 2989 1788 3035 et
1816 2979 2070 3035 inducens

495 3068 640 3137 paral
649 3068 804 3139 ysim,
824 3078 1100 3139 postquam
1119 3069 1386 3125 dominum
1408 3085 1561 3127 suum
1579 3071 1644 3124 ad
1661 3086 1721 3126 se
1734 3072 2070 3126 accedentem

495 3158 646 3227 ﬁdit,
668 3158 736 3215 ad
757 3175 908 3215 suum
934 3159 1090 3215 rediit
1113 3159 1374 3227 ordinem,
1405 3175 1666 3232 suumque
1684 3160 1898 3215 modum
1923 3176 2072 3216 rece-

497 3251 594 3319 pit.
643 3253 818 3320 Atque
871 3249 984 3305 lucc
1026 3252 1203 3306 omnia
1233 3266 1334 3306 vox
1362 3251 1475 3321 ipsa
1500 3250 1759 3321 praestitit.
1792 3250 1908 3307 Non
1932 3252 2075 3305 enim

500 3342 637 3396 nuda
662 3352 815 3397 erant
832 3343 1011 3407 verba,
1033 3342 1128 3398 sed
1152 3342 1310 3398 verba
1340 3343 1430 3398 Dei
1458 3383 1475 3411 ,
1523 3343 1591 3398 dc
1615 3343 1804 3413 quibus
1823 3338 2077 3413 scriptum

501 3444 584 3489 est
606 3453 619 3488 :
640 3432 873 3488 Potentia
884 3451 1036 3506 opera
1051 3451 1334 3488 sermonum
1352 3435 1460 3505 ejus
1480 3434 1618 3505 (Joel
1658 3434 1710 3488 2.
1741 3435 1763 3489 1
1782 3432 1853 3504 1).
1871 3434 2079 3489 Etenim

503 3527 546 3581 si
576 3526 841 3582 hominem
868 3566 885 3594 ,
925 3542 1044 3582 cum
1071 3541 1176 3582 non
1202 3537 1375 3592 esset,
1406 3525 1642 3581 fecerunt
1666 3568 1681 3593 ,
1711 3526 1879 3583 multo
1914 3526 2082 3597 magis

506 3627 714 3687 putrem
740 3629 793 3672 et
822 3617 1050 3688 paralysi
1074 3618 1401 3673 laborantem
1426 3618 1723 3673 restituent.

578 3706 769 3762 Contra
795 3707 1061 3761 Anomteos
1083 3707 1326 3776 loquitur.
1355 3735 1429 3747 —
1460 3707 1573 3762 Hoc
1599 3707 1715 3761 loco
1738 3707 1966 3763 libenter
1992 3707 2074 3762 in-

510 3796 887 3866 terrogaverim
912 3811 1045 3864 eos,
1093 3797 1182 3867 qui
1208 3797 1416 3851 curiose
1454 3805 1733 3853 versantur
1755 3796 1810 3852 in
1837 3813 2081 3868 perscru‘

511 3884 669 3940 tanda
686 3888 919 3941 essentia
957 3886 1080 3951 Dei,
1104 3886 1368 3957 quomodo
1391 3886 1668 3942 coiverunt
1691 3888 1929 3942 membra
1954 3887 2083 3944 illa?

509 3976 776 4047 quomodo
791 3976 1010 4032 solidata
1026 3988 1147 4033 sunt
1161 3978 1308 4032 ossa?
1328 3977 1593 4048 quomodo
1613 3986 2083 4047 temperamentum

514 4068 644 4125 illud
670 4071 868 4125 ventris
884 4070 1171 4125 resolutum
1194 4070 1499 4125 convaluit?
1521 4084 1628 4140 quo
1653 4080 1806 4140 pacto
1834 4070 1981 4124 nervi
2001 4084 2088 4125 re-

514 4163 664 4218 missi
692 4178 877 4218 rursus
900 4164 1133 4220 contenti
1156 4164 1507 4232 exstiterunt,
1551 4171 1607 4218 ct
1632 4162 1833 4233 dejecta
1867 4161 2090 4239 facultas

514 4256 849 4320 exsurrexit,
893 4265 950 4311 et
990 4265 1167 4311 erecta
1211 4256 1330 4310 est?
1381 4256 1450 4309 At
1491 4270 1595 4309 nou
1621 4262 1845 4324 possunt
1871 4255 2086 4309 modum

515 4346 657 4403 hunc
694 4346 890 4402 dicere.
934 4345 1073 4417 Ergo
1113 4346 1379 4402 admirare
1413 4356 1613 4402 tantum
1645 4344 1697 4400 id
1719 4345 1857 4416 quod
1882 4356 2089 4417 gestum

516 4448 630 4495 est:
673 4439 891 4494 modum
918 4450 1095 4496 autem
1132 4440 1338 4496 curiose
1379 4455 1447 4493 ne
1483 4439 1786 4510 investiges.
1830 4438 2090 4507 Quoniam

518 4530 680 4600 igitur
702 4531 1019 4602 paralyticos
1050 4572 1065 4598 ,
1095 4531 1235 4602 quod
1258 4531 1438 4601 jussus
1467 4538 1550 4585 est
1580 4571 1596 4597 ,
1639 4528 1764 4584 fecit
1785 4570 1800 4593 ,
1829 4541 1883 4585 et
1899 4528 2092 4584 lectum

520 4620 782 4690 sumpsit,
808 4620 1046 4676 videntes
1071 4622 1215 4677 illum
1246 4622 1413 4676 Judtci
1441 4622 1649 4677 dicunt:
1679 4620 1956 4675 Sabbatum
1990 4627 2095 4673 est:

521 4726 623 4765 non
655 4710 769 4766 licet
800 4710 888 4765 tibi
909 4711 1082 4765 tollere
1107 4712 1368 4782 grabatum
1393 4713 1446 4766 in
1469 4711 1671 4766 sabbato
1697 4709 1873 4781 (Jo'an.
1900 4711 1952 4781 5.
1983 4707 2092 4782 10).

521 4804 653 4859 Cum
675 4804 899 4860 adorare
923 4821 1018 4874 par
1044 4814 1187 4860 esset
1223 4821 1342 4859 eum
1363 4845 1379 4870 ,
1407 4806 1499 4875 qui
1536 4803 1638 4859 hoc
1662 4803 1913 4858 eﬂ'ecerat
1930 4842 1945 4868 ,
1972 4816 2092 4858 cum

523 4893 776 4950 admirari
805 4895 999 4951 factum
1023 4933 1039 4959 ,
1065 4894 1140 4950 illi
1164 4909 1291 4950 vero
1312 4894 1378 4949 de
1397 4894 1615 4950 sabbato
1638 4893 1939 4959 disserunt,
1972 4909 2098 4949 vere

524 4986 830 5043 excolentes
858 4986 1107 5053 culicem,
1137 4985 1397 5041 camclum
1426 4996 1603 5041 autem
1627 4985 1927 5056 glutientes.
1957 4986 2091 5053 Quid

526 5077 688 5148 igitur
739 5077 866 5133 ille?
904 5076 1001 5143 Qui
1029 5092 1108 5130 me
1141 5092 1320 5130 sanum
1351 5078 1503 5148 fecit,
1534 5076 1619 5131 ille
1644 5076 1768 5130 mihi
1788 5076 1916 5131 dixit
1939 5117 1954 5141 ,
1983 5078 2102 5131 tolle

527 5170 790 5240 grabatum
804 5180 962 5235 tuum,
982 5177 1028 5221 et
1047 5168 1248 5222 ambula
1266 5166 1371 5238 (Ib.
1389 5184 1435 5221 υ.
1457 5168 1569 5239 11).
1589 5166 1749 5224 Vides
1769 5176 1979 5239 gratum
2004 5166 2101 5220 ho-

527 5264 686 5320 minis
712 5267 949 5319 animum
970 5262 995 5318 1
1016 5259 1312 5317 Conﬁtetur
1338 5260 1601 5316 medicum
1621 5300 1637 5328 ,
1668 5268 1723 5316 et
1745 5258 1960 5330 dignum
1983 5271 2103 5313 esse

529 5357 879 5429 Iegislatorem
905 5398 919 5422 ,
947 5357 1030 5413 cui
1055 5355 1377 5427 praecipienti
1393 5352 1524 5408 fides
1536 5351 1810 5408 habeatur.
1833 5351 1900 5406 Et
1919 5365 2104 5421 quem-

531 5452 813 5508 admodum
840 5452 958 5508 illus
977 5465 1150 5505 caecus
1175 5459 1485 5520 argumento
1508 5445 1793 5511 conclusit,
1826 5444 1895 5498 ita
1916 5452 1971 5498 et
1994 5442 2098 5497 hic.

534 5546 810 5610 Quomodo
835 5557 1010 5603 autent
1033 5545 1124 5600 ille
1151 5541 1454 5599 conclusit!
1491 5539 1746 5595 Dicebant
1770 5537 1818 5592 ci
1847 5576 1863 5602 ,
1889 5532 2009 5588 Non
2032 5541 2102 5587 est

534 5639 616 5691 hic
669 5640 816 5693 homo
895 5654 927 5691 a
996 5636 1105 5691 Deo
1147 5651 1167 5690 :
1231 5635 1349 5706 quia
1408 5632 1666 5687 sabbatum
1729 5645 1827 5682 non
1893 5625 2105 5680 custodit

540 5725 649 5800 (Id.
700 5729 753 5781 9.
786 5726 1050 5797 16).Quid
1101 5726 1259 5797 igitur
1292 5724 1419 5779 ille?
1456 5722 1657 5778 Scimus
1680 5760 1696 5788 ,
1741 5719 1942 5788 inquit,
1969 5717 2100 5786 quod

1159 315 1214 369 S.
1254 309 1530 367 .IOANNIS
1567 296 2036 358 (lellYSOSTOMI
2077 296 2393 352 ARCHIEP.
2434 291 2967 349 (ZONSTANTINOP.

3603 282 3707 336 8t;8

2132 424 2412 481 peccatores
2430 410 2565 464 Deus
2588 427 2687 464 non
2699 409 2839 462 audit
2860 427 2877 461 :
2891 409 2970 462 hic
2984 417 3148 460 autent
3161 409 3357 475 aperuit
3375 421 3508 459 meos
3528 405 3701 459 oculos

2139 500 2350 571 (Joann.
2368 501 2423 555 9.
2443 517 2490 554 υ.
2511 499 2716 571 50.51).
2748 499 2899 565 Quod
2925 507 3102 553 autem
3131 497 3303 561 atl'ert,
3325 497 3429 552 tale
3452 495 3702 567 quiddam

2131 601 2230 649 est.
2259 592 2316 648 Si
2339 601 2693 663 transgressus
2709 600 2850 647 esset
2879 591 3071 661 legem,
3091 596 3391 659 peccasset:
3418 589 3464 644 si
3486 604 3703 659 peccas-

2132 692 2213 739 set
2246 725 2260 751 ,
2304 700 2409 739 non
2443 692 2643 738 tantum
2672 683 2971 754 potuisset:
3010 680 3100 737 ubi
3124 683 3267 736 enim
3289 690 3559 751 peccatum
3587 719 3604 745 ,
3631 680 3703 734 ibi

2136 789 2240 829 non
2262 784 2345 830 est
2371 774 2519 828 locus
2532 772 2959 828 demonstrandae
2983 772 3253 843 potentiae.
3269 771 3337 824 At
3365 770 3565 841 potuit:
3598 784 3705 824 non

2135 879 2261 934 ergo
2299 863 2533 933 peccavit
2569 873 2927 930 transgressus
2968 863 3161 933 legem.
3217 861 3419 916 Eodem
3467 861 3625 915 modo
3651 870 3706 915 ct

2137 957 2222 1009 hic
2267 965 2679 1026 argumentatur.
2721 956 2849 1011 Nam
2878 971 2997 1010 cum
3031 955 3239 1026 inquit,
3283 954 3385 1021 Qui
3426 968 3505 1007 me
3528 969 3708 1007 sanum

2138 1046 2254 1117 fecit
2281 1086 2294 1108 ,
2327 1045 2427 1100 hoc
2450 1045 2791 1114 significavit,
2826 1046 2966 1101 hunc
2993 1060 3144 1112 esse,
3175 1045 3266 1115 qui
3299 1045 3584 1113 potentiam
3615 1043 3712 1097 de-

2139 1137 2471 1200 monstravit,
2505 1137 2806 1208 ideircoquc
2831 1138 3046 1193 minime
3069 1137 3284 1208 dignum
3312 1151 3431 1191 esse
3454 1177 3469 1202 ,
3494 1137 3584 1206 qui
3608 1136 3712 1190 cri-

2142 1227 2285 1282 mine
2308 1227 2514 1282 violata:
2530 1226 2661 1297 legis
2686 1235 3003 1283 arcessatur.
3030 1227 3164 1296 Quid
3197 1226 3354 1298 igitur
3381 1226 3477 1280 hi?
3513 1224 3611 1281 Ubi
3636 1235 3710 1279 est

2143 1317 2229 1371 ille
2246 1318 2417 1377 homo.
2433 1316 2523 1387 qui
2541 1315 2625 1369 dia
2636 1316 2675 1370 it
2688 1317 2801 1383 tibi,
2820 1317 2961 1373 Toﬂe
2978 1318 3243 1390 grabatum
3270 1329 3430 1385 tuum,
3446 1330 3495 1372 et
3509 1317 3716 1370 ambula

2149 1408 2259 1478 (Id.
2312 1411 2366 1464 5.
2418 1410 2530 1478 12).
2560 1411 2694 1466 Vide
2729 1412 3011 1469 amentiam
3055 1421 3214 1481 atque
3255 1422 3563 1481 stuporem:
3595 1410 3717 1466 vide

2143 1502 2375 1555 animum
2401 1511 2687 1557 tumentem
2716 1502 3036 1574 arrogantia.

2215 1593 2512 1647 Invidarum
2553 1594 2773 1648 conditio
2815 1593 2998 1665 quatis.
3055 1622 3126 1634 —
3172 1592 3521 1649 Invidentium
3572 1594 3718 1649 enim

2145 1682 2286 1738 oculi
2316 1683 2445 1738 nihil
2487 1698 2672 1738 sanum
2704 1684 2905 1748 vident,
2957 1683 3051 1739 sed
3085 1683 3210 1737 illud
3244 1693 3443 1738 tantum
3473 1685 3610 1741 unde
3637 1701 3723 1739 ca-

2148 1790 2276 1845 pere
2297 1790 2479 1830 ansam
2500 1784 2753 1843 possunt:
2779 1775 2958 1830 itidem
2988 1783 3042 1829 et
3062 1775 3134 1828 hi.
3165 1774 3294 1830 Cum
3322 1775 3433 1840 ille,
3460 1775 3547 1845 qui
3569 1790 3722 1830 cura-

2153 1877 2236 1920 tus
2263 1876 2395 1932 erat,
2422 1880 2701 1937 utrumque
2756 1867 2926 1921 fassus
2949 1876 3091 1922 esset
3116 1907 3130 1930 ,
3176 1875 3230 1921 et
3254 1875 3494 1945 curatum
3521 1882 3580 1922 se
3603 1882 3725 1921 esse

2155 1966 2211 2011 et
2245 1957 2452 2027 jussum
2476 1957 2661 2012 tollere
2707 1956 2980 2026 grabatum
3010 1997 3027 2023 ,
3077 1956 3206 2011 illud
3256 1956 3468 2025 quidem
3512 1956 3724 2010 silentio

2152 2050 2523 2118 prmterierunt
2550 2088 2566 2113 ,
2612 2046 2714 2102 hoc
2759 2057 2935 2102 autem
2974 2049 3346 2118 protulerunt:
3393 2048 3726 2103 occultarum

2154 2139 2366 2208 quidem
2396 2138 2708 2193 miraculum
2734 2179 2749 2203 ,
2803 2137 3137 2208 prmtendunt
3185 2148 3359 2192 autem
3382 2137 3588 2191 sabbati
3614 2137 3726 2191 dis-

2156 2231 2492 2286 solutionem.
2529 2230 2643 2285 Non
2670 2231 2812 2286 enim
2835 2229 3101 2295 dixerunt,
3134 2229 3223 2285 ubi
3246 2237 3327 2284 est
3345 2228 3434 2298 qui
3464 2236 3517 2284 te
3540 2243 3726 2282 sanum

2158 2319 2315 2376 fecit?
2341 2321 2446 2376 Sed
2490 2320 2590 2376 hoc
2625 2322 2907 2376 reticentes
2954 2320 3237 2374 dixerunt:
3282 2319 3376 2373 Ubi
3398 2328 3467 2374 est
3493 2319 3576 2388 qui
3601 2318 3731 2371 dixit

2160 2412 2248 2466 tibi
2272 2453 2285 2478 ,
2305 2410 2445 2466 Tolle
2458 2409 2906 2482 grabatumtnum,
2936 2420 2981 2464 et
3004 2408 3206 2463 ambula
3231 2409 3256 2463 ?
3284 2407 3340 2462 Is
3360 2420 3528 2462 autem
3549 2411 3733 2461 nescie-

2162 2500 2263 2557 bat.
2286 2503 2437 2557 Jesus
2482 2502 2615 2556 enim
2657 2501 2923 2555 declinavit
2958 2518 2992 2555 a
3028 2500 3173 2555 turba
3215 2501 3486 2553 constituta
3529 2499 3583 2553 in
3623 2499 3734 2551 loco

2164 2595 2268 2669 (Ib.
2297 2611 2345 2649 υ.
2375 2595 2486 2666 13).
2510 2593 2567 2649 id
2598 2608 2725 2649 vero
2752 2593 2981 2648 maxima
3020 2602 3103 2648 est
3131 2592 3361 2646 hominis
3390 2591 3529 2646 illius
3551 2590 3738 2646 defen-

2163 2690 2264 2751 sio,
2295 2687 2346 2743 id
2359 2684 2554 2741 Christi
2582 2684 2926 2756 providentia:
2951 2684 3333 2740 demonstratio
3362 2701 3378 2738 :
3410 2693 3469 2737 ut
3495 2699 3614 2738 cum
3635 2698 3738 2737 au-

2164 2777 2327 2834 dieris
2351 2775 2694 2847 paralyticum
2714 2773 2857 2830 hunc
2880 2789 2985 2829 non
3008 2774 3195 2830 eodem
3216 2774 3375 2829 modo
3393 2789 3457 2828 ac
3474 2774 3741 2828 centurio-

2169 2885 2290 2925 nem
2307 2868 2607 2938 suscepisse
2621 2867 2987 2922 advenientem
3010 2867 3308 2932 Dominum,
3328 2881 3501 2936 neque
3518 2865 3741 2931 dixisse,

2176 2960 2272 3014 Dic
2297 2959 2441 3014 verbo
2466 3001 2483 3023 ,
2508 2968 2557 3013 et
2582 2959 2843 3013 sanabitur
2868 2974 2993 3028 puer
3011 2975 3147 3013 meus
3176 2960 3195 3029 (
3219 2956 3406 3012 Matth.
3434 2958 3487 3019 8,
3514 2957 3548 3013 8
3572 2958 3614 3026 ),
3635 2973 3743 3012 non

2172 3055 2340 3124 ipsum
2366 3050 2690 3107 inﬁdelitatis
2742 3050 2957 3105 nomine
3011 3048 3370 3115 condemnes,
3409 3048 3744 3119 quandoqui-

2170 3140 2296 3202 dem
2324 3146 2473 3201 illum
2495 3161 2602 3201 non
2631 3143 3015 3215 cognoscebat:
3045 3158 3147 3197 non
3177 3143 3318 3197 enim
3346 3142 3572 3207 sciebat,
3600 3143 3746 3212 quis-

2177 3253 2302 3292 nam
2351 3236 2443 3293 ille
2483 3244 2648 3293 esset.
2672 3235 2742 3290 Et
2777 3233 3044 3305 quomodo
3088 3249 3211 3289 eum
3252 3249 3409 3303 quem
3457 3247 3746 3303 numquam

2175 3327 2400 3396 viderat,
2429 3325 2707 3381 novisset?
2735 3324 3021 3395 Propterea
3055 3323 3262 3379 dicebat
3290 3341 3305 3380 :
3352 3322 3621 3377 Hominem
3644 3339 3750 3376 non

2178 3419 2354 3484 Itabeo,
2375 3418 2461 3489 qui
2487 3417 2650 3471 mittat
2672 3431 2752 3468 me
2776 3415 2828 3468 in
2844 3414 3087 3485 piscinam
3107 3413 3318 3486 (Joann.
3347 3415 3403 3470 5.
3429 3412 3505 3486 7).
3526 3412 3677 3481 Quod
3697 3414 3747 3469 si

2179 3527 2300 3567 eum
2322 3510 2575 3573 novisset,
2609 3506 2847 3577 profecto
2880 3507 3099 3577 piscina:
3125 3521 3186 3561 ac
3210 3506 3574 3562 descensiouis
3607 3506 3755 3562 illius

2181 3602 2500 3657 mentionem
2520 3614 2623 3653 non
2648 3598 2878 3665 fecisset,
2897 3597 2990 3652 sed
3017 3613 3081 3653 eo
3107 3596 3264 3652 modo
3288 3598 3460 3652 curari
3481 3597 3753 3666 postulas-

2182 3706 2284 3761 set,
2301 3710 2409 3766 quo
2433 3703 2488 3750 et
2512 3700 2728 3749 curatus
2767 3699 2869 3746 est.
2921 3690 3025 3746 Sed
3075 3690 3292 3761 putabat
3334 3705 3497 3745 unum
3544 3704 3665 3745 esse
3717 3706 3753 3746 θ

2183 3786 2365 3844 multis
2392 3827 2410 3854 ,
2453 3800 2516 3840 ac
2543 3782 2743 3839 nudum
2774 3781 3077 3837 hominem:
3123 3789 3282 3852 atque
3319 3780 3517 3836 idcirco
3545 3781 3756 3835 usitatae

2185 3878 2425 3935 meminit
2448 3874 2757 3932 curationis.
2798 3873 3002 3928 Rursus
3030 3881 3205 3941 autem
3240 3870 3435 3927 Christi
3470 3870 3757 3940 providen-

2187 3971 2273 4025 tiae
2296 3968 2412 4023 haec
2435 3965 2819 4022 demonstratio
2839 3973 2922 4018 est
2942 4002 2960 4030 ,
3013 3961 3153 4033 quod
3189 3972 3433 4018 curatum
3457 3962 3757 4033 reliquerit,

2186 4075 2359 4130 neque
2393 4057 2442 4113 ei
2479 4071 2596 4112 sese
2624 4054 2950 4126 patefecerit.
3004 4055 3213 4110 Etenim
3253 4069 3323 4109 ne
3365 4054 3763 4122 suspicarentur

2186 4150 2374 4215 Judaei,
2397 4146 2727 4204 subdititium
2756 4160 2877 4202 esse
2913 4145 3052 4200 hunc
3077 4153 3289 4212 testem,
3320 4151 3478 4214 atque
3502 4143 3619 4199 haec
3641 4142 3765 4198 ideo

2187 4246 2367 4301 dicere
2393 4284 2410 4311 ,
2436 4240 2576 4311 quod
2604 4239 2881 4309 praesentis
2910 4236 3108 4292 Christi
3135 4236 3382 4291 suasione
3409 4243 3714 4290 moveretur
3738 4274 3757 4299 ,

2192 4339 2335 4393 illius
2362 4334 2658 4406 ignorantia
2685 4341 2740 4387 et
2776 4329 3014 4385 absentia
3056 4327 3254 4384 Christi
3300 4326 3426 4382 huic
3474 4326 3765 4396 suspicioni

2193 4434 2365 4489 locum
2395 4446 2502 4485 non
2527 4428 2742 4484 dabant.
2770 4424 2944 4494 lnquit
2977 4422 3120 4479 enim
3149 4420 3520 4493 Evangelista:
3549 4418 3765 4474 Nescie-

2192 4527 2275 4580 bat
2300 4524 2411 4593 quis
2435 4532 2560 4576 esset
2590 4518 2693 4594 (Ib.
2718 4533 2766 4571 υ.
2799 4516 2909 4589 13).

2264 4612 2319 4666 4.
2353 4609 2553 4664 ldcireo
2575 4620 2718 4672 eum,
2744 4603 2835 4675 qui
2864 4610 3079 4658 curatus
3099 4610 3214 4657 erat
3241 4642 3257 4666 ,
3294 4599 3468 4655 solum
3496 4638 3514 4667 ,
3545 4614 3609 4654 ac
3646 4599 3766 4654 sine

2196 4700 2343 4756 socio
2369 4698 2547 4765 mittit,
2577 4707 2634 4752 ut
2660 4692 3117 4764 quemadmodum
3165 4701 3421 4761 cuperent
3453 4730 3468 4754 ,
3523 4703 3769 4744 seorsum

2197 4791 2508 4847 adhibentes
2534 4829 2551 4855 ,
2593 4786 2963 4843 examinarent
3002 4782 3144 4855 quod
3169 4781 3362 4836 factum
3386 4790 3503 4835 erat
3529 4821 3543 4844 ,
3566 4789 3624 4834 et
3646 4795 3769 4835 cum

2198 4891 2397 4939 certam
2427 4880 2504 4935 rei
2532 4875 3040 4934 demonstrationem
3064 4873 3396 4942 accepissent
3429 4911 3444 4935 ,
3475 4870 3543 4925 ab
3568 4871 3770 4939 impor-

2201 4985 2330 5029 tuno
2354 4970 2532 5026 furore
2557 4976 2848 5025 cessarent.
2893 4965 3179 5035 Propterea
3222 4962 3336 5029 ipse
3383 4961 3599 5031 quidem
3637 4959 3773 5015 nihil

2199 5064 2433 5135 loquitur
2454 5101 2472 5127 ,
2501 5074 2622 5116 eam
2647 5072 2776 5114 vero
2805 5072 2923 5127 qum
2958 5070 3053 5126 per
3081 5070 3170 5109 res
3196 5053 3339 5125 ipsas
3359 5050 3418 5107 fit
3434 5052 3770 5108 demonstra-

2201 5161 2401 5213 tion‘em
2424 5154 2503 5211 eis
2535 5152 2773 5225 praebet:
2823 5164 3035 5220 quoquo
3072 5162 3259 5202 versus
3284 5145 3772 5201 manifestissimam

2202 5250 2453 5305 emittens
2470 5259 2679 5311 vocem,
2704 5250 2759 5297 et
2787 5240 2908 5296 tuba
2933 5238 3171 5309 qualibet
3192 5236 3497 5292 clariorem.
3523 5235 3599 5290 Ita
3625 5233 3773 5288 enim

2206 5342 2332 5397 nulli
2356 5341 2465 5411 jam
2492 5334 2780 5407 suspicioni
2800 5333 2901 5387 erit
2925 5328 3212 5385 obnoxium
3234 5327 3592 5382 testimonium
3616 5323 3772 5389 illud,

2208 5436 2308 5504 Qui
2327 5450 2405 5489 me
2431 5445 2607 5487 sanum
2628 5426 2761 5497 fecit,
2784 5427 2872 5480 ille
2893 5422 3015 5477 mihi
3034 5422 3188 5483 dixit,
3208 5420 3348 5476 Tolle
3360 5415 3622 5504 grabatum
3630 5424 3778 5504 tuum

2205 5503 2251 5581 et
2301 5523 2503 5578 ambula
2539 5517 2664 5593 (Id.
2697 5534 2746 5572 υ.
2777 5514 2896 5586 11).
2946 5507 3268 5581 Paralyticus
3310 5506 3369 5562 ﬁt
3404 5503 3727 5593 evangelista
3757 5542 3775 5570 ,

2209 5616 2458 5687 magister
2479 5609 2789 5673 infidelium,
2814 5603 3049 5660 medicus
3075 5610 3129 5656 et
3154 5613 3328 5669 prince
3352 5596 3419 5651 ad
3450 5595 3658 5649 illorum
3677 5592 3777 5687 def

2213 5684 2373 5767 deeius
2395 5718 2449 5763 et
2491 5701 2985 5762 condemnationem
3010 5736 3026 5764 ,
3058 5691 3295 5750 medicus
3322 5704 3432 5745 non
3464 5701 3595 5743 voce
3621 5727 3638 5753 ,
3675 5684 3773 5740 sed
