4062 6166
345 364 449 419 807

343 487 439 540 καὶ
467 482 650 554 τρίτον
692 482 886 544 εἰπεῖν,
930 480 1039 532 τῶν
1073 481 1376 552 εἰρημένων
1404 483 1506 536 οὐκ
1539 482 1780 537 ἔλαττον.
1813 482 1929 535 Ἵνα

342 579 453 649 7&9
502 576 706 648 μάθῃς,
756 576 839 628 ὅτι
902 575 1003 628 οὐκ
1043 574 1359 646 ἀνθρωπίνη
1405 576 1593 648 τέχνη,
1629 574 1764 631 ἀλλὰ
1809 575 1931 630 θεία

342 670 571 741 δύναμις
597 668 661 722 16
715 669 825 722 πᾶν
877 667 1188 738 εἰργάσατο,
1242 668 1529 723 ἐκέλευσεν
1564 668 1713 740 αὐτῷ
1743 669 1931 739 φέρειν

341 763 442 834 τὴν
472 763 686 830 κλίνην,
715 762 819 833 τῆς
837 761 1074 831 ἀληθοῦς
1110 763 1206 815 καὶ
1239 762 1568 835 εἰλικρινοῦς
1593 761 1804 831 ὑγιείας
1835 777 1933 831 με·

342 858 538 927 γίστην
568 855 720 932 [552]
748 856 1002 929 παρέχων
1027 855 1300 921 ἀπόδειξιν
1315 855 1411 909 καὶ
1437 856 1609 926 σαφῆ,
1640 856 1728 910 ἵνα
1756 870 1831 927 μη
1850 871 1932 909 τις

339 951 453 1005 τῶν
486 950 823 1021 βλασφήμων
858 946 1087 1003 ἐκείνων
1113 947 1268 1019 λέγῃ,
1299 948 1381 1001 ὅτι
1408 948 1933 1020 συνυποκρινόμενος

340 1043 375 1098 6
398 1043 768 1114 παραλυτικὸς
792 1043 888 1096 καὶ
915 1042 994 1114 τῷ
1029 1041 1250 1113 Χριστῷ
1282 1041 1664 1114 χαριζόμενος,
1696 1043 1826 1113 ἐσνη
1837 1057 1931 1113 μα·

341 1134 531 1189 τίσατο
556 1133 765 1205 βάδισιν
785 1134 970 1204 ψιλήν.

416 1279 516 1333 Διά
547 1278 708 1332 τοῦτο
760 1279 856 1332 καὶ
899 1277 1118 1350 φορτίον
1152 1277 1244 1331 ἐπὶ
1292 1275 1400 1331 τῶν
1431 1275 1596 1347 ὤμων
1627 1270 1789 1327 αὑτοῦ
1841 1290 1933 1325 κε-

345 1372 491 1426 λεύει
541 1371 751 1442 φέρειν.
808 1370 872 1424 El
902 1370 1012 1442 7&9
1048 1368 1122 1442 μὴ
1153 1364 1220 1441 ἦν
1258 1368 1545 1440 πεπηγότα
1572 1366 1718 1438 αὐτῷ
1749 1364 1933 1429 καλῶς

345 1465 411 1519 τά
440 1463 603 1537 μέλη,
649 1462 748 1517 καὶ
799 1461 869 1515 τά
911 1460 1092 1534 ἄρθρα
1130 1461 1411 1531 σφιγέντα,
1449 1460 1553 1514 οὐκ
1596 1459 1662 1513 ἂν
1689 1455 1931 1528 ἠδυνήθη

347 1556 617 1626 βαστάσαι
662 1553 919 1608 τοσοῦτον
955 1553 1118 1622 ϐγκον
1149 1553 1241 1606 ἐπὶ
1273 1551 1382 1606 τῶν
1419 1549 1606 1622 ὤμων.
1649 1551 1760 1605 Καὶ
1794 1551 1932 1623 πρὸς

344 1649 553 1712 τούτοις
583 1648 639 1702 δὲ
670 1630 849 1703 ἅπασι
861 1646 1080 1701 κάκεῖνο
1092 1645 1383 1710 ἐδείκνυτο,
1415 1645 1496 1698 ὅτι
1530 1644 1619 1715 ὑφ’
1646 1643 1704 1699 ἓν
1718 1645 1934 1700 ἅπαντα

344 1744 574 1814 γίνεται,
629 1740 760 1794 ὅταν
816 1741 846 1792 6
877 1737 1111 1809 Χριστὸς
1163 1737 1494 1811 προστάττῃ,
1518 1739 1613 1792 καί
1642 1737 1932 1809 ἀπαλλαγὴ

343 1839 525 1901 νόσου,
566 1836 664 1890 καὶ
703 1831 916 1903 ὑγιείας
947 1830 1224 1895 ἐπάνοδος.
1265 1832 1329 1886 Οἱ
1362 1831 1460 1903 μὲν
1486 1832 1596 1901 γάρ
1628 1830 1800 1902 ἰατροὶ
1828 1831 1935 1885 κᾶν

343 1932 696 1997 ἀπαλλάξωσι
743 1926 1091 1999 νοσημάτων,
1130 1924 1245 1978 ἀλλ’
1292 1924 1382 1993 ὑφ’
1436 1923 1494 1977 ἐν
1540 1925 1677 1996 πρὸς
1723 1924 1934 1994 ὑγίειαν

347 2026 715 2095 ἐπαναγαγεῖν
754 2020 845 2075 τὸν
892 2017 1279 2091 ἀρρωστοῦντα
1326 2017 1426 2071 οὐκ
1481 2016 1773 2088 ἰσχύουσιν,
1816 2015 1935 2070 ἀλλ’

349 2119 539 2195 ἑτέρου
558 2119 766 2173 δέονται
821 2110 1037 2186 μακροῦ
1078 2112 1296 2183 χρόνου,
1328 2109 1422 2164 τοῦ
1457 2109 1557 2181 τῆς
1589 2109 1931 2181 ἀναλήψεως,

345 2216 489 2269 ὥστε
506 2213 575 2267 τά
591 2210 817 2280 λείψανα
842 2208 943 2279 τῆς
971 2206 1280 2278 ἀρρωστίας
1324 2203 1467 2258 κατά
1505 2203 1701 2275 μικρὸν
1733 2203 1936 2270 ἀποξύ-

343 2325 435 2361 σαι
461 2304 556 2360 τοῦ
584 2302 839 2367 σώματος
890 2298 984 2353 καὶ
1043 2296 1316 2351 ἐκϐαλεῖν.
1361 2295 1420 2348 '0
1459 2295 1515 2349 δὲ
1561 2296 1797 2368 Χριστὸς
1834 2298 1935 2368 οὐχ

340 2398 538 2463 οὕτως,
572 2394 688 2450 ἀλλ’
717 2396 776 2447 ἐν
802 2393 900 2463 μιᾷ
934 2388 1130 2461 καιροῦ
1173 2389 1314 2460 ῥοπῇ
1360 2388 1457 2442 καὶ
1496 2388 1597 2458 τῆς
1625 2387 1935 2460 ἀρρωστίας

341 2487 643 2562 ἀπήλλαξε,
674 2486 771 2541 καὶ
801 2483 901 2556 τήν
932 2483 1144 2553 ὑγίειαν
1177 2482 1514 2551 ἐπανήγαγε,
1545 2479 1639 2534 καί
1665 2479 1827 2551 μέσος
1854 2481 1938 2534 οὐ-

342 2582 452 2646 δεὶς
482 2582 704 2651 ἐγένετο
733 2577 947 2650 χρόνος,
974 2574 1088 2629 ἀλλ’
1118 2575 1235 2645 ἅμα
1258 2573 1357 2645 τῆς
1385 2572 1547 2642 ἁγίας
1574 2570 1821 2644 γλώττης
1858 2570 1938 2637 ἐξα

343 2675 618 2748 επήδησεν
642 2675 677 2745 η
705 2670 830 2743 ἰερά
855 2668 1042 2740 ἐκείνη
1071 2668 1244 2739 φωνὴ,
1274 2665 1370 2719 καὶ
1395 2666 1456 2719 16
1485 2664 1699 2736 νόσημα
1723 2664 1815 2718 τοῦ
1836 2664 1940 2719 σώ-

346 2786 519 2841 ματος
542 2766 894 2839 ἐδραπέτευε,
929 2764 1025 2818 καὶ
1059 2765 1087 2817 6
1125 2762 1282 2831 λόγος
1313 2760 1474 2832 ἔργον
1508 2758 1742 2829 ἐγένετο,
1775 2758 1870 2813 καὶ
1904 2760 1937 2830 ή

342 2860 628 2934 ἀρρωστία
655 2860 805 2913 πᾶσα
832 2855 1100 2912 πάντοθεν
1134 2854 1517 2927 ἐθεραπεύετο.
1551 2852 1661 2907 Καὶ
1687 2852 1941 2924 καθάπερ

342 2953 651 3026 θεράπαινά
680 2968 765 3015 τις
798 2946 1168 3012 στασιάζουσα
1188 2987 1203 3011 ,
1253 2945 1474 3000 ἐπειδάν
1510 2944 1594 3017 ἴδῃ
1627 2944 1718 2998 τὸν
1739 2946 1940 3016 ἑαυτῆς

341 3046 636 3117 δεσπότην,
672 3040 1040 3107 συστέλλεται,
1074 3042 1167 3096 καὶ
1200 3041 1333 3114 πρὸς
1372 3043 1623 3109 εὐταξίαν
1640 3040 1746 3114 ,τὴν
1780 3057 1943 3112 προσ-

345 3140 585 3212 ήκουσαν
614 3136 974 3208 ἐπανέρχεται
993 3152 1007 3166 ο
1031 3133 1175 3187 οῦτω
1196 3134 1289 3188 καὶ
1319 3135 1352 3207 ή
1376 3134 1538 3205 φύσις
1562 3133 1655 3189 τοῦ
1688 3134 1942 3204 σώματος

342 3236 603 3308 καθάπερ
657 3234 962 3307 θεράπαινά
1008 3250 1092 3297 τις
1143 3232 1265 3286 τότε
1316 3232 1676 3298 στασιάσασα,
1717 3231 1811 3284 καὶ
1843 3229 1942 3302 τήν

345 3331 581 3402 πάρεσιν
635 3326 1014 3400 ἐργασαμένη,
1066 3326 1256 3398 ἐπειδὴ
1286 3323 1377 3378 τὸν
1413 3324 1691 3395 Δεσπότην
1718 3318 1825 3376 ε’ίδε
1849 3323 1942 3376 16v

345 3422 551 3492 ἑαυτῆς
588 3421 1062 3492 παραγενόμενον,
1113 3419 1249 3492 πρὸς
1273 3417 1373 3491 τὴν
1410 3417 1619 3472 οἰκείαν
1641 3414 1942 3489 ἐπανῆλθεν

343 3512 624 3579 εὐταξίαν,
661 3512 756 3566 καὶ
794 3510 887 3564 τὸν
937 3509 1216 3582 πρέποντα
1266 3509 1472 3581 κόσμον
1524 3507 1776 3563 ἀνέλαϐε.
1832 3510 1943 3563 Καὶ

341 3605 523 3661 ταῦτα
553 3604 735 3658 πάντα
768 3604 802 3674 ή
851 3602 1003 3674 φωνὴ
1035 3602 1363 3674 εἰργάσατο·
1402 3601 1463 3656 00
1496 3600 1606 3674 7&9
1624 3595 1691 3673 ἦν
1715 3600 1847 3670 ψιλά
1873 3599 1945 3654 τά

344 3702 593 3774 ῥήματα,
650 3699 788 3754 άλλά
838 3701 1059 3771 ρήματα
1110 3697 1281 3774 Θεοῦ,
1322 3697 1450 3768 περί
1488 3689 1564 3752 ὧν
1615 3714 1801 3769 φησιν,
1859 3697 1943 3750 ὅτι

358 3793 599 3863 Ἰσχυρὰ
627 3793 773 3862 ἔργα
825 3793 1024 3860 ,λόγων
1062 3772 1281 3846 αὑτοῦ(
1311 3791 1374 3846 Et
1409 3790 1519 3863 7&9
1557 3792 1659 3846 οὐκ
1684 3790 1813 3845 ὄντα
1850 3790 1944 3845 ἄν·

346 3885 571 3957 θρωπον
592 3885 835 3956 ἐποίησε,
863 3882 1042 3954 πολλῴ
1066 3883 1265 3953 μᾶλλον
1279 3883 1628 3955 σαθρωθέντα
1654 3886 1747 3938 καὶ
1765 3883 1946 3939 διαλυ-

345 3978 516 4033 θέντα
559 3977 716 4033 πάλιν
749 3975 1166 4050 ἐπανὼρθωσεν.

432 4122 696 4177 Ἐνταῦθα
709 4122 880 4194 ἡδέως
894 4123 960 4177 ἀν
975 4122 1203 4194 ἐροίμην
1218 4122 1345 4185 τοὺς
1359 4120 1944 4195 πολυπραγμονοῦντας

340 4217 446 4273 τοῦ
484 4218 620 4271 Θεοῦ
645 4218 746 4290 τὴν
776 4218 986 4281 οὐσίαν,
1032 4216 1149 4281 πῶς
1189 4216 1417 4288 συνῆλθε
1453 4218 1522 4271 τὰ
1558 4217 1695 4290 μέλη
1726 4219 1941 4286 ἐκεῖνα;

342 4311 472 4375 πῶς
502 4311 795 4380 ἐσφίγγετο
839 4308 907 4362 τά
936 4308 1106 4374 ὀστᾶ;
1152 4308 1270 4373 πῶς
1297 4311 1325 4363 6
1354 4310 1507 4373 τόνος
1531 4311 1634 4380 τῆς
1660 4310 1897 4383 γαστρὸς
1917 4314 1946 4366 6

342 4403 733 4474 διαλελυμένος
772 4401 1112 4475 ἐρρώννυτο;
1154 4402 1269 4466 πῶς
1297 4400 1367 4455 τὰ
1399 4401 1745 4472 χαλασθέντα
1776 4402 1945 4475 νεῦρα

344 4496 519 4551 πάλιν
546 4494 831 4559 ἐτείνοντο,
848 4494 995 4563 καὶὴ
1020 4492 1421 4564 καταϐληοεῖσα
1442 4494 1671 4566 δύναμις
1692 4495 1949 4549 ἀνίστατο

346 4589 446 4643 καὶ
478 4585 831 4659 ἀνωρθοῦτο;
875 4586 1016 4640 Ἀλλ’
1046 4586 1146 4639 00x
1196 4586 1262 4639 ἂν
1299 4587 1473 4657 ἔχοιεν
1500 4588 1562 4642 16
1597 4588 1715 4653 πῶς
1748 4590 1944 4645 εἰπεῖν.

344 4679 566 4736 Οὐκοῦν
594 4677 845 4750 θαύμαζε
893 4679 955 4733 16
1004 4680 1367 4751 γεγενημένον
1390 4680 1568 4751 μόνον,
1604 4680 1680 4753 μὴ
1727 4698 1948 4755 περιερ-

274 4811 287 4822 .
345 4769 524 4842 γάζου
548 4771 642 4824 τὸν
668 4771 891 4843 τρόπον.
935 4770 1154 4842 Ἐπειδὴ
1203 4772 1383 4825 τοίνυν
1428 4771 1650 4844 ἐποίησε
1680 4773 1742 4827 16
1780 4793 1948 4847 1:900-

346 4863 572 4935 ταχθὲν,
604 4864 698 4917 καὶ
722 4863 821 4936 τὴν
850 4864 1039 4937 κλίνην
1066 4863 1281 4929 ἐλαϐεν,
1308 4865 1507 4931 ἰδόντες
1533 4867 1696 4923 αὐτὸν
1718 4869 1769 4923 οἰ
1814 4870 1948 4923 Ἰου-

345 4957 746 5027 aufugit-£7001:
770 4973 783 4988 ο
816 4956 1119 5012 Σάϐϐατόν
1151 4958 1304 5023 ἐστι,
1338 4958 1439 5014 καί
1472 4961 1583 5015 οὐκ
1606 4959 1811 5027 ἔξεστί
1848 4977 1949 5016 σοι

346 5049 490 5125 ἆραι
507 5055 615 5109 τὸν
643 5052 976 5123 κράϐϐατον
996 5055 1066 5109 ἐν
1088 5055 1384 5124 σαϐϐάτῳ.
1407 5057 1537 5112 Δέον
1566 5060 1949 5131 προσκυνῆσαι

346 5154 445 5207 16v
473 5153 867 5223 ἐργασάμενον,
894 5152 1013 5207 δέον
1043 5152 1318 5226 θαυμάσαι
1348 5157 1408 5209 16
1426 5157 1875 5230 γεγενημένον,οἰ
1892 5159 1950 5212 δὲ

349 5247 486 5317 περὶ
522 5246 791 5300 σαϐϐάτου
836 5245 1191 5315 διαλέγονται,
1238 5247 1455 5319 ἀληθῶς
1496 5251 1546 5303 οἰ
1592 5251 1681 5305 τὸν
1711 5250 1951 5305 κώνωπα

348 5336 702 5421 διυλίζοντες,
753 5339 848 5391 καὶ
880 5339 979 5411 τὴν
1015 5338 1261 5411 κάμηλον
1305 5341 1721 5407 καταπίνοντες.
1757 5344 1823 5397 Τί
1856 5339 1949 5399 οῦν

350 5430 601 5497 ἐκεῖνος;
648 5430 702 5483 '0
735 5430 1000 5500 ποιήσας
1042 5449 1120 5501 με
1150 5432 1314 5503 ὑγιῆ,
1344 5434 1575 5504 ἐκεῖνός
1612 5455 1715 5507 μοι
1754 5434 1945 5505 εἶπεν,

347 5518 545 5593 Ἀρον
586 5524 695 5579 τὸν
721 5524 1055 5594 κράϐϐίιτόν
1081 5543 1218 5595 σου,
1267 5528 1367 5582 καί
1414 5531 1739 5600 περιπάτει.
1787 5533 1950 5607 Ὁρᾷς

350 5616 779 5688 εὐγνωμοσύνην
839 5617 1165 5690 ἀνθρώπους
1212 5622 1467 5693 ὁμολογεῖ
1494 5623 1587 5680 16v
1622 5626 1827 5698 ἰατρὸν,
1855 5630 1951 5683 καὶ

352 5708 669 5774 ἀξιόπιστόν
695 5728 861 5783 φησιν
903 5709 1041 5767 εἶναι
1083 5713 1180 5768 τοῦ
1217 5718 1639 5791 προστάγματος
1665 5721 1759 5775 16v
1783 5738 1947 5794 νομο-

355 5798 549 5869 θέτην·
602 5804 695 5857 καί
746 5802 936 5877 ὥσπερ
987 5806 1185 5871 αὐτοὺς
1224 5808 1253 5861 6
1284 5809 1483 5880 τυφλὸς
1540 5813 1942 5884 συνελογίσατο,

1080 361 1165 416 DE
1204 363 1479 420 CHRISTI
1522 363 1941 433 DIVINITATE,
1982 366 2253 424 CONTRA
2297 370 2678 431 ANOHOEOS.
2721 375 2833 431 XII.

2036 483 2181 538 οὕτω
2205 488 2298 541 καὶ
2317 482 2486 552 οὗτος.
2518 490 2641 555 Πῶς
2670 491 2727 545 δέ
2765 493 2967 556 ἐκεῖνος
3004 493 3414 564 συνελογίσατος
3458 500 3611 564 ’Ἑλε-

2035 585 2129 637 γον
2150 571 2319 643 αὐτῷ,
2340 573 2423 627 δτι
2464 573 2651 641 οὗτος
2679 577 2712 629 ό
2738 575 3049 644 ἄνθρωπος
3071 580 3183 633 οὐκ
3205 563 3393 634 ἔστιν
3411 563 3487 635 ἐπ’
3508 584 3613 638 τοῦ

2037 651 2207 718 Θεοῦ,
2232 652 2322 707 ὅτι
2370 653 2437 706 τὸ
2480 654 2784 710 σάϐϐατον
2812 658 2885 711 οὐ
2923 656 3104 726 τηρεῖ.
3154 652 3220 713 Τί
3248 655 3340 714 οὖν
3372 663 3613 728 ἐκεῖνοςς

2036 732 2312 804 Οἴδαμεν,
2331 737 2516 808 φησὶν,
2538 736 2625 791 ὅτι
2640 738 3001 809 ἁμαρτωλῶν
3019 744 3051 795 ό
3080 743 3223 808 Θεὸς
3244 745 3355 797 οὐκ
3390 744 3611 800 ἀκούει·

2033 812 2214 883 οὗτος
2242 818 2313 872 δὲ
2347 819 2554 888 ἤνοιξέ
2567 839 2686 891 μου
2714 822 2857 889 τοὺς
2880 824 3245 893 ὀφθαλμούς.
3286 828 3352 879 Ὀ
3383 827 3441 881 δὲ
3470 828 3613 898 λέγει

2032 899 2271 954 τοιοῦτόν
2303 903 2450 957 ἐστιν
2471 921 2484 934 ·
2510 905 2572 960 Εἰ
2591 905 2803 977 παρέϐη
2837 906 2930 961 τὸν
2956 907 3145 978 νόμον,
3176 909 3424 982 ἥμαρτεν
3443 928 3457 942 ⁸
3481 915 3531 966 εἰ

2038 1000 2302 1055 ημαρτεν,
2331 986 2430 1040 οὐκ
2448 987 2514 1040 ἂν
2531 987 2786 1041 τοσοῦτον
2805 987 3023 1059 ἴσχυσεν
3041 1007 3055 1019 ο
3074 990 3203 1045 ἔνθα
3218 992 3325 1063 7&9
3346 994 3613 1067 ἁμαρτία.

2033 1067 2292 1133 ἐπίδειξις
2310 1068 2591 1140 δυνάμεως
2627 1072 2727 1124 οὐκ
2758 1071 2905 1126 ἔστιν
2924 1089 2938 1101 ·
2967 1073 3102 1128 άλλά
3131 1075 3227 1147 μὲν
3252 1076 3486 1147 ἴσχυσεν,
3516 1078 3615 1132 οὐκ

2036 1149 2185 1223 [555]
2199 1150 2308 1223 ἀρα
2329 1153 2543 1225 ἥμαρτε
2565 1155 2820 1226 παραϐὰς
2838 1156 2930 1210 τὸν
2953 1157 3136 1227 νόμον.
3162 1157 3318 1212 Οῦτω
3335 1160 3429 1215 καὶ
3462 1153 3615 1223 οὗτος

2035 1233 2425 1303 συλλογίζεται.
2458 1238 2531 1289 T6
2582 1236 2691 1309 γὰρ
2747 1240 2943 1305 εἰπεῖν,
2973 1240 3037 1293 '0
3080 1242 3343 1311 ποιήσας
3360 1261 3435 1312 με
3454 1243 3613 1313 ὑγιῆ.

2032 1324 2191 1380 τοῦτο
2244 1328 2483 1399 ᾐνίξατο,
2539 1330 2620 1384 ὅτι
2664 1333 2713 1384 εἰ
2759 1326 2910 1396 οὗτός
2941 1334 3087 1385 ἐστιν
3139 1335 3167 1386 6
3213 1335 3616 1406 ἐπιδειξάμενος

2031 1410 2279 1482 δύναμιν,
2323 1412 2400 1477 ὡς
2457 1414 2556 1468 οὐκ
2582 1414 2649 1469 ἂν
2684 1414 2770 1485 εἴη
2808 1413 3017 1478 δίκαιος
3046 1417 3388 1488 παρανομίας
3422 1417 3618 1487 ἐγκλή-

2036 1510 2202 1565 μασιν
2237 1495 2537 1562 ὐπεύθυνος
2568 1495 2833 1566 γίνεσθαι.
2866 1496 2931 1552 Τί
2962 1495 3053 1553 οῦν
3081 1495 3261 1565 οῦτοις
3301 1501 3426 1555 Ποῦ
3450 1502 3618 1555 ἐστιν

2033 1581 2068 1633 ὁ
2092 1579 2446 1647 ἄνθρωποςεί
2463 1580 2648 1636 εἰπών
2661 1596 2782 1646 σοι,
2797 1577 2978 1652 Ἆρον
2999 1583 3106 1637 τὸν
3125 1584 3457 1654 κράϐϐατόν
3479 1600 3616 1639 σου.

2035 1663 2133 1716 καί
2156 1662 2492 1731 περατάτευ
2522 1665 2667 1738 Ὅρα
2693 1665 2790 1737 τὴν
2819 1667 3214 1738 ἀγνωμοσύνην
3235 1669 3330 1723 καὶ
3351 1669 3449 1741 τὴν
3479 1670 3613 1724 ἀναι·

2035 1744 2284 1817 σθησίαν,
2312 1749 2414 1820 δρα
2437 1748 2613 1822 ψυχὴν
2637 1747 2956 1815 ἀλαζονείας
2982 1751 3281 1823 γέμουσαν.

2108 1890 2171 1943 Ol
2195 1889 2302 1962 7&9
2331 1892 2438 1946 τῶν
2485 1892 2823 1962 φθονούντων
2866 1894 3134 1966 ὀφθαλμοὶ
3159 1895 3310 1966 ὑγιὲς
3337 1897 3433 1966 μὲν
3470 1896 3620 1949 οὐδὲν

2038 1971 2347 2050 βλέπουσιν,
2396 1975 2519 2029 ὅθεν
2564 1976 2622 2030 δὲ
2678 1977 2796 2031 ἐστι
2824 1977 2993 2049 λαϐὴν
3028 1979 3210 2049 εὑρεῖν
3244 1979 3426 2050 μόνον.
3462 1978 3620 2032 Οὕτω

2034 2055 2129 2109 καὶ
2151 2048 2322 2122 οὗτοι,
2359 2057 2453 2112 τοῦ
2476 2058 2910 2132 θεραπευθέντος
2938 2048 3224 2133 ἀμφότερα
3247 2048 3618 2133 ήὸμολογήσαν-

2034 2155 2147 2203 τος,
2184 2140 2280 2193 καὶ
2309 2140 2392 2193 ὅτι
2420 2140 2778 2213 ἐθεράπευσε,
2811 2143 2907 2196 καὶ
2939 2144 3021 2196 δτι
3047 2145 3334 2199 ἐκέλευσεν
3363 2141 3497 2217 ἆραι
3520 2144 3622 2215 τὴν

2035 2224 2248 2293 κλίνην,
2287 2224 2350 2277 16
2391 2226 2489 2295 μὲν
2518 2225 2866 2298 ἀπέκρυψαν,
2897 2227 2959 2280 16
2992 2227 3050 2280 δὲ
3082 2222 3268 2281 εἷπον·
3296 2230 3621 2301 ἀπέκρυψαν

2039 2307 2138 2379 μὲν
2178 2308 2242 2361 τὸ
2285 2307 2494 2379 θαῦμα,
2524 2309 2923 2380 προϐάλλονται
2963 2309 3022 2364 δὲ
3061 2311 3161 2384 τὴν
3205 2312 3300 2366 τοῦ
3350 2314 3619 2368 σαϐϐάτου

2038 2392 2364 2461 παράλυσιν.
2417 2394 2491 2446 Οὐ
2545 2392 2654 2465 7&9
2693 2389 2846 2447 εἷπον
2870 2407 2884 2419 ·
2930 2393 3043 2447 Ποῦ
3067 2394 3216 2448 ἔστιν
3240 2398 3270 2450 6
3294 2398 3528 2467 ποιήσας
3562 2415 3620 2449 σε

2039 2475 2205 2544 ὑγιῆ;
2237 2473 2371 2528 ἀλλὰ
2428 2476 2754 2547 σιγήσαντες
2802 2478 3000 2543 ἐκεῖνο,
3041 2473 3216 2545 εἷπον,
3242 2479 3367 2534 Ποῦ
3389 2480 3562 2533 ἐστιν
3590 2484 3623 2533 ὁ

2036 2558 2220 2613 εἰπών
2243 2572 2366 2623 σοι,
2392 2553 2579 2628 τΑρον
2614 2560 2722 2613 τὸν
2743 2559 3075 2628 κράϐϐατόν
3097 2576 3235 2628 σου,
3257 2561 3358 2616 καί
3390 2562 3584 2632 ὕπαγε
3606 2578 3623 2625 ;

2042 2639 2231 2709 Οὗτος
2277 2642 2346 2696 δὲ
2387 2647 2501 2698 οὐκ
2548 2643 2679 2714 ᾔδει
2705 2662 2720 2676 ο
2770 2647 2803 2697 ὀ
2853 2644 2963 2714 γὰρ
2996 2646 3236 2713 Ἰησοῦς
3276 2644 3619 2711 ἐξένευσεν,

2040 2725 2228 2795 ὄχλου
2252 2727 2427 2793 ὄντος
2459 2728 2529 2780 ἐν
2552 2725 2632 2792 τῷ
2660 2729 2841 2792 τόπῳ.
2900 2727 3071 2782 Τοῦτο
3108 2728 3375 2798 ἀπολογία
3407 2728 3502 2783 τοῦ
3531 2729 3623 2785 ἀν-

2040 2809 2258 2880 θρώπου
2286 2811 2539 2881 μεγίστη,
2564 2811 2722 2864 τοῦτο
2752 2812 2852 2882 τῆς
2885 2812 2980 2865 τοῦ
3012 2812 3261 2884 Χριστοῦ
3299 2811 3625 2884 κηδεμονίας

2040 2893 2313 2957 ἀπόδειξις
2334 2908 2348 2921 ’
2384 2895 2470 2961 ἵν’,
2493 2896 2622 2947 ὅταν
2663 2895 2922 2967 ἀκούσης,
2946 2895 3028 2947 ὅτι
3058 2895 3501 2967 παραγενόμενον
3526 2895 3625 2951 αὺ-

2039 2977 2131 3030 τὸν
2146 2978 2245 3047 οὐχ
2262 2979 2462 3048 ὁμοίως
2488 2978 2779 3043 ὑπεδέξατο
2792 2978 2870 3046 τῷ
2892 2980 3292 3051 ἑκατοντάρχῃ,
3308 2978 3427 3032 οὐδὲ
3449 2974 3622 3040 εἶπεν.

2042 3062 2123 3116 ὃτι
2144 3061 2289 3117 Εἰπὲ
2321 3063 2508 3131 λόγον
2541 3073 2590 3122 α,
2624 3062 2723 3115 καὶ
2755 3060 3061 3126 ἰαθήσεται
3114 3065 3145 3117 ό
3193 3062 3333 3126 παῖς
3374 3079 3515 3132 μου,
3550 3063 3626 3133 μη

2043 3146 2427 3218 κατηγορήσῃς
2458 3144 2622 3198 αὑτοῦ
2656 3145 2935 3207 ἀπιστίαν,
2965 3145 3122 3216 εἴπερ
3152 3143 3253 3197 οὐκ
3279 3143 3395 3214 ᾔδει
3423 3145 3588 3198 αὐτόν
3610 3163 3621 3173 σ

2041 3230 2162 3282 οὐδὲ
2195 3230 2305 3300 γάρ
2338 3229 2453 3300 ⁴ᾔδει
2483 3230 2629 3293 ὅστις
2663 3228 2792 3282 ποτέ
2815 3224 2903 3299 ἦν.
2939 3227 3062 3291 ιΙὼς
3093 3228 3201 3298 γὰρ
3234 3228 3397 3281 αὐτὸν
3428 3227 3625 3281 οῦποτε

2042 3312 2258 3384 πρῶτον
2288 3313 2411 3367 ἰδὼν
2450 3314 2753 3384 ήπίστατο;
2784 3312 2885 3366 Διά
2911 3313 3069 3366 τοῦτο
3106 3311 3312 3381 ἔλεγεν,
3351 3314 3475 3366 Οὐκ
3507 3312 3626 3380 ἔχω

2042 3399 2378 3469 ἄνθρωπον,
2427 3398 2529 3451 ἵνα
2572 3396 2742 3466 ,ϐάλῃ
2783 3414 2861 3468 με
2889 3399 2977 3462 εἰς
3006 3395 3120 3464 τὴν
3162 3394 3587 3463 κολυμϐήθραν
3609 3412 3622 3424 ·

2041 3484 2137 3548 ὼς,
2172 3486 2220 3536 εἰ
2257 3483 2377 3555 ᾔδει
2423 3482 2608 3546 αὐτὸν,
2647 3483 2747 3535 οὐκ
2799 3483 2863 3536 ἂν
2918 3480 3306 3552 κολυμϐήθρας
3356 3479 3625 3551 ἐμνήσθη,

2042 3567 2166 3622 οὐδὲ
2214 3568 2313 3637 τῆς
2372 3567 2487 3619 ἐκεῖ
2540 3565 2919 3629 καταϐάσεως,
2975 3562 3089 3618 ἀλλ’
3129 3563 3303 3629 οῦτως
3334 3563 3400 3617 ἂν
3427 3562 3624 3632 ἠξίωσε

2043 3649 2468 3723 θεραπευθῆναι,
2496 3651 2571 3713 ὡς
2593 3651 2686 3703 καί
2709 3648 3071 3720 ἐθεραπεύθη.
3098 3646 3235 3700 Ἀλλ’
3261 3645 3508 3717 ἐνόμισεν
3532 3643 3629 3699 ἕνα

2044 3734 2153 3787 τῶν
2184 3733 2395 3788 πολλῶν
2422 3732 2582 3788 αὐτὸν
2605 3728 2766 3794 εἶναι,
2788 3733 2882 3786 καὶ
2909 3732 3194 3803 ἄνθρωπον
3224 3729 3399 3800 ψιλὸν,
3424 3729 3516 3782 καὶ
3542 3727 3629 3780 διά

2044 3817 2204 3871 τοῦτο
2227 3818 2327 3889 τῆς
2376 3817 2647 3888 προτέρας
2678 3817 2922 3887 ἐμνήσθη
2964 3813 3283 3886 θεραπείας.
3331 3809 3629 3876 Ἀπόδειξις

2043 3901 2101 3954 δὲ
2132 3902 2235 3971 τῆς
2270 3900 2367 3954 τοῦ
2421 3899 2658 3971 Χριστοῦ
2712 3900 3059 3970 κηδεμονίας,
3110 3898 3272 3951 πάλιν
3311 3896 3630 3951 καταλιπεῖν

2044 3987 2136 4039 τὸν
2166 3984 2407 4049 ἰαθέντα,
2439 3985 2534 4037 καὶ
2554 3984 2629 4054 μὴ
2654 3984 2997 4052 καταστῆσαι
3026 3982 3222 4051 ἐκείνῳ
3239 3979 3393 4051 δῆλον
3412 3981 3626 4033 ἑαυτόν.

2047 4070 2168 4124 Ἵνα
2199 4069 2306 4138 7&9
2335 4067 2410 4139 μὴ
2464 4066 2885 4121 ὑποπτεύσωσιν
2915 4067 2965 4119 οἰ
3022 4064 3290 4127 Ἰουδαῖοι,
3313 4066 3396 4117 ὅτι
3426 4063 3627 4117 ὑποϐο-

2046 4153 2263 4224 λιμαῖος
2290 4149 2358 4223 ἦν
2381 4143 2536 4214 οὗτος
2562 4152 2591 4204 6
2619 4151 2847 4221 μάρτυς,
2864 4150 2959 4202 καὶ
2982 4146 3075 4201 τοῦ
3100 4144 3337 4217 Χριστοῦ
3366 4147 3629 4217 παρόντος

2047 4237 2142 4290 καὶ
2186 4235 2466 4299 πείθοντος
2500 4234 2664 4288 αὑτὸν
2701 4233 2861 4286 τοῦτο
2891 4232 3097 4301 ἔλεγεν,
3132 4231 3325 4300 άγνοια
3347 4231 3441 4283 καὶ
3471 4229 3533 4283 τὸ
3555 4228 3633 4301 μὴ

2048 4322 2301 4392 παρεῖναι
2340 4317 2544 4403 ταύτην
2587 4315 2796 4403 ἀνῄρειῄ
2817 4315 2931 4403 Ατὴν
2978 4313 3245 4403 ρποψίανσ
3270 4398 3281 4403 _
3303 4308 3427 4366 εἰπε
3467 4311 3577 4383 γάρ
3601 4316 3633 4367 6

2050 4397 2463 4472 εὐαγγελιστὴς,
2489 4403 2572 4453 ὅτι
2600 4402 2723 4453 Οὐκ
2764 4397 2895 4469 ᾔδει
2924 4397 3113 4452 αὐτὸν
3138 4400 3229 4464 τίς
3258 4398 3408 4450 ἐστι.

2118 4545 2184 4599 δ’.
2202 4543 2301 4598 Διά
2314 4544 2472 4597 τοῦτο
2492 4543 2651 4614 μόνον
2666 4543 2763 4596 καί¹
2784 4540 2905 4597 καθ’
2928 4542 3117 4596 ἐαυτὸν
3134 4543 3344 4613 πέμπει
3370 4542 3459 4595 16v
3478 4542 3628 4595 τεθε-

2053 4644 2226 4701 ραπευ
2236 4627 2419 4698 μένον,
2441 4626 2530 4681 ἵνα
2554 4626 2631 4690 ὼς
2665 4625 2984 4696 βούλωνται,
3014 4626 3326 4698 καταμόνας
3354 4626 3628 4691 λαϐόντες,

2050 4711 2385 4786 βασανίσωσι
2417 4711 2478 4766 τὸ
2496 4709 2885 4781 γεγενημένον,
2914 4712 3010 4764 καὶ
3040 4710 3295 4774 λαϐόντες
3321 4710 3509 4782 ἱκανὴν
3535 4709 3631 4765 τοῦ

2048 4797 2373 4871 πράγματος
2386 4794 2679 4862 ἀπόδειξιν,
2698 4794 3016 4848 παύσωνται
3035 4795 3133 4865 τῆς
3156 4794 3386 4863 ἀκαίρου
3411 4793 3629 4863 μανίας.

2050 4881 2148 4935 Διὰ
2176 4881 2333 4934 τοῦτο
2358 4879 2520 4942 αὐτὸς
2544 4878 2642 4949 μὲν
2662 4878 2811 4932 οὐδὲν
2846 4878 3162 4948 φθέγγεται,
3194 4877 3293 4949 τὴν
3325 4877 3380 4931 δὲ
3408 4876 3496 4930 διὰ
3524 4877 3633 4930 τῶν

2050 4965 2394 5039 πραγμάτων
2411 4965 2593 5028 αὐτοῖς
2604 4963 2882 5029 ἀπόδειξιν
2898 4966 3216 5037 παρέχεται,
3232 4960 3503 5032 πανταχοῦ
3522 4979 3606 5031 φω
3617 4992 3633 5001 -

2048 5050 2147 5122 νὴν
2176 5048 2521 5120 σαφεστάτην
2557 5049 2736 5118 ἀφεὶς,
2768 5048 2863 5102 καὶ
2908 5047 3208 5118 σάλπιγγος
3252 5044 3639 5117 λαμπροτέραν

2051 5134 2290 5207 ἀπάσης.
2318 5132 2476 5186 Οὕτω
2492 5132 2600 5203 γὰρ
2612 5133 2707 5187 καὶ
2734 5132 3046 5196 ἀνύποπτος
3070 5132 3258 5185 λοιπὸν
3282 5126 3352 5202 ἦν
3377 5130 3406 5201 ἡ
3436 5145 3633 5200 μαρτυ-

2053 5220 2236 5294 ρία,Ὀ
2264 5217 2529 5286 ποιήσας
2554 5234 2632 5287 με
2656 5216 2819 5287 ὑγιῆ,
2854 5217 3085 5284 ἐκεῖνός
3100 5233 3203 5287 μοι
3232 5215 3421 5277 εἶπεν,
3449 5209 3633 5282 'Apor

2048 5305 2156 5359 τὸν
2168 5302 2498 5374 κράϐϐατόν
2506 5316 2645 5367 σου,
2658 5299 2756 5354 κιιί
2770 5301 2983 5370 ὕπαγε.
3001 5301 3061 5354 '0
3082 5298 3449 5372 παραλυτικὸς
3467 5298 3633 5359 εὐαγ-

2049 5400 2303 5472 γελιστὴς
2315 5400 2548 5469 γίνεται,
2566 5396 2881 5461 διδάσκαλος
2908 5397 3017 5450 τῶν
3037 5396 3303 5463 ἀπίστων,
3334 5394 3516 5466 ἰατρὸς
3538 5395 3633 5447 καὶ

2050 5484 2229 5557 κήρυξ
2261 5486 2341 5547 εἰς
2373 5483 2598 5539 ἐκείνων
2623 5480 2889 5552 αἰσχύνην
2918 5481 3013 5534 καὶ
3046 5479 3394 5550 κατάκριμα’
3426 5477 3631 5549 ἰατρὸς,

2049 5571 2170 5643 οὺχί⁵
2194 5568 2284 5624 διά
2316 5568 2522 5639 φωνῆς,
2555 5566 2691 5621 ἀλλά
2712 5565 2779 5620 δι’
2796 5564 2994 5637 ἔργων,
3016 5564 3135 5635 οὐχ).
3151 5563 3240 5617 διὰ
3263 5562 3460 5633 λόγων,
3494 5563 3632 5617 ἀλλά
3671 5599 3687 5615 ι

2048 5655 2136 5710 διὰ
2174 5653 2282 5708 τῶν
2316 5650 2660 5725 πραγμάτων
2693 5650 2893 5705 αὐτῶν.
2932 5648 3085 5718 Σαφῆ
3125 5647 3235 5721 γὰρ
3267 5649 3358 5702 καὶ
3392 5649 3628 5718 ἀναμφι-

2116 5820 2131 5842 "
2157 5822 2238 5871 Sic
2259 5820 2397 5870 editi.
2434 5817 2559 5881 Reg.
2590 5822 2642 5869 et
2675 5816 2823 5868 Savil.
2854 5815 2904 5865 in
2929 5828 3080 5878 marg.
3116 5815 3261 5876 λόγῳ.
