4062 6166
428 313 532 369 809
582 273 584 275 ’

428 425 695 498 σϐήτητον
730 423 1026 496 ἐπεφέρετο
1055 423 1152 496 τὴν
1187 425 1484 492 ἀπόδειξιν,
1515 425 1608 478 καὶ
1636 425 1771 496 ὅπερ
1798 423 2002 489 ἔλεγεν,

426 518 668 573 ἐδείκνυε
711 517 800 570 διά
836 517 929 571 τοῦ
972 517 1238 589 σώματος.
1289 519 1452 572 Μετὰ
1500 519 1689 574 ταῦτα
1740 516 2008 584 εὑρίσκει

425 612 614 666 αὐτὸν
629 614 661 665 ὀ
679 609 831 682 [554]
862 610 1122 678 Ἰησοῦς,
1145 611 1241 664 καὶ
1264 612 1426 681 λέγει
1447 610 1607 676 αὐτῷ
1622 627 1634 640 ·
1667 609 1810 675 Ἴδε,
1834 605 2010 676 ὑγιὴς

425 703 698 774 γέγονας,
732 703 944 772 μηκέτι
982 702 1304 772 ἁμάρτανε,
1345 705 1447 757 ἵνα
1470 703 1556 773 μὴ
1585 702 1790 773 χεῖρόν
1826 701 1884 754 τί
1911 714 2010 753 σοι

427 795 688 864 γένηται.
715 791 866 858 Εἶδες
897 793 1083 864 ἰατροῦ
1114 795 1306 863 σοφίαν
1328 811 1342 859 ;
1367 791 1506 858 εἶδες
1534 793 1861 865 κηδεμονίαν
1879 807 1892 852 ;
1911 789 2010 843 οὐκ

428 886 702 959 ἀπήλλαξε
749 885 844 940 τοῦ
888 885 1154 958 παρόντος
1193 888 1497 959 νοσήματος
1527 887 1707 958 μόνον,
1755 882 1893 937 ἀλλά
1917 883 2012 936 καὶ

428 981 565 1050 πρὸς
612 980 673 1034 16
713 979 904 1050 μέλλον
954 979 1345 1050 ἀσφαλίζεται·
1386 981 1481 1035 καὶ
1531 980 1676 1052 μάλα
1715 977 2005 1047 εὐκαίρως.

428 1073 557 1125 Ὅτε
582 1071 682 1143 μὲν
699 1073 809 1143 γάρ
828 1067 896 1144 ἦν
925 1073 1017 1126 ἐπὶ
1036 1074 1134 1144 τῆς
1158 1072 1366 1144 κλίνης,
1390 1072 1543 1125 οὐδὲν
1568 1069 1807 1124 τοιοῦτον
1833 1065 2008 1132 εἶπεν,

427 1161 527 1216 οὐκ
554 1162 857 1233 ἀνέμνησεν
883 1164 1044 1217 αὑτὸν
1077 1165 1520 1235 ἁμαρτημάτων·
1551 1162 1880 1230 δυσάρεστος
1904 1157 2010 1230 γάρ

430 1268 548 1317 πως
595 1253 690 1307 καὶ
732 1255 1080 1326 ταλαίπωρός
1132 1258 1280 1309 ἐστιν
1332 1257 1365 1324 ἡ
1421 1254 1529 1308 τῶν
1587 1250 2011 1325 ἀρρωστούντων

439 1350 582 1421 ψυχή
602 1367 616 1380 ·
651 1351 740 1404 ὅτε
766 1351 824 1403 δὲ
851 1351 1099 1422 ἀπήλασε
1123 1352 1223 1422 τὴν
1258 1350 1591 1424 ἀρρωστίαν,
1625 1349 1714 1402 ὅτε
1747 1346 1886 1418 πρὸς
1915 1345 2014 1416 τὴν

434 1441 646 1510 ὑγίειαν
683 1443 1049 1514 ἐπανήγαγεν,
1101 1443 1190 1496 ὅτε
1243 1442 1345 1512 τῆς
1396 1442 1675 1513 δυνάμεως
1694 1438 1875 1516 αὐτοῦ
1919 1438 2013 1492 καὶ

432 1534 530 1604 τῆς
563 1533 888 1605 κηδεμονίας
915 1533 1062 1604 έργῳ
1086 1535 1186 1604 τὴν
1223 1532 1498 1598 ἀπόδειξιν
1527 1531 1859 1603 παρέσχετο,
1890 1529 2013 1582 τότε

434 1623 687 1697 εὔκαιρον
709 1628 942 1679 ποιεῖται
965 1627 1062 1694 τὴν
1091 1643 1153 1678 συ
1162 1626 1401 1698 μϐουλὴν
1425 1625 1520 1678 καὶ
1547 1624 1645 1696 τὴν
1667 1622 2008 1695 παραίνεσιν,

433 1715 745 1782 ἀξιόπιστος
764 1717 831 1770 δι’
865 1717 1044 1770 αὐτῶν
1083 1717 1269 1770 λοιπὸν
1315 1717 1423 1770 τῶν
1449 1717 1627 1788 ἔργων
1667 1715 2008 1786 φαινόμενος.

435 1808 501 1862 Τί
530 1804 624 1862 οὖν
661 1810 864 1872 ἐκεῖνος
907 1809 1156 1864 ἀπελθὼν
1201 1809 1501 1880 κατάδηλον
1545 1807 1804 1878 ἐποίησεν
1851 1804 2013 1858 αὑτὸν

434 1903 546 1963 τοῖς
583 1899 882 1968 Ἰουδαίοις;
919 1903 1226 1964 Κοινωνοὺς
1253 1902 1448 1966 αὐτοὺς
1481 1899 1802 1971 βουλόμενος
1829 1897 2016 1951 λαϐεῖν

433 1991 533 2063 τῆς
577 1993 809 2064 ἀληθοῦς
861 1994 1230 2058 διδασκαλίας.
1287 1994 1427 2048 Ἀλλ’
1482 1996 1678 2047 ἐκεῖνοι
1723 1990 1812 2044 διὰ
1858 1988 2018 2043 τοῦτο

435 2084 658 2154 ἐμίσουν
682 2085 863 2150 αὐτὸν,
887 2088 1042 2158 φησὶ,
1062 2088 1154 2140 καὶ
1170 2087 1414 2140 ἐδίωκον.
1451 2084 1715 2139 Ἐνταῦθά
1737 2099 1828 2154 μοι
1852 2097 2020 2153 προσ-

436 2180 620 2247 έχετε·
651 2179 888 2233 ἐνταῦθα
929 2181 1037 2251 γάρ
1087 2182 1115 2233 6
1164 2181 1272 2243 πᾶς
1314 2181 1463 2232 ἐστιν
1501 2176 1672 2246 ἀγών.
1713 2175 1814 2228 Διὰ
1842 2173 2018 2228 τοῦτο

436 2267 687 2324 ἐδίωκον
738 2271 953 2336 αὑτὸν,
1001 2271 1090 2325 ὅτι
1137 2271 1325 2325 ταῦτα
1369 2270 1559 2324 ἐποίει
1605 2269 1677 2324 ἐν
1721 2264 2016 2332 σαϐϐάτῳ.

443 2361 672 2432 Ἴδωμεν
694 2359 789 2418 οὖν
828 2364 948 2428 πῶς
980 2365 1360 2434 ἀπολογεῖται·
1395 2365 1424 2417 6
1457 2363 1566 2433 γάρ
1590 2363 1691 2432 τῆς
1720 2359 2019 2428 ἀπολογίας

439 2452 641 2523 τρόπος
661 2455 932 2510 δείκνυσιν
955 2459 1109 2529 ἡμῖν,
1137 2458 1247 2510 εἴτε
1271 2456 1382 2510 τῶν
1407 2454 1883 2526 ὑποτεταγμένων,
1908 2453 2019 2506 εἴτε

439 2545 546 2599 τῶν
583 2547 886 2621 ἐλευθέρων
924 2551 1094 2617 ἐστὶν,
1146 2551 1255 2603 εἴτε
1289 2549 1398 2603 τῶν
1427 2549 1879 2620 διακονουμένων,
1909 2548 2019 2600 εἴτε

439 2637 550 2693 τῶν
577 2639 998 2699 ἐπιταττόντων.
1042 2643 1363 2713 Παρανομία
1401 2643 1634 2713 μεγίστη
1671 2641 1843 2694 ἐδόκει
1885 2636 2023 2693 εἶναι

440 2728 503 2784 τὸ
532 2733 926 2802 γεγενημένον·
955 2735 1050 2789 καὶ
1083 2736 1194 2808 γὰρ
1221 2736 1352 2801 ξύλα
1393 2736 1524 2790 ποτέ
1555 2753 1640 2799 τις
1669 2737 1726 2788 ἐν
1768 2733 2023 2804 σαϐϐάτῳ

445 2820 702 2890 συλλέξας
734 2825 990 2900 ἐλιθάσθη
1037 2829 1127 2883 διὰ
1159 2828 1333 2897 τοῦτο,
1368 2831 1452 2884 ὅτι
1490 2829 1848 2900 βαστάγματα
1897 2827 2024 2896 ἔφε-

449 2931 540 2986 ρεν
584 2917 642 2969 ἐν
674 2918 950 2990 σαϐϐάτῳ.
999 2920 1171 2975 Τοῦτο
1203 2921 1264 2974 16
1315 2921 1458 2992 μέγα
1489 2923 1796 2993 ἁμάρτημα
1830 2923 2023 2974 ἐνεκα-

444 3005 588 3060 λεῖτο
624 3010 652 3061 6
685 3012 939 3082 Χριστὸς,
969 3014 1050 3066 ὅτι
1078 3013 1234 3067 ἔλυσε
1263 3015 1326 3067 16
1365 3014 1655 3069 σάϐϐατον.
1685 3014 1908 3085 Ἴδωμεν
1932 3009 2026 3070 οῦν

445 3099 496 3153 εί
526 3102 790 3186 πρότερον
832 3106 1163 3179 συγγνώμην
1204 3108 1348 3160 αἰτεῖ
1384 3107 1462 3172 ὡς
1495 3107 1682 3170 δοῦλος
1713 3108 1808 3160 καὶ
1833 3107 2029 3160 ὑποτε-

446 3195 738 3265 ταγμένος,
781 3198 814 3268 ἢ
843 3197 919 3262 ὡς
946 3199 1197 3264 ἐξουσίαν
1226 3199 1365 3271 ἔχων
1397 3199 1492 3254 καὶ
1517 3200 1804 3253 αύθεντίαν
1828 3198 2031 3252 ἐπιδεί-

448 3301 660 3352 κνυται,
686 3288 763 3352 ὡς
791 3291 1090 3360 Δεσπότης,
1121 3291 1216 3344 καὶ
1249 3291 1594 3362 ἐπικείμενος
1616 3290 1695 3360 τῷ
1721 3291 1893 3361 νόμῳ,
1936 3289 2032 3343 καὶ

448 3376 548 3442 τάς
589 3381 812 3444 ἐντολὰς
851 3382 1015 3445 αὐτὸς
1044 3382 1313 3448 δεδωκώς.
1355 3383 1482 3446 Πῶς
1525 3379 1618 3438 οῦν
1650 3382 2028 3450 ἀπολογεῖται;

449 3469 635 3539 φησίν·
691 3472 746 3523 '0
792 3471 997 3540 Πατήρ
1040 3491 1160 3542 μου
1188 3473 1299 3541 ἕως
1331 3474 1462 3544 ἄρτι
1506 3474 1824 3545 ἐργάζεται,
1868 3473 2032 3544 κάγὼ

447 3560 776 3631 ἐργάζομαι.
807 3558 962 3628 Εἶδες
998 3566 1318 3634 αὐθεντίανς
1366 3567 1558 3622 Καίτοι
1600 3571 1648 3622 εἰ
1683 3568 2036 3623 καταδεέστε-

455 3666 547 3723 ρος
573 3652 666 3705 καὶ
692 3653 930 3709 ἐλάττων
948 3651 1016 3726 ἦν
1039 3656 1130 3710 τοῦ
1155 3659 1388 3730 Πατρὸς,
1412 3659 1512 3711 οὐκ
1533 3658 1728 3711 ἔστιτὸ
1747 3661 2034 3730 εἰρημένον

452 3743 740 3811 ἀπολογία,
766 3745 882 3798 ἀλλ’
909 3746 1162 3818 ἔγκλημα
1206 3746 1391 3818 μεῖζον
1418 3751 1513 3802 καὶ
1539 3753 1844 3822 κατηγορία
1874 3752 2034 3822 χαλε-

457 3834 698 3905 πωτέρα.
757 3835 929 3892 Ὅταν
978 3838 1087 3909 γάρ
1116 3841 1242 3910 ποιῇ
1290 3857 1396 3904 τις,
1443 3841 1472 3894 ὃ
1508 3840 1584 3912 τῷ
1631 3842 1838 3911 μείζονι
1891 3843 2036 3914 μόνῳ

455 3930 627 3983 ποιεῖν
673 3927 905 3996 ἔξεστιν,
949 3927 1066 3984 εἶτα
1107 3931 1269 3994 ἀλοὺς
1302 3933 1610 4002 ἐγκαλεῖται
1640 3937 1732 3989 καὶ
1760 3935 1930 4004 λέγει,
1955 3937 2036 3990 ὅτι

467 4019 690 4094 Ἐπειδὴ
725 4023 755 4074 6
791 4022 992 4092 μείζων
1027 4023 1269 4100 ἐποίησε,
1295 4025 1383 4080 διὰ
1408 4027 1565 4081 τοῦτο
1597 4027 1752 4097 κάγὼ
1780 4029 2032 4100 ἐποίησα,

456 4114 516 4167 οὐ
550 4114 711 4184 μόνον
739 4115 838 4168 οὐκ
861 4116 1088 4170 ἀπολύει
1119 4117 1228 4171 τῶν
1257 4118 1617 4190 ἐγκλημάτων
1644 4121 1834 4177 ἐαυτὸν
1862 4125 2038 4196 τούτῳ

457 4207 558 4278 τῆς
576 4208 872 4278 ἀπολογίας
891 4210 970 4281 τῷ
991 4211 1200 4282 τρόπῳ,
1229 4211 1364 4266 ἀλλά
1385 4214 1479 4266 καὶ
1507 4212 1752 4284 μείζονος
1777 4215 2038 4288 μέμψεως

459 4307 553 4358 καὶ
576 4307 909 4377 κατηγορίας
930 4308 1228 4365 ὑπεύθυνον
1252 4310 1442 4364 ἐαυτὸν
1466 4310 1806 4382 καθίστησιν.
1847 4314 2040 4385 Ὑπερ-

460 4397 693 4468 ηφανίας
737 4400 844 4470 γὰρ
888 4404 981 4454 καὶ
1025 4403 1342 4468 ἀλαζονείας
1384 4405 1524 4470 ἐστὶ,
1576 4406 1638 4460 τὸ
1660 4409 1777 4471 τοῖς
1824 4406 2040 4478 μείζοσι

459 4489 560 4557 τῆς
591 4487 743 4552 ἀξίας
773 4491 1069 4562 ἐπιχειρεῖν
1095 4497 1404 4565 πράγμασι.

532 4604 643 4658 Kal
681 4606 710 4657 6
747 4605 980 4677 Χριστὸς
1022 4608 1202 4661 τοίνυν
1251 4613 1298 4663 εί
1348 4612 1771 4684 καταδεέστερος
1818 4609 1906 4685 ἦν,
1943 4616 2044 4670 οὑκ

463 4691 532 4766 ἦν
573 4696 841 4767 ἀπολογία
884 4698 945 4751 16
982 4698 1297 4772 λεγόμενον,
1345 4703 1460 4756 ἀλλ’
1511 4704 1765 4775 ἔγκλημα
1823 4707 2039 4776 μεῖζον·

464 4789 652 4862 ἐπειδὴ
675 4789 732 4843 δὲ
760 4791 873 4854 ίσος
899 4790 1047 4861 αύτῷ
1067 4787 1157 4862 ἦν,
1184 4791 1272 4846 διά
1295 4793 1452 4847 τοῦτο
1473 4797 1572 4849 οὐκ
1596 4796 1743 4850 ἔστιν
1767 4796 1933 4868 ἕγκλη
1944 4817 2042 4869 μα.

467 4885 576 4943 Kal
615 4886 663 4937 εί
709 4883 984 4953 βούλεσθε,
1033 4888 1125 4939 ἐπὶ
1163 4888 1560 4958 ὑποδείγματος
1586 4890 1614 4941 ὃ
1643 4889 1785 4959 λέγω
1834 4894 2045 4964 ποιήσοι

467 4979 718 5052 φανερόν.
755 4979 844 5050 Τῷ
877 4979 1086 5050 βασιλεῖ
1124 4983 1312 5056 φέρειν
1346 4983 1660 5055 ἁλουργίδα,
1686 4987 1781 5039 καὶ
1807 4987 2045 5058 διάδημα

467 5075 608 5146 ἔχειν
642 5074 735 5128 ἐπὶ
753 5073 850 5144 τῆς
875 5073 1116 5143 κεφαλῆς
1150 5074 1298 5145 μόνῳ
1317 5073 1546 5140 ἔξεστιν,
1580 5077 1748 5148 ἑτέρῳ
1772 5078 1827 5131 δὲ
1848 5079 2042 5135 οὐδενί.

479 5168 604 5224 Ἐὰν
628 5167 808 5228 τοίνυν
832 5169 972 5238 φανῇ
994 5184 1078 5230 τις
1105 5167 1214 5220 τῶν
1241 5167 1451 5221 πολλῶν
1471 5168 1629 5221 τοῦτο
1656 5169 1716 5221 τὸ
1743 5172 1926 5241 σχῆμα
1953 5189 2048 5224 πε-

473 5260 799 5330 ρικείμενος,
830 5256 948 5313 εἶτα
971 5260 1065 5313 καὶ
1094 5261 1173 5324 εἰς
1201 5259 1544 5330 δικαστήριον
1570 5263 1858 5334 ἑλκόμενος
1889 5264 2044 5336 λέγῃ,

468 5358 548 5408 ὅτι
593 5354 809 5425 Ἐπειδὴ
833 5357 862 5406 ὁ
900 5353 1152 5423 βασιλεὺς
1197 5352 1356 5406 τοῦτο
1387 5354 1448 5406 τὸ
1491 5355 1676 5426 σχῆμα
1717 5357 2044 5428 περίκειται,

474 5445 561 5500 διὰ
607 5445 763 5499 τοῦτο
806 5445 960 5516 κάγὼ
1002 5446 1344 5518 περίκειμαι,
1398 5447 1457 5500 οὐ
1491 5449 1650 5518 μόνον
1689 5450 1788 5503 ούκ
1826 5451 2049 5521 ἀφίησιν

471 5538 658 5590 ἑαυτὸν
686 5540 785 5607 τῆς
819 5541 1172 5611 κατηγορίας,
1207 5540 1343 5595 ἀλλά
1371 5541 1465 5594 καὶ
1503 5541 1747 5611 μείζονος
1777 5543 2050 5608 κολάσεως

475 5628 568 5682 καὶ
611 5629 881 5697 τιμωρίας
927 5632 1248 5703 καθίστησιν
1287 5634 1587 5686 ὑπεύθυνον
1621 5635 1698 5704 τῷ
1737 5637 1920 5707 τρόπῳ
1954 5639 2051 5706 τῆς

476 5719 626 5797 [555]
662 5720 973 5789 ἀπολογίας.
1028 5724 1198 5777 Πάλιν
1236 5726 1296 5777 16
1332 5727 1454 5791 τοὺς
1494 5728 1802 5798 αίσχίστους
1835 5730 2048 5799 ἀφεῖναι

1138 310 1195 366 S.
1239 305 1524 364 JOANNIS
1562 299 2057 362 CHRYSOSTOMI
2107 300 2428 359 ARCIHEP.
2471 295 3018 359 CONSTANTINOP.

3589 289 3685 346 M0

2109 421 2382 484 κολάσεως
2425 419 2520 473 καὶ
2554 417 2842 489 τιμωρίας,
2890 408 3002 467 οἷον
3047 406 3428 480 ἀνδροφόνους,
3461 403 3691 478 λῃστὰς,

2108 513 2526 587 τυμϐωρύχους,
2555 513 2650 566 καὶ
2671 511 2794 572 τοὺς
2823 509 2990 578 ἕτερα
3017 503 3242 558 τοιαῦτα
3269 499 3696 570 τετολμηκότας,

2114 605 2398 678 βασιλικῆς
2435 607 2551 658 ἐστι
2579 601 2889 674 φιλοτιμίας
2915 598 3103 671 μόνης.
3141 593 3258 650 Κᾶν
3287 591 3466 646 τοίνυν
3493 609 3577 655 τις
3609 591 3692 645 δι-

2112 701 2337 770 καστὴς,
2357 699 2447 754 τὸν
2463 694 2928 751 καταδικασθέντα
2953 691 3123 763 χωρίς
3155 684 3441 759 βασιλικῆς
3467 683 3696 754 γνώμης

2111 797 2290 866 ἀφεὶς,
2322 795 2642 866 ἐγκαλῆται,
2682 793 2776 846 καὶ
2826 788 3092 858 λέγεικαὶ
3125 785 3305 848 αὐτὸς,
3348 783 3431 836 ὅτι
3477 780 3697 850 Ἐπειδὴ

2111 889 2204 942 καὶ
2241 887 2494 957 βασιλεὺς
2547 884 2763 956 ἀφίησι,
2813 881 2970 951 κάγὼ
3005 879 3233 950 ἀφίημι,
3278 876 3340 929 οὐ
3393 874 3555 946 μόνον
3595 872 3696 925 οὐκ

2111 979 2513 1034 ἀπαλλάττεται
2552 977 2726 1048 τούτῳ
2770 976 2849 1048 τῷ
2890 976 3096 1046 τρόπῳ,
3144 970 3283 1026 ἀλλά
3325 967 3422 1021 καὶ
3469 963 3696 1036 μείζονα

2113 1072 2335 1138 ἐξάπτει
2368 1072 2490 1127 καθ’
2541 1071 2734 1125 ἐαυτοῦ
2768 1071 2867 1138 τὴν
2900 1067 3104 1139 ὀργήν·
3140 1065 3236 1118 καὶ
3273 1061 3420 1133 μάλα
3446 1059 3692 1120 εἰκότως.

2113 1169 2248 1222 Οὐδὲ
2276 1168 2383 1241 γὰρ
2412 1168 2618 1223 δίκαιον
2662 1170 2720 1220 ἐν
2756 1169 2876 1228 ταῖς
2906 1161 3263 1235 παροινίαιςιι
3299 1158 3392 1210 ἐπὶ
3439 1155 3539 1224 τὴν
3584 1151 3697 1204 τῶν

2115 1266 2380 1338 μειζόνων
2419 1265 2705 1320 αύθεντίαν
2762 1262 3154 1323 ἀναϐαίνοντας
3201 1258 3328 1320 τοὺς
3376 1250 3701 1307 ὑποδεεστέ-

2118 1375 2262 1429 ρους,
2315 1359 2522 1413 ἐκεῖθεν
2581 1358 2792 1418 ἑαυτοῖς
2846 1351 3168 1425 πορίζεσθαι
3217 1349 3316 1420 τὴν
3374 1342 3694 1410 ἀπολογίαν,

2114 1447 2302 1520 ἐπειδὴ
2343 1448 2498 1502 τοῦτο
2541 1447 2700 1519 ὕϐρις
2755 1445 2958 1517 μείζων
3005 1443 3151 1496 ἐστὶν
3181 1443 3260 1504 είς
3298 1439 3426 1502 τοὺς
3455 1432 3696 1506 ἐγχειρί-

2116 1554 2315 1604 σαντας
2355 1541 2538 1604 αὐτοῖς
2575 1540 2672 1610 τὴν
2707 1539 2903 1610 ἀρχήν.
2938 1534 3037 1590 Διά
3064 1535 3222 1588 τοῦτο
3246 1532 3311 1586 ἂν
3351 1531 3449 1601 μὲν
3477 1525 3700 1580 ὑποδεέ-

2116 1649 2304 1704 στερος
2335 1627 2498 1706 ᾖτις,
2529 1633 2786 1685 οὐδέποτε
2815 1630 3004 1684 τοῦτον
3030 1627 3430 1696 ἀπολογήσεται
3459 1620 3549 1674 16v
3570 1617 3701 1689 τρό-

2116 1745 2249 1780 πον·
2283 1726 2378 1779 ἐὰν
2422 1727 2479 1780 δὲ
2511 1725 2764 1796 βασιλεὺς
2788 1724 2882 1778 καὶ
2916 1724 3016 1794 τῆς
3053 1720 3225 1791 αὐτῆς
3251 1717 3326 1771 ὣν
3349 1715 3527 1782 ἀξίας,
3561 1709 3702 1782 μετὰ

2116 1820 2430 1893 παρρησίας
2449 1817 2608 1874 τοῦτο
2637 1820 2772 1890 ἐρεῖ.
2802 1819 2893 1880 Ὡς
2911 1816 3073 1886 γάρή
3096 1813 3195 1884 τῆς
3223 1809 3396 1883 ἀρχῆς
3420 1807 3518 1878 μία
3535 1807 3703 1876 ὑπερ-

2116 1913 2249 1986 οχὴ,
2289 1911 2432 1966 οὕτω
2478 1911 2573 1964 καὶ
2625 1911 2659 1982 ή
2694 1907 2913 1975 ἐξουσία
2949 1906 3047 1978 μία
3086 1905 3294 1973 γένοιτο
3337 1900 3404 1954 ἂν
3449 1897 3698 1959 εἰκότως.

2120 2004 2284 2058 Ὥστε
2329 2005 2395 2059 ἂν
2433 2007 2575 2076 φανῇ
2625 2020 2708 2064 τις
2752 2000 2926 2064 οὕτως
2973 1994 3427 2066 ἀπολογούμενος,
3485 1989 3701 2058 ἀνάγκη

2119 2101 2269 2154 πᾶσα
2291 2099 2390 2170 τῆς
2410 2098 2580 2167 αὐτῆς
2603 2096 2798 2162 ἀξίαςιι
2829 2090 2970 2148 εἶναι
2994 2090 3208 2161 ἐκείνῳ,
3239 2083 3300 2142 οὗ
3328 2085 3425 2156 τὴν
3455 2082 3704 2148 ἐξουσίαν

2118 2193 2256 2265 ὑπὲρ
2283 2190 2476 2246 ἑαυτοῦ
2506 2189 2889 2262 προϐάλλεται.
2927 2183 3136 2240 Οὐκοῦν
3166 2181 3353 2250 ἐπειδὴ
3387 2178 3481 2232 καὶ
3511 2177 3538 2227 ὁ
3567 2175 3704 2245 Χριο

2121 2283 2244 2347 στὸς
2280 2281 2452 2346 οὕτως
2494 2280 2966 2350 ἐδικαιολογήσατο
3003 2274 3139 2346 πρὸς
3184 2269 3491 2331 Ἰουδαίους,
3522 2268 3702 2336 ἀναμ-

2122 2375 2468 2448 φισϐητήτως
2493 2376 2624 2446 ἡμῖν
2648 2371 2950 2436 ἀπέδειξεν,
2979 2370 3062 2422 ὅτι
3085 2364 3186 2437 τῆς
3208 2363 3381 2434 αὐτῆς
3409 2359 3566 2426 ἀξίας
3587 2358 3705 2411 ἐστὶ

2120 2467 2198 2539 τῷ
2223 2468 2417 2540 Πατρὶ.
2446 2468 2558 2521 Kal
2586 2465 3006 2538 μεταγάγωμεν,
3029 2462 3078 2514 εί
3103 2459 3269 2519 δοκεῖ,
3301 2455 3364 2508 16
3393 2452 3706 2520 ὑπόδειγμα

2123 2561 2216 2616 ἐπὶ
2252 2561 2323 2616 τά
2364 2562 2586 2633 ῥήματα
2619 2561 2714 2613 τοῦ
2743 2554 3004 2630 Χριστοῦ,
3035 2554 3129 2608 καὶ
3158 2552 3218 2604 16
3247 2549 3406 2622 ἔργον
3433 2547 3569 2616 ὅπερ
3592 2541 3709 2633 sip-

2123 2654 2348 2723 γάσατο.
2367 2632 2564 2706 νἘστω
2591 2651 2770 2706 τοίνυν
2797 2649 2859 2702 τὸ
2891 2646 3007 2718 μετ’
3033 2642 3279 2709 ἐξουσίας
3305 2639 3465 2692 λῦσαι
3488 2635 3549 2687 16
3577 2632 3705 2687 σάϐο

2124 2747 2307 2813 ϐατον,
2345 2747 2484 2816 ὅπερ
2513 2747 2546 2816 ἡ
2585 2743 2843 2815 ἁλουργὶς
2870 2741 2965 2793 καὶ
2994 2738 3055 2792 τὸ
3078 2735 3315 2806 διάδημα
3347 2730 3440 2784 καὶ
3462 2728 3523 2781 16
3553 2723 3711 2795 ἀφιέ-

2126 2857 2214 2894 ναι
2241 2841 2366 2903 τοὺς
2398 2836 2752 2900 ὑπευθύνους.

2197 2936 2411 3006 Ὥσπερ
2439 2929 2532 2988 οῦν
2552 2933 2738 2988 ἐκεῖνα
2763 2929 2840 3000 τῷ
2870 2927 3078 3001 βασιλεῖ
3108 2924 3253 2996 μόνῳ
3279 2919 3508 2984 ἔξεστιν,
3533 2913 3710 3006 οὐδενὶ

2126 3030 2182 3084 δὲ
2203 3028 2345 3099 ἄλλῳ
2361 3005 2470 3081 τῶν
2487 3025 2884 3097 ὑποκειμένων,
2907 3021 3001 3075 ἐὰν
3025 3019 3081 3072 δὲ
3105 3018 3248 3087 φανῇ
3263 3031 3344 3076 τις
3363 3009 3530 3064 ποιῶν
3548 3005 3706 3099 αὐτὰ,

2130 3122 2226 3177 καὶ
2258 3098 2482 3185 δικαίως
2511 3120 2702 3183 ποιῶν,
2740 3119 2952 3187 ἀνάγκη
2998 3114 3247 3168 κάκεῖνον
3279 3105 3504 3178 βασιλέα
3535 3098 3674 3156 εἶναι
3693 3115 3706 3128 ·

2130 3213 2271 3268 οὕτω
2299 3212 2362 3284 δὴ
2390 3213 2482 3266 καὶ
2509 3211 2764 3275 ἐνταῦθα,
2796 3207 2981 3278 ἐπειδὴ
3004 3205 3251 3276 φαίνεται
3283 3199 3399 3272 μετ’
3425 3195 3712 3256 αὑθεντίας

2131 3307 2300 3361 ταῦτα
2333 3305 2503 3360 ποιῶν
2535 3307 2563 3359 6
2591 3303 2844 3376 Χριστὸς,
2891 3297 3011 3353 εἶτα
3047 3293 3444 3366 ἐγκαλούμενος
3475 3289 3566 3342 τὸν
3595 3288 3714 3340 Πα-

2131 3401 2267 3471 τέρα
2308 3398 2669 3471 προϐάλλεται
2717 3395 2912 3462 λέγων,
2969 3391 3029 3444 Ὀ
3079 3387 3272 3458 Πατήρ
3324 3401 3422 3456 μου
3453 3382 3555 3445 ἓως
3587 3380 3713 3451 ἄρτι

2135 3493 2448 3562 ἐργάζεται,
2473 3490 2688 3560 ἀνάγκη
2710 3488 2859 3540 πᾶσα
2887 3484 2982 3538 καὶ
3000 3481 3190 3535 τοῦτον
3221 3482 3334 3533 ἴσον
3361 3471 3499 3530 εἶναι
3523 3472 3717 3541 ἐκείνῳ

2135 3587 2212 3660 τῷ
2243 3584 2378 3657 μετά
2407 3583 2690 3644 αὐθεντίας
2737 3577 2996 3633 ποιοῦντι.
3041 3573 3118 3627 Οὐ
3152 3572 3261 3641 γὰρ
3291 3569 3376 3632 ἂν,
3410 3569 3459 3621 εί
3504 3566 3578 3636 μὴ
3604 3564 3719 3628 ἴσος

2221 3676 2390 3748 αὐτῷ,
2415 3675 2589 3745 τούτῳ
2607 3675 2706 3744 τῆς
2725 3669 3089 3736 δικαιολογίας
3119 3665 3391 3735 ἐχρήσατο
3412 3661 3491 3730 τῷ
3509 3658 3714 3750 τρόπῳ.

2136 3749 2248 3826 Kal
2269 3771 2355 3825 ἵνα
2386 3768 2717 3838 σαφέστερον
2755 3762 2960 3834 μάθητε
2985 3760 3047 3813 16
3083 3757 3397 3826 λεγόμενον,
3433 3753 3632 3805 ἔλυσαν
3659 3749 3720 3801 16

2140 3861 2408 3919 σάϐϐατόν
2433 3876 2564 3914 ποτε
2590 3858 2640 3911 οί
2670 3853 2908 3926 μαθηταὶ
2928 3855 2984 3907 ὲν
3006 3850 3085 3922 τῷ
3108 3848 3306 3903 τίλλειν
3328 3845 3454 3908 τοὺς
3484 3842 3722 3912 στάχυας

2137 3958 2232 4010 καὶ
2266 3953 2466 4006 ἐσθίειν
2510 3950 2569 4002 ἐν
2607 3945 2899 4014 σαϐϐάτῳ·
2955 3941 3112 3994 ἔλυσε
3146 3938 3239 3992 καὶ
3277 3936 3440 3998 αὐτὸς
3471 3933 3594 3988 νῦν·
3636 3933 3724 3983 ἐν-

2140 4049 2404 4103 εκάλεσαν
2420 4042 2693 4102 κάκείνοις
2707 4040 2754 4092 οἱ
2782 4037 3044 4099 Ἰουδαῖοι,
3066 4031 3391 4086 ἐνεκάλεσαν
3415 4029 3507 4081 καὶ
3524 4026 3719 4096 τούτῳ.

2145 4143 2371 4210 Ἴδωμεν
2405 4136 2522 4199 πῶς
2549 4135 2647 4206 μὲν
2681 4133 2822 4204 ὑπὲρ
2848 4129 3068 4183 ἐκείνων
3119 4124 3486 4192 ἀπολογεῖται,
3523 4120 3642 4183 πῶς
3665 4119 3724 4171 δὲ

2143 4234 2284 4304 ὑπὲρ
2316 4232 2508 4284 ἐαυτοῦ
2530 4245 2543 4258 ·
2583 4228 2668 4280 ἵνα
2695 4226 2761 4279 ἐκ
2782 4224 2883 4293 τῆς
2912 4220 3178 4289 διαφορᾶς
3199 4215 3299 4287 τὴν
3327 4213 3601 4286 ὑπεροχὴν
3629 4210 3725 4264 καὶ

2141 4325 2242 4395 τὴν
2273 4321 2568 4388 ἀπολογίαν
2594 4316 2760 4372 αὐτοῦ
2803 4313 3004 4386 μάθῃς.
3040 4311 3165 4372 Πῶς
3190 4305 3282 4362 οῦν
3317 4307 3459 4378 ὑπὲρ
3497 4306 3726 4358 ἐκείνων

2143 4415 2518 4483 ἀπολογεῖται;
2541 4414 2663 4466 Οὐκ
2696 4408 2990 4478 ἀνέγνωτε
3022 4406 3077 4458 τί
3103 4403 3354 4468 ἐποίησε
3389 4398 3590 4462 Δαυῖδ,
3627 4397 3726 4451 ὅτε

2129 4508 2496 4571 ,,,ἐπείνασεν;
2533 4505 2701 4556 Ὅταν
2733 4501 2828 4572 μὲν
2862 4498 2970 4570 γὰρ
3001 4496 3139 4569 ὑπὲρ
3167 4494 3276 4548 τῶν
3304 4492 3504 4545 δούλων
3533 4490 3728 4544 ἀπολο-

2144 4605 2327 4673 γῆται,
2360 4599 2452 4651 ἐπὶ
2495 4597 2588 4650 τὸν
2624 4593 2904 4648 σύνδουλον
2936 4590 3117 4644 αὐτῶν
3152 4584 3488 4655 καταφεύγει
3531 4584 3724 4638 Δαυῖδ·

2144 4695 2270 4748 ὅταν
2300 4694 2354 4746 δὲ
2383 4691 2520 4762 ὑπὲρ
2546 4687 2761 4751 ἐαυτοῦ,
2793 4686 2886 4739 ἐπὶ
2915 4685 3005 4738 τὸν
3036 4681 3258 4751 Πατέρα
3302 4679 3493 4745 ἀνάγει
3520 4677 3612 4730 τὸν
3641 4677 3731 4732 λό-

2146 4806 2270 4858 γον·
2319 4787 2383 4840 Ὀ
2411 4783 2612 4851 Πατήρ
2651 4799 2766 4852 μου
2815 4777 3132 4850 ἐργάζεται,
3181 4775 3344 4843 κάγὼ
3398 4769 3727 4843 ἐργάζομαι.

2149 4883 2258 4937 Kal
2306 4878 2465 4932 ποίαν
2511 4874 2770 4946 ἐργασίαν
2797 4871 2975 4940 λέγει;
3023 4868 3154 4931 ἴσως
3187 4867 3332 4920 εἴποι
3365 4883 3446 4928 τις
3487 4865 3581 4917 ἄν·
3630 4863 3734 4917 Ἐν

2148 4971 2364 5044 γὰριέξ
2406 4968 2654 5038 ἡμέραις
2687 4964 3068 5019 κατέπαυσεν
3096 4964 3128 5013 ὀ
3161 4958 3306 5024 Θεὸς
3336 4957 3455 5012 ἀπὸ
3488 4955 3734 5010 πάντων

2148 5064 2266 5119 τῶν
2296 5066 2486 5131 ἐργων
2523 5059 2744 5113 αὐτοῦ·
2774 5056 2871 5127 τὴν
2921 5051 3298 5123 καθημερινὴν
3341 5048 3617 5120 πρόνοιαν.
3656 5047 3731 5099 Οὐ

2150 5159 2258 5230 γὰρ
2284 5157 2576 5227 παρήγαγε
2609 5151 2770 5222 μόνον
2795 5149 2894 5217 τὴν
2926 5146 3124 5208 κτίσιν,
3159 5142 3294 5195 ἀλλά
3314 5142 3407 5195 καὶ
3435 5139 3730 5210 παραχθεί-

2152 5229 2253 5306 σαν
2313 5250 2486 5319 αὐτὴν
2540 5243 2862 5315 συγκροτεῖ·
2919 5238 3024 5292 κᾶν
3079 5234 3345 5304 ἀγγέλους
3391 5231 3580 5302 εἴπῃς,
3628 5229 3732 5285 κᾶν

2150 5342 2544 5418 ἀρχαγγέλους,
2566 5337 2667 5391 κᾶν
2682 5335 2782 5397 τὰς
2806 5333 2916 5388 ἄνω
2932 5330 3213 5398 δυνάμεις,
3232 5326 3336 5380 κᾶν
3351 5325 3529 5378 πάντα
3542 5321 3736 5386 ἁπλῶς

2151 5415 2410 5508 τάνόρατὰ
2444 5434 2538 5487 καὶ
2565 5430 2636 5484 τά
2667 5430 2896 5499 ἀόρατα,
2922 5427 3023 5497 τῆς
3057 5423 3315 5495 προνοίας
3346 5417 3607 5472 ἀπολαύει
3636 5415 3738 5485 τῆς

2152 5531 2393 5585 ἐκείνου·
2428 5529 2530 5581 κᾶν
2570 5525 2754 5598 ἔρημα
2779 5522 3004 5592 γένηται
3034 5520 3133 5589 τῆς
3179 5514 3458 5586 ἐνεργείας
3494 5511 3739 5583 ἐκείνης,

2219 5673 2240 5700 ⁸
2269 5671 2414 5719 ςενὶι.
2442 5674 2497 5717 et
2517 5667 2692 5718 Morel.
2715 5661 3004 5728 παροιμίαις,
3027 5661 3152 5728 Βςς.
3179 5653 3454 5728 παροινίαις.

2220 5733 2246 5772 b
2278 5735 2396 5794 Reg.
2424 5739 2504 5788 τῆς
2527 5731 2669 5786 αὐτῆς
2695 5719 2920 5786 ἐξούσίας,
2947 5730 2998 5771 et
3024 5719 3146 5772 infra
3164 5719 3408 5770 similiter.
