4062 6166
307 404 409 462 809

317 531 604 603 operibus:
639 546 742 587 non
774 547 867 602 per
888 545 1161 586 sermones
1181 573 1195 596 ,
1219 529 1312 584 sed
1341 545 1435 598 per
1460 543 1546 583 res
1577 527 1740 596 ipsas.
1777 525 1888 579 flla-

322 624 566 679 nifestam
595 625 760 686 enim,
782 631 834 676 et
857 622 924 676 de
952 638 1052 692 qua
1081 621 1272 691 ambigi
1306 636 1410 676 non
1437 627 1654 690 posset,
1693 633 1804 687 prae
1834 632 1892 668 se

321 716 522 771 ferebat
550 715 1076 778 demonstrationem,
1108 720 1162 767 et
1185 711 1327 780 quod
1357 710 1564 765 dicebat
1588 751 1604 775 ,
1637 709 1752 777 ipso
1780 721 1898 760 cor-

323 823 452 878 pore
481 806 810 861 ostendebat.
843 805 966 858 Post
996 805 1102 858 lucc
1129 804 1311 858 invenit
1339 820 1451 856 eum
1475 801 1625 856 Jesus
1652 842 1667 866 ,
1698 810 1744 854 et
1772 799 1898 852 dixit

330 895 412 950 illi
429 893 593 948 :Ecce
611 910 774 948 sanus
796 895 966 965 {artus
979 910 1064 956 es;
1073 897 1184 966 jam
1213 895 1317 948 noli
1335 910 1538 964 peccare
1555 935 1570 960 ,
1595 909 1656 946 ne
1684 892 1902 946 deterius

325 986 408 1038 tibi
425 984 619 1056 aliquid
637 986 889 1056 contingat
915 983 1264 1054 (Joan.5.l4).
1286 983 1472 1038 Vidisti
1493 982 1680 1037 medici
1695 981 1917 1050 sapien-‘

325 1075 489 1129 tiam?
530 1073 718 1128 Vidisti
762 1073 1186 1143 providentiam?
1227 1072 1341 1126 Non
1389 1073 1561 1126 solum
1591 1087 1620 1125 a
1656 1070 1901 1140 praesenti

326 1165 512 1220 morbo
537 1165 801 1227 liberavit,
830 1163 923 1218 sed
953 1165 1111 1219 etiam
1133 1164 1304 1218 munit
1332 1163 1382 1216 in
1408 1173 1676 1232 posterum
1700 1203 1715 1226 ,
1747 1161 1905 1230 idque

325 1267 736 1326 peropportune.
766 1255 896 1310 Nam
921 1255 1046 1309 dum
1083 1255 1173 1309 ille
1207 1255 1409 1323 jaceret
1455 1255 1504 1308 in
1543 1255 1680 1307 lecto
1705 1295 1720 1318 ,
1769 1254 1898 1305 nihil

327 1347 585 1416 ejusmodi
611 1347 764 1411 dixit,
789 1361 892 1400 non
923 1347 992 1400 illi
1028 1356 1238 1414 peceata
1267 1347 1317 1399 in
1351 1345 1656 1400 memoriam
1685 1357 1892 1396 revera-

329 1439 434 1503 vit;
468 1453 712 1492 morosus
741 1438 881 1492 enim
916 1437 1308 1507 quodammodo
1328 1479 1342 1499 ,
1373 1451 1437 1490 ac
1486 1435 1800 1489 miserabilis
1827 1444 1908 1485 est

329 1530 690 1600 :cgrotantium
710 1529 935 1581 animus.
957 1527 1055 1582 Ubi
1069 1536 1242 1582 autem
1262 1527 1462 1597 expulit
1478 1525 1905 1586 invaletudincm,

327 1621 416 1675 ubi
454 1620 732 1674 sanitatem
756 1619 1001 1685 reduxit,
1040 1619 1127 1673 ubi
1158 1618 1438 1686 potentize,
1479 1627 1531 1671 et
1560 1613 1904 1685 providentia:

327 1725 437 1764 suae
456 1710 962 1766 demonstrationem
990 1724 1152 1778 opere
1175 1707 1428 1778 prtebuit;
1459 1715 1582 1761 tunc
1609 1720 1900 1776 peroppor-

329 1809 455 1854 tune
479 1800 757 1854 consilium
787 1800 1239 1868 monitionemque
1267 1797 1501 1861 adhibet,
1529 1812 1650 1851 cum
1672 1796 1780 1864 jam
1808 1795 1912 1852 fide

326 1889 545 1961 dignum
569 1906 629 1945 se
651 1890 904 1960 operibus
941 1890 1068 1959 ipsis
1103 1889 1443 1944 ostendisset.
1485 1887 1594 1941 Cur
1628 1888 1793 1957 igitur
1822 1887 1911 1943 ille

327 1983 518 2037 abiens
546 1981 879 2038 manifestum
911 1982 1082 2050 ipsum
1116 1981 1240 2035 fecit
1266 1979 1503 2035 Judteis?
1527 1979 1786 2034 Nimirum
1821 1994 1913 2032 cu-

329 2075 488 2143 piens
501 2089 595 2128 eos
605 2073 1087 2145 habereparticipes
1099 2088 1238 2127 verae
1251 2072 1596 2128 doctrinae.At
1614 2071 1682 2126 illi
1701 2081 1914 2142 propter

337 2165 478 2218 hanc
496 2163 660 2233 ipsam
679 2179 888 2219 causam
908 2165 1054 2218 illum
1071 2164 1311 2227 oderant,
1342 2163 1532 2227 inquit,
1551 2173 1603 2216 et
1627 2178 1912 2232 perseque-

329 2253 544 2309 bantur.
559 2254 666 2310 Hoc
682 2255 808 2310 mihi
827 2256 944 2310 loco
978 2265 1208 2310 mentem
1248 2254 1514 2310 adhibete.
1549 2254 1644 2308 llic
1663 2253 1801 2308 enim
1831 2263 1914 2306 to-

334 2355 446 2399 tum
459 2355 536 2400 est
557 2356 849 2402 certamen.
880 2347 1148 2417 Propterea
1168 2346 1312 2400 illum
1331 2346 1761 2417 persequebantur,
1795 2346 1913 2412 quia

331 2436 439 2489 hac
452 2436 663 2505 faciebat
681 2437 734 2490 in
752 2437 956 2492 sabbato
973 2436 1077 2509 (Ib.
1097 2455 1144 2491 υ.
1161 2437 1270 2506 16).
1290 2437 1574 2491 Videamus
1597 2436 1912 2506 igitur.quo—

330 2527 491 2580 modo
506 2541 565 2581 se
578 2527 846 2582 defendat.
874 2528 1204 2583 Defensionis
1223 2528 1365 2583 enim
1380 2527 1566 2582 modus
1579 2527 1912 2596 perspicuum

331 2617 484 2672 nobis
513 2617 666 2681 facit,
701 2627 876 2672 utrum
926 2619 1014 2674 ille
1047 2620 1116 2673 sit
1134 2635 1268 2673 unus
1289 2619 1645 2688 subjectorum
1674 2634 1739 2670 an
1780 2617 1914 2670 libe-

333 2724 513 2764 rerum
537 2752 552 2777 ,
583 2722 756 2766 utrum
778 2713 1186 2768 ministrantium
1204 2727 1269 2766 an
1289 2713 1678 2782 imperantium.
1699 2711 1914 2767 Factum

333 2804 464 2858 illud
513 2805 798 2860 maximam
829 2807 957 2877 legis
982 2807 1453 2876 transgressionem
1484 2821 1591 2875 pra:
1607 2820 1666 2860 se
1693 2805 1912 2860 ferebat.

332 2895 469 2949 Olim
483 2898 889 2967 enim,quiligna
911 2900 961 2952 in
991 2898 1211 2954 sabbato
1239 2898 1545 2967 collegerat,
1572 2907 1787 2968 propter
1816 2897 1916 2952 hoc

333 2986 507 3054 ipsum
531 2987 787 3055 lapidatus
809 2997 891 3043 est
915 3031 928 3054 ,
977 2989 1117 3058 quod
1146 3004 1308 3043 onera
1335 2997 1568 3058 portaret
1594 2990 1645 3042 in
1697 2988 1916 3043 sabbato

336 3076 524 3147 (Nunt.
561 3080 644 3134 I5.
685 3080 754 3135 52
778 3081 960 3154 -56).
1001 3083 1110 3136 Iloc
1131 3098 1375 3152 tnagnum
1405 3084 1602 3136 crimen
1631 3081 1918 3150 objicieha-

337 3179 420 3222 tur
446 3167 679 3235 Christo,
699 3173 841 3240 quod
869 3172 1142 3226 sabbatum
1159 3173 1408 3227 solveret.
1431 3171 1712 3226 Videamus
1733 3171 1912 3240 igitur,

341 3276 465 3314 num
497 3261 632 3316 forte
663 3263 890 3330 primum
934 3263 1140 3317 veniam
1165 3272 1306 3333 petat
1337 3273 1391 3316 ut
1415 3279 1598 3318 servus
1629 3278 1689 3317 ac
1736 3263 1917 3331 subje-

336 3360 477 3413 ctus,
497 3367 562 3405 an
589 3361 853 3422 tamquam
876 3363 1188 3420 potestatem
1218 3353 1418 3407 habens
1445 3364 1495 3408 et
1523 3355 1911 3416 auctoritatem,

335 3441 580 3495 ostendant
621 3457 679 3496 se
726 3443 1004 3498 Dominum
1047 3453 1202 3514 atque
1249 3460 1369 3499 eum
1405 3487 1419 3510 ,
1467 3446 1554 3514 qui
1588 3448 1828 3513 superior
1847 3446 1916 3500 sit

335 3531 472 3601 lege,
503 3549 565 3588 ac
594 3535 962 3606 mandataipsc
989 3536 1230 3590 dederit?
1257 3539 1531 3604 Quomodo
1549 3539 1703 3608 igitur
1727 3552 1784 3592 se
1814 3538 1912 3592 de-

335 3620 544 3676 fendit?
575 3622 726 3676 Pater
760 3641 898 3678 meus
923 3666 936 3689 ,
975 3627 1141 3695 inquit
1170 3667 1185 3690 ,
1215 3643 1369 3695 usque
1395 3628 1540 3680 modo
1568 3637 1803 3696 aperatur
1825 3669 1839 3690 ,
1868 3637 1914 3681 et

334 3730 420 3784 ego
449 3731 629 3783 operor
654 3715 843 3783 (Joan.
882 3717 934 3770 5.
956 3718 1020 3770 l7
1109 3716 1298 3770 Vidisti
1333 3718 1728 3771 auctoritatem.
1758 3717 1909 3786 Quod

334 3805 377 3857 si
411 3804 730 3859 imbecillior
749 3815 804 3860 et
829 3807 1002 3860 minor
1026 3815 1169 3862 esset
1196 3807 1370 3872 Patre,
1407 3807 1508 3863 hoc
1537 3809 1678 3878 quod
1708 3809 1914 3863 dixerat

334 3905 534 3950 tantum
567 3898 717 3951 abest
739 3910 794 3952 ut
821 3899 1112 3954 defensioni
1139 3910 1318 3970 aptum
1340 3903 1432 3970 sit,
1460 3912 1514 3956 ut
1545 3903 1714 3972 majus
1740 3905 1914 3973 potius

333 3989 534 4042 crimen
559 3989 640 4043 sit'
655 3998 711 4045 et
737 3992 961 4060 graviori
989 3993 1273 4048 obnoxium
1301 3995 1644 4049 accusationi.
1663 3995 1910 4064 Quoties-

333 4093 559 4149 cumque
584 4082 727 4135 enim
754 4083 872 4150 quis
906 4083 1032 4137 illud
1058 4083 1235 4148 faciat,
1264 4085 1404 4155 quod
1431 4087 1529 4140 soli
1554 4087 1908 4156 prrestantiori

335 4169 492 4225 liceat
521 4171 696 4227 facere
722 4214 738 4238 ,
791 4173 982 4229 deinde
1023 4175 1390 4244 deprehensus
1434 4189 1715 4234 accusetur
1748 4222 1762 4246 ,
1802 4183 1914 4251 ipse

333 4277 463 4314 vero
495 4262 564 4314 ita
607 4263 742 4316 dicat
768 4305 784 4330 ,
812 4266 1059 4332 quoniam
1088 4269 1423 4336 praestantior
1452 4269 1576 4325 fecit
1599 4312 1613 4336 ,
1643 4271 1840 4326 idcirco
1862 4282 1916 4328 et

332 4366 434 4420 ego
465 4352 604 4417 feci;
660 4369 762 4408 non
791 4357 962 4409 solum
990 4371 1094 4411 non
1115 4359 1329 4426 expedit
1361 4374 1420 4414 se
1458 4361 1526 4414 ab
1552 4362 1778 4431 objectis
1807 4364 1913 4417 cri-

333 4445 584 4510 minibus,
611 4445 710 4501 Itoc
739 4447 1066 4502 defensionis
1091 4451 1269 4517 modo,
1301 4452 1395 4506 sed
1426 4453 1582 4507 etiam
1617 4455 1802 4522 majori
1831 4470 1914 4510 re-

333 4535 676 4605 prcliensioni
717 4547 875 4608 atque
915 4541 1241 4594 accusationi
1289 4543 1574 4596 obnoxium
1620 4558 1679 4598 se
1718 4545 1911 4598 reddit.

335 4626 610 4696 Superbia:
649 4630 790 4684 enim
831 4640 886 4687 et
924 4634 1241 4702 arrogantia:
1279 4643 1364 4689 est
1409 4637 1610 4706 majora
1644 4637 1914 4708 suscipere

334 4716 589 4785 dignitate
616 4734 732 4773 sua.

404 4810 590 4864 Christi
617 4811 849 4867 divinitas
874 4814 1128 4869 asseritur.
1159 4846 1229 4856 —
1270 4817 1407 4888 Ergo
1443 4816 1685 4872 Christus
1709 4818 1914 4872 etiamsi

337 4901 553 4955 inferior
583 4901 798 4970 fuisset,
830 4913 1032 4960 tantum
1059 4907 1270 4975 aberat,
1295 4917 1353 4962 ut
1372 4925 1489 4978 quae
1509 4909 1716 4964 dicebat
1744 4909 1913 4978 ipsum

335 4996 716 5062 defenderent,
748 5006 806 5052 ut
830 4999 1006 5068 potius
1029 4999 1237 5069 gravius
1263 5002 1700 5057 condemnarent.
1722 5002 1914 5058 Verum

335 5088 586 5157 quoniam
612 5089 754 5144 Patri
783 5093 1000 5161 mqualis
1026 5103 1172 5161 erat,
1220 5104 1498 5165 propterea
1529 5097 1724 5150 nullam
1750 5097 1918 5151 admi-

333 5179 405 5232 sit
426 5179 661 5248 culpam.
683 5183 759 5235 Ac
784 5183 828 5236 si
849 5183 1027 5247 vultis,
1045 5186 1287 5254 exemplo
1313 5187 1645 5256 perspicuum
1673 5187 1823 5242 vobis
1843 5187 1918 5241 fa-

333 5270 474 5325 ciam
515 5271 566 5326 id
583 5269 729 5340 quod
742 5273 876 5328 dico.
910 5274 1018 5329 Soli
1059 5274 1365 5345 Imperatori
1394 5277 1514 5333 licet
1541 5287 1751 5347 gestare
1781 5295 1909 5348 pur-

335 5377 524 5430 puram
555 5372 609 5416 et
631 5363 871 5418 diadema
911 5365 963 5419 in
997 5367 1204 5434 capite,
1233 5379 1490 5438 praeterea
1520 5371 1737 5424 nemini.
1771 5371 1912 5440 Ergo

335 5452 382 5506 si
414 5459 551 5506 unus
575 5468 604 5506 e
632 5454 806 5508 multis
832 5455 972 5509 hunc
997 5466 1239 5512 ornatum
1260 5466 1496 5528 gestans,
1524 5459 1715 5515 deinde
1740 5462 1807 5516 ad
1831 5463 1920 5516 Iri-

285 5559 290 5564 '
334 5544 497 5599 bunal
522 5545 811 5614 perductus
841 5549 912 5602 ita
941 5549 1113 5614 dicat,
1148 5550 1267 5620 quia
1301 5551 1591 5620 Imperator
1619 5551 1916 5623 hujusmodi

333 5646 583 5691 ornatum
605 5647 792 5708 gestat,
811 5653 1088 5710 propterea
1117 5657 1216 5713 ego
1241 5645 1396 5710 etiam
1426 5654 1594 5714 gesto,
1620 5660 1721 5699 non
1746 5646 1917 5700 solum

336 5731 439 5786 hoc
459 5729 785 5787 defensionis
811 5733 970 5788 modo
996 5749 1098 5789 non
1123 5749 1182 5790 se
1203 5735 1364 5791 libera
1374 5745 1452 5792 ret
1471 5737 1539 5790 ab
1563 5738 1916 5804 accusatione,

337 5821 433 5877 sed
473 5827 730 5894 majorem
773 5840 979 5894 pinnam
1022 5843 1084 5883 ac
1123 5828 1435 5898 supplicium
1466 5830 1564 5884 sibi
1598 5839 1911 5886 accerseret.

1097 414 1184 470 DE
1223 412 1484 468 CHRISTI
1526 408 1932 474 DIVINITATE,
1976 403 2249 463 CONTRA
2288 407 2642 464 ANOMOEOS
2705 407 2820 463 XII.

3476 411 3602 465 εισι

2005 523 2211 578 Itursus
2248 523 2671 591 flagitiosissimis
2711 523 3008 580 hominibus
3044 540 3254 594 poenam
3293 542 3352 581 ac
3381 527 3578 598 suppli-

2001 612 2140 666 cium
2168 615 2457 680 remitterc,
2483 625 2538 668 ut
2561 615 2858 681 homicidis,
2884 616 3192 680 latronibus,
3219 620 3580 686 srpulcrorutn

2002 704 2363 772 efl‘ossoribus,
2391 716 2442 759 et
2468 708 2676 761 exteris
2695 748 2708 768 ,
2739 707 2826 775 qui
2857 707 2980 762 talia
3008 708 3248 775 qnzedam
3279 721 3586 777 perpetrare

2005 795 2117 849 ausi
2147 807 2306 865 sunt,
2341 797 2506 853 solius
2549 799 2898 866 imperatoria:
2943 801 3198 869 largitatis
3228 809 3330 856 est.
3362 803 3514 868 Quod
3541 805 3585 857 si

2001 887 2161 957 judex
2192 889 2452 958 quispiam
2489 889 2792 944 damnatum
2823 891 2936 946 sine
2962 891 3296 960 Imperatoris
3325 897 3595 950 sententia.

2005 979 2297 1044 dimittens,
2328 989 2625 1044 accusetur,
2659 989 2712 1034 et
2741 981 2880 1035 dicat
2907 985 3063 1037 etiam
3096 985 3207 1054 ipse
3227 1025 3240 1046 ,
3273 999 3370 1052 ego
3392 984 3588 1051 dimisi,

2006 1069 2254 1137 quoniam
2305 1067 2594 1137 Imperator
2634 1069 2847 1124 dimittit
2875 1113 2890 1137 ,
2922 1089 3026 1126 non
3056 1075 3224 1127 solum
3256 1075 3354 1130 hac
3385 1077 3589 1130 ratione

2008 1161 2226 1214 minime
2253 1175 2311 1214 se
2337 1159 2564 1225 liberat,
2593 1162 2685 1215 sed
2725 1163 2882 1216 etiam
2920 1165 3172 1233 majorem
3204 1181 3326 1236 erga
3358 1181 3416 1221 se
3459 1169 3585 1220 iram

2009 1251 2266 1313 accendit,
2299 1259 2353 1306 et
2375 1250 2496 1320 jure
2525 1252 2758 1320 quidem.
2793 1253 2904 1306 Non
2933 1256 3070 1306 enim
3102 1271 3308 1324 mquurn
3337 1267 3438 1322 cst,
3468 1273 3590 1310 cum

2009 1340 2286 1395 inferiores
2313 1342 2363 1394 in
2396 1342 2696 1395 temulentis
2739 1342 2873 1397 forte
2910 1346 3389 1414 compotationibus
3421 1349 3469 1400 in
3499 1363 3588 1400 sn-

2011 1434 2273 1500 periorem
2303 1435 2669 1488 auctoritatem
2711 1435 3002 1503 irruerint,
3051 1446 3227 1504 postea
3269 1454 3335 1492 ex
3384 1440 3597 1493 illorum,

2012 1538 2194 1588 more,
2228 1531 2282 1578 et
2311 1524 2446 1578 facto
2471 1524 2568 1578 sibi
2610 1526 2737 1594 ipsis
2770 1541 2960 1596 parare
3000 1526 3386 1582 defensionem.
3431 1529 3595 1598 Major

2013 1613 2152 1666 enim
2186 1613 2298 1668 hzec
2323 1615 2642 1668 contumelia
2666 1623 2747 1669 est
2776 1615 2826 1669 in
2848 1631 2961 1680 eos,
2986 1617 3074 1686 qui
3098 1619 3444 1686 principatum
3469 1619 3597 1688 ipsis

2017 1703 2363 1759 tradiderunt.
2407 1705 2526 1759 Ideo
2564 1706 2607 1759 si
2639 1708 2756 1775 quis
2792 1705 3009 1760 inferior
3036 1708 3136 1774 sit,
3168 1724 3450 1776 numquam
3499 1709 3598 1762 hac

2013 1796 2094 1849 sui
2126 1795 2440 1850 defendendi
2472 1797 2675 1852 ratione
2705 1807 2908 1862 utetur;
2941 1799 3024 1851 sin
3051 1808 3224 1852 autem
3254 1799 3320 1852 sit
3363 1801 3598 1866 Imperaa

2017 1899 2100 1942 tor
2122 1929 2137 1954 ,
2170 1895 2224 1942 et
2250 1888 2435 1942 eadem
2470 1889 2720 1959 praeditus
2744 1890 2997 1959 dignitate
3021 1932 3036 1956 ,
3079 1889 3305 1944 fidenter
3344 1890 3394 1943 id
3433 1891 3596 1946 dicet.

2016 1977 2224 2032 Etenim
2265 1978 2708 2048 quemadmodum
2748 1979 2932 2035 eadetn
2969 1987 3049 2033 est
3089 1979 3143 2032 in
3172 1989 3394 2048 utroque
3422 1983 3597 2034 excel-

2017 2069 2133 2123 lens
2160 2070 2451 2139 amplitudo
2482 2071 2826 2139 principatus.
2860 2071 2929 2124 ita
2961 2071 3122 2126 etiam
3148 2071 3333 2125 eadem
3363 2072 3598 2125 auctori-

2018 2175 2098 2218 tas
2123 2177 2184 2218 ac
2209 2164 2417 2218 licentia
2448 2179 2566 2218 esse
2596 2163 2771 2217 debet.
2796 2163 3150 2230 Quamobrem
3178 2165 3220 2218 si
3251 2165 3464 2220 exsistat
3498 2165 3595 2217 ali-

2015 2255 2136 2324 quis
2160 2297 2172 2318 ,
2213 2254 2302 2324 qui
2333 2242 2430 2308 hac
2468 2270 2526 2310 se
2561 2255 2766 2309 ratione
2802 2252 3091 2320 defendat,
3125 2269 3343 2309 necesse
3382 2256 3602 2308 omnino

2017 2359 2117 2416 est,
2137 2350 2374 2404 eamdem
2397 2351 2700 2420 dignitatem
2725 2351 3085 2422 habeatatque
3103 2351 3210 2418 ille,
3237 2351 3388 2421 cujus
3411 2359 3596 2420 poten-

2023 2449 2148 2497 tiam
2179 2443 2244 2497 ad
2275 2459 2422 2499 suam
2454 2445 2818 2499 defensionem
2851 2445 3149 2515 prmtendit.
3183 2446 3403 2513 Quando
3443 2446 3599 2515 igitur

2016 2535 2261 2591 Christus
2300 2537 2398 2592 hac
2437 2538 2643 2593 ratione
2687 2538 2808 2593 facti
2846 2539 2927 2593 sui
2965 2539 3224 2608 justitiam
3256 2554 3374 2593 cum
3403 2538 3599 2592 ,Ιιιι1ςιείε

2017 2626 2286 2682 disserens
2305 2627 2737 2695 declaravit,sine
2758 2629 2918 2684 dubio
2939 2630 3090 2684 nobis
3110 2631 3339 2684 ostendit
3359 2630 3596 2696 ejusdem

2017 2732 2076 2772 se
2101 2733 2218 2772 esse
2246 2719 2517 2788 dignitatis
2540 2735 2658 2772 cum
2689 2720 2865 2774 Patre.
2896 2721 2972 2773 Ac
2997 2721 3040 2772 si
3073 2722 3190 2775 libet
3216 2761 3230 2783 ,
3265 2721 3600 2773 coiiferamns

2016 2809 2230 2862 allatum
2259 2809 2558 2878 exemplum
2586 2825 2705 2864 cum
2727 2811 2902 2864 verbis
2921 2819 2976 2866 et
3001 2811 3136 2864 facto
3157 2811 3370 2864 Christi.
3400 2810 3476 2864 Sit
3505 2811 3601 2878 igi-

2019 2910 2104 2952 tur
2132 2899 2293 2965 idem,
2323 2901 2536 2956 solvere
2567 2915 2664 2970 pro
2688 2901 3002 2956 auctoritate
3035 2903 3308 2958 sabbatum
3331 2944 3347 2968 ,
3376 2917 3436 2955 ac
3471 2917 3597 2970 pur-

2021 3003 2168 3058 pura,
2193 2987 2454 3052 diadema,
2483 2998 2535 3043 et
2560 3005 2773 3042 reorum
2803 2989 3064 3043 diinissio.

2087 3079 2338 3134 Christum
2359 3079 2501 3133 Patri
2517 3079 2756 3148 (aqualem
2771 3098 2876 3135 esse
2893 3070 3223 3149 probatur.—
3238 3082 3600 3149 Quemadmo-

2017 3173 2142 3226 dum
2171 3172 2328 3242 igitur
2362 3173 2461 3227 soli
2493 3173 2802 3242 Imperatori
2848 3173 2932 3227 illa
2965 3175 3125 3229 licent
3147 3216 3162 3241 ,
3195 3175 3392 3229 nemini
3421 3183 3597 3229 autem

2017 3265 2375 3334 subjectorum
2399 3306 2414 3330 ,
2447 3279 2508 3318 ac
2534 3264 2579 3318 si
2603 3265 2722 3334 quis
2747 3264 2931 3319 eadem
2961 3265 3133 3330 faciat,
3165 3281 3228 3320 ac
3251 3265 3372 3335 jure
3403 3265 3556 3320 faciat
3580 3308 3595 3332 ,

2017 3355 2164 3409 illum
2189 3371 2396 3426 quoque
2425 3357 2801 3426 Imperatorem
2829 3371 2950 3412 esse
2978 3372 3194 3412 necesse
3215 3366 3316 3423 est,
3349 3359 3418 3412 ita
3439 3360 3596 3412 etiam

2017 3447 2117 3503 hac
2142 3449 2194 3503 in
2216 3465 2294 3515 re,
2320 3450 2568 3518 quoniam
2597 3449 2648 3503 in
2677 3460 3017 3519 conspectum
3045 3466 3102 3505 se
3123 3451 3211 3504 dat
3230 3450 3470 3506 Christus
3499 3450 3596 3504 ista

2022 3554 2118 3609 pro
2143 3541 2454 3594 auctoritate
2507 3541 2708 3611 faciens
2726 3583 2742 3608 ,
2773 3556 2837 3596 ac
2864 3539 3056 3595 deinde
3083 3551 3360 3596 accusatus
3386 3541 3597 3596 Patrem

2015 3631 2296 3698 prtetendit
2319 3631 2388 3684 ita
2409 3630 2612 3697 dicens,
2644 3630 2800 3684 Pater
2823 3647 2962 3684 meus
2987 3647 3144 3701 usque
3171 3631 3320 3686 modo
3341 3642 3597 3700 operatur;

2017 3722 2378 3776 necessarium
2410 3738 2628 3791 prorsus
2653 3731 2736 3777 est
2759 3763 2774 3788 ,
2803 3731 2857 3776 et
2887 3721 3026 3777 hunc
3046 3723 3303 3792 atqualem
3335 3723 3408 3776 illi
3439 3737 3557 3778 esse
3579 3763 3595 3789 ,

2017 3813 2104 3881 qui
2134 3828 2232 3882 pro
2257 3816 2568 3868 auctoritate
2607 3812 2785 3866 faciat.
2827 3813 2940 3868 Non
2971 3814 3113 3868 enim
3143 3814 3240 3867 nisi
3268 3814 3486 3884 arqualis
3515 3830 3599 3868 es-

2015 3913 2134 3968 set,
2166 3903 2265 3958 hoc
2293 3905 2374 3958 sui
2417 3904 2538 3958 facti
2567 3904 2826 3974 probandi
2867 3904 3025 3958 modo
3054 3913 3311 3958 uteretur.
3340 3905 3513 3972 Atque
3542 3915 3599 3957 ut

2016 4000 2208 4054 clarius
2235 4001 2564 4069 cognoscatis
2588 4016 2705 4067 qua:
2731 3999 2954 4054 dicimus
2973 4038 2988 4064 ,
3021 3998 3288 4052 solverant
3313 3997 3598 4066 aliquando

2016 4091 2292 4146 sabbatum
2318 4090 2582 4159 discipuli,
2613 4105 2734 4144 cum
2765 4091 2938 4158 spicas
2968 4089 3248 4154 vellerent,
3269 4098 3329 4158 et
3351 4088 3597 4142 comede-

2016 4188 2135 4233 rent
2161 4181 2211 4232 in
2235 4179 2452 4233 sabbato
2520 4175 2732 4245 (Matth.
2761 4176 2846 4228 12.
2881 4175 2928 4242 1)
2963 4193 2977 4230 :
3010 4172 3171 4229 solvit
3197 4179 3252 4226 et
3281 4171 3396 4242 ipse
3425 4187 3592 4227 nune.

2018 4269 2088 4323 Et
2129 4269 2247 4323 illos
2293 4266 2750 4338 reprehenderunt
2797 4265 3006 4320 Judaei:
3047 4263 3502 4332 reprehenderunt
3547 4271 3598 4315 et

2018 4364 2178 4417 hunc.
2199 4361 2487 4416 Videamus
2510 4362 2716 4431 qualem
2741 4359 2953 4428 quidem
2985 4373 3078 4428 pro
3106 4356 3212 4410 illis
3235 4353 3596 4410 defensionem
3631 4389 3636 4406 ς

2016 4453 2237 4518 afferat,
2274 4453 2483 4520 qualem
2527 4466 2655 4505 vero
2707 4464 2803 4518 pro
2851 4449 3027 4516 seipse
3053 4489 3068 4513 ,
3100 4456 3158 4500 ut
3194 4461 3257 4500 ex
3299 4443 3618 4498 differentia-

2015 4543 2372 4614 praastantiam
2399 4553 2452 4596 et
2481 4543 2586 4595 vim
2628 4539 2954 4595 defensionis
2981 4539 3098 4609 ejus
3136 4537 3416 4607 intelligas.
3461 4536 3600 4603 Qua-

2017 4635 2122 4690 lem
2162 4634 2321 4704 igitur
2347 4631 2712 4687 defensionem
2751 4647 2848 4700 pro
2881 4629 2984 4684 illis
3022 4627 3220 4684 affert?
3253 4626 3384 4680 Non
3414 4626 3602 4696 legistis

2015 4730 2135 4799 quid
2164 4727 2334 4798 fecerit
2366 4725 2550 4790 David,
2583 4725 2786 4794 quando
2813 4723 2983 4778 esuriit
3008 4721 3130 4791 (Ib.
3159 4737 3204 4774 υ.
3233 4721 3267 4774 '5
3287 4718 3350 4791 )?
3378 4717 3602 4784 Quando

2016 4821 2157 4876 enim
2183 4831 2366 4874 servos
2387 4817 2746 4872 defendendos
2773 4815 3012 4884 suscipit,
3036 4812 3270 4882 confugit
3289 4809 3354 4863 ad
3381 4823 3600 4862 conser-

2017 4925 2142 4965 vum
2170 4911 2380 4965 illorum
2413 4907 2663 4962 Davidem
2688 4923 2702 4960 :
2731 4905 2941 4975 quando
2982 4913 3158 4958 autem
3205 4901 3436 4970 seipsum
3461 4937 3478 4964 ,
3511 4913 3600 4952 ra-

2019 5005 2217 5058 tionem
2253 5002 2414 5056 refert
2450 5000 2516 5055 ad
2547 5000 2774 5054 Patrem.
2809 4997 2964 5050 Pater
2994 5013 3132 5050 meus
3161 5002 3416 5064 operatur,
3439 5001 3486 5044 et
3511 5006 3600 5060 ego

2019 5111 2198 5164 Operor
2243 5093 2440 5164 (Joan.
2474 5093 2527 5148 5.
2557 5090 2684 5163 17).
2717 5092 2885 5156 Quam
2929 5105 3090 5152 vere,
3132 5093 3335 5156 quaeret
3378 5082 3602 5137 fortasse

2021 5185 2280 5256 quispiam
2305 5225 2319 5249 ,
2351 5183 2712 5253 operationem
2739 5179 2909 5235 dicit?
2941 5177 3079 5231 Nam
3108 5178 3160 5230 in
3190 5191 3278 5230 sea:
3317 5173 3490 5226 diebus
3517 5189 3600 5225 re-
3643 5220 3648 5230 ,

2019 5279 2200 5347 quievit
2244 5276 2382 5330 Deus
2429 5275 2488 5329 ab
2533 5274 2760 5328 omnibus
2799 5270 3030 5340 operibus
3072 5270 3176 5322 suis
3219 5265 3387 5340 (Gen.
3414 5265 3470 5318 2.
3501 5263 3598 5334 2).

2021 5368 2221 5436 Nempe
2258 5366 2614 5434 quotidianam
2655 5350 3058 5432 providentiam.
3095 5358 3211 5412 Non
3250 5357 3392 5412 enim
3427 5353 3600 5408 solum

2021 5459 2239 5530 protulit
2262 5465 2558 5512 creaturam
2583 5495 2599 5520 ,
2629 5468 2810 5508 verum
2837 5451 2999 5506 etiam
3040 5449 3294 5518 prolatam
3327 5455 3523 5512 tuetur,
3549 5454 3606 5499 et

2022 5551 2202 5606 fovet:
2230 5547 2580 5616 sive'angelos
2603 5544 2820 5606 dixeris,
2849 5544 2961 5596 sive
2985 5539 3350 5610 archangelos,
3374 5539 3487 5593 sive
3505 5553 3600 5593 su-

2023 5643 2262 5712 periores
2293 5647 2600 5709 potestates,
2630 5635 2742 5691 sive
2771 5635 2945 5688 omnia
2974 5646 3209 5703 prorsus,
3237 5647 3355 5702 qua:
3384 5631 3484 5685 sub
3511 5646 3598 5684 as-

2024 5746 2235 5806 pectum
2257 5731 2453 5787 cadunt
2473 5771 2489 5797 ,
2515 5739 2569 5786 et
2596 5744 2713 5800 qua:
2741 5743 2844 5783 non
2872 5727 3106 5782 cadunt:
3139 5734 3326 5781 cuncta
3357 5723 3604 5780 fruuntur

2028 5827 2355 5900 providentia
2391 5824 2562 5890 illius,
2594 5831 2647 5878 et
2674 5822 2716 5878 si
2745 5821 3098 5876 destituantur
3118 5817 3481 5874 efficaciillius
3511 5832 3601 5869 ειυς
