4062 6166
493 271 589 326 8H

497 391 661 457 liene,
692 388 960 460 difﬂuunt,
983 390 1308 460 dilabuntur,
1332 405 1575 463 pereunt.
1607 395 1748 465 Ergo
1773 411 1893 452 cum
1919 397 2079 453 vellet

493 479 741 536 Christus
765 483 1049 540 oetendere
1078 499 1230 540 suum
1261 500 1381 541 esse
1410 487 1691 555 providere
1714 528 1730 552 ,
1763 503 1866 543 non
1897 497 2075 543 autem

494 574 594 628 sibi
624 575 908 645 provideri,
953 577 1238 634 efficaciter
1276 595 1434 650 agere
1457 622 1473 647 ,
1519 597 1622 634 non
1661 591 1837 636 autem
1870 583 1993 653 agi,
2023 592 2078 637 et

494 664 714 721 alterius
752 667 1090 722 efficientiam
1130 669 1311 723 subire
1337 711 1351 733 ,
1397 670 1467 724 ita
1511 670 1689 735 dixit,
1744 670 1901 725 Pater
1939 689 2077 725 meus

495 767 765 829 aperatur,
807 770 855 814 et
900 777 989 830 ego
1036 777 1235 832 aperor,
1269 763 1526 832 :equalem
1571 778 1630 818 se
1673 763 1815 818 Patri
1853 765 2078 820 demou-

495 859 691 904 Gll'allS.

564 942 619 996 5.
648 940 774 996 Cum
803 943 968 1012 probis
997 944 1219 1000 moribus
1245 954 1378 1000 recta
1403 947 1548 1015 ﬁdes.
1576 978 1645 987 —
1670 947 1796 1001 llaec
1823 948 2081 1002 memoria

497 1041 674 1088 tenete
693 1074 706 1099 ,
737 1041 793 1088 et
816 1049 974 1104 quam
1001 1035 1406 1106 diligentissime
1430 1037 1711 1104 custodite,
1739 1048 1793 1094 et
1817 1041 2082 1097 contexite

499 1125 886 1195 philosophiam
932 1143 1139 1181 morum
1170 1144 1289 1182 cum
1331 1138 1478 1184 recto
1518 1130 1822 1199 dogmatum
1852 1130 2032 1187 habitu
2066 1151 2079 1188 :

497 1213 640 1284 quod
669 1224 722 1270 et
750 1230 920 1284 nuper
949 1215 1190 1271 hortatus
1230 1233 1346 1272 sum
1367 1260 1382 1285 ,
1409 1228 1464 1273 et
1500 1236 1640 1274 nunc
1679 1220 1880 1288 hortor,
1912 1238 2084 1292 neque

503 1306 662 1360 linem
705 1304 952 1359 hortandi
986 1307 1196 1360 faciam.
1225 1307 1429 1362 Merum
1456 1320 1630 1364 autem
1668 1311 2082 1380 institutionem,

500 1403 556 1450 et
581 1396 965 1465 philosophiam
990 1396 1121 1451 nihil
1145 1415 1296 1467 aeque
1325 1398 1556 1468 adducit,
1584 1409 1742 1470 atque
1763 1400 1862 1457 hoc
1885 1401 1940 1457 in
1973 1404 2087 1460 loco

501 1501 644 1558 saepe
680 1489 902 1543 versari.
953 1489 1083 1543 Nam
1123 1483 1568 1560 quemadmodum
1609 1493 1858 1561 squalens
1897 1503 2036 1548 terra
2068 1536 2083 1560 ,

502 1579 544 1630 si
586 1578 850 1634 neminem
882 1579 1073 1635 habeat
1098 1595 1128 1634 a
1157 1596 1263 1650 quo
1298 1582 1569 1651 irrigetur,
1601 1583 1766 1652 spinis
1795 1593 1849 1638 et
1884 1585 2088 1641 tribulis

503 1677 702 1736 scatet;
732 1685 850 1739 quae
877 1680 1051 1725 autem
1078 1671 1297 1726 cultrice
1318 1689 1480 1726 manu
1511 1673 1719 1738 fruitur,
1747 1675 2010 1745 germinat
2035 1685 2088 1729 et

502 1759 656 1816 Iloret
680 1778 744 1816 ac
774 1763 1033 1818 redundat
1055 1779 1245 1832 magna
1274 1765 1540 1820 fructuum
1566 1767 1717 1836 copia
1741 1781 1756 1832 ;
1787 1767 1857 1822 ita
1883 1781 2012 1822 sane
2036 1773 2090 1822 et

502 1855 699 1923 anima,
731 1856 816 1910 illa
843 1857 1081 1927 quidem,
1107 1873 1225 1927 qua:
1252 1856 1442 1913 fruitur
1462 1858 1768 1929 irrigatione
1788 1859 2087 1914 divinorum

502 1962 848 2014 sermonum,
879 1947 1142 2018 germinat
1167 1959 1221 2004 et
1254 1951 1443 2013 ﬂoret,
1477 1960 1530 2004 et
1554 1950 1872 2005 circumﬂuit
1901 1949 2088 2006 fructi-

465 2107 468 2110 ,
503 2041 601 2094 bus
631 2039 859 2110 Spiritus
892 2059 905 2094 :
934 2057 1054 2110 qua:
1087 2049 1263 2096 autem
1307 2041 1502 2096 inculta
1530 2050 1584 2095 et
1624 2043 1676 2095 in
1709 2042 1956 2111 squalore
1979 2083 1996 2109 ,
2027 2057 2092 2098 ac

503 2130 619 2185 sine
648 2129 908 2199 ejusmodi
936 2130 1239 2200 irrigatione
1265 2129 1566 2199 dimittitur,
1592 2148 1652 2187 ea
1692 2133 1802 2187 sola
1833 2133 2090 2204 relinqui-

505 2231 592 2272 tur
619 2225 675 2273 et
709 2217 976 2284 silvescit,
1009 2229 1062 2273 et
1089 2221 1281 2274 multas
1307 2220 1506 2290 profert
1535 2218 1714 2292 spinas
1733 2263 1748 2289 ,
1778 2217 1944 2292 ipsam
1968 2237 2091 2293 pec-

507 2309 610 2363 cati
637 2320 901 2364 naturam.
931 2310 1027 2366 Ubi
1054 2320 1230 2366 autem
1258 2311 1458 2381 Spinze,
1483 2311 1556 2366 ibi
1585 2312 1873 2376 dracones,
1901 2321 1955 2367 et
1975 2327 2090 2368 scr-

509 2408 712 2468 pentes,
745 2409 800 2455 et
826 2401 1039 2472 scorpii,
1067 2409 1121 2455 et
1148 2402 1395 2456 universa
1434 2411 1667 2472 potestas
1696 2401 1910 2456 diaboli.
1940 2401 2091 2471 Quod

509 2492 552 2545 si
576 2491 659 2546 his
688 2491 861 2546 verbis
907 2507 1009 2545 non
1059 2491 1236 2547 credis
1259 2535 1274 2559 ,
1315 2507 1413 2562 age
1445 2492 1784 2547 conferamus
1815 2492 2089 2548 nobiscum

510 2595 624 2648 eos,
653 2583 742 2652 qui
766 2581 867 2637 hoc
893 2583 1091 2637 auxilio
1119 2591 1438 2649 caruerunt;
1468 2597 1529 2638 ac
1550 2591 1675 2638 tunc
1702 2583 1915 2637 demum
1941 2583 2094 2638 vide-

511 2670 636 2728 bitis
658 2714 673 2739 ,
715 2682 968 2743 quantum
1000 2675 1291 2730 intercedat
1321 2675 1676 2731 intervallum.
1709 2676 1890 2730 Potius
1915 2685 2092 2730 autem

511 2765 611 2834 ipsi
633 2778 734 2821 nos
755 2765 897 2835 ipsos
917 2765 1301 2834 examinemus,
1320 2768 1502 2838 quales
1522 2768 1734 2837 quidem
1761 2768 1948 2836 simus,
1967 2768 2091 2822 dum

513 2850 688 2910 divina
717 2856 956 2910 doctrina
984 2855 1241 2924 fruimur,
1273 2858 1455 2927 quales
1482 2867 1660 2912 autem
1686 2900 1699 2922 ,
1729 2874 1848 2912 cum
1876 2857 1967 2912 diu
1993 2857 2094 2912 hac

516 2947 783 3015 privamur
804 2947 1046 3005 utilitate.
1087 2947 1163 3002 Ne
1197 2947 1354 3017 igitur
1393 2958 1596 3002 tantum
1636 2947 1770 3002 lucri
1806 2946 2095 3018 profunda-

515 3055 658 3094 mus.
673 3037 791 3092 Hoc
807 3038 948 3092 enim
971 3036 1166 3091 inloco
1192 3033 1528 3105 frequentem
1552 3047 1694 3099 esse,
1707 3034 1889 3106 omnia
1905 3033 2092 3089 conci-

516 3131 610 3184 Iiat
634 3117 798 3184 bona.
825 3125 965 3182 Hinc
980 3141 1103 3180 cum
1131 3124 1440 3191 discedunt,
1465 3132 1520 3179 et
1537 3123 1621 3178 vir
1647 3123 1861 3178 mulieri
1878 3123 2092 3179 videtur

518 3221 850 3285 honoratior,
881 3228 934 3275 et
968 3219 1165 3273 mulier
1189 3218 1305 3272 viro
1341 3217 1644 3272 amabilior.
1665 3215 1876 3271 Etenim
1908 3218 2093 3272 mulie-

517 3328 628 3369 rem
647 3327 754 3367 non
785 3309 1132 3381 pulchritudo
1150 3306 1397 3378 corporis
1413 3305 1567 3361 valde
1583 3306 1869 3362 amabilem
1893 3306 2091 3374 reddit,

1007 3581 1114 3592 ——4

1206 278 1260 332 S.
1301 277 1575 335 JOANNIS
1611 277 2080 339 CIIRYSOSTOMI
2121 283 2447 340 ARCIIIEP:
2480 281 3013 340 CONSTANTINOP.

3661 283 3756 337 8ιῖ

2181 397 2277 453 sed
2298 397 2490 452 animae
2509 396 2711 462 virtus;
2739 412 2844 452 non
2872 397 3071 466 pictura
3089 401 3144 448 et
3161 392 3332 461 fucus,
3356 406 3529 463 neque
3553 405 3758 457 aurum,

2182 505 2354 559 neque
2399 497 2574 544 vestes
2619 489 2865 558 pretiosa:
2893 504 2909 543 :
2938 485 3030 542 sed
3071 487 3418 554 temperantia
3446 494 3501 540 et
3527 484 3764 554 probitas

2183 587 2237 633 et
2267 579 2424 632 timor
2446 577 2650 632 stabilis
2674 593 2797 647 erga
2825 578 3010 632 Deum.
3044 577 3122 630 Ad
3151 575 3288 630 hanc
3318 590 3446 630 vero
3470 615 3484 639 ,
3519 591 3638 644 quae
3666 579 3764 630 sub

2182 671 2581 741 intelligentiam
2599 664 3630 739 caditpulchritudinemcomparandam
3661 684 3765 722 nu-

2183 775 2375 830 squam
2411 759 2538 814 alibi
2577 768 2821 813 accurata
2857 758 3251 813 exercitationis
3285 758 3421 812 ratio
3446 756 3762 827 adhibetur,

2186 862 2535 923 praeterquam
2567 852 2618 904 in
2645 849 2746 906 hoc
2772 848 3071 904 admirabili
3096 863 3158 903 ac
3183 843 3366 903 divino
3387 849 3526 914 loco,
3553 859 3768 918 aposto-

2187 945 2253 999 lis
2277 952 2331 999 et
2352 942 2622 1014 prophetis
2645 941 2969 1013 tergentibus
2990 982 3004 1006 ,
3023 939 3334 995 ornantibus
3355 979 3369 1007 ,
3392 939 3770 995 abradentibus

2185 1043 2511 1090 senectutem
2537 1033 2760 1104 peccati,
2788 1031 3167 1113 add‘ucenlibus
3196 1032 3430 1102 vigorem
3454 1032 3769 1102 iuventutis,

2186 1142 2398 1183 omnem
2425 1142 2628 1198 rugam,
2655 1140 2867 1181 omnem
2893 1124 3174 1190 maculam,
3194 1139 3407 1179 omnem
3435 1140 3644 1178 nmvum
3676 1124 3775 1194 eji-

2186 1219 2446 1275 cientibus
2467 1235 2533 1274 ex
2559 1220 2750 1274 animis
2770 1217 2986 1274 nostris.
3013 1217 3162 1272 Hanc
3183 1217 3357 1286 igitur,
3383 1226 3440 1272 et
3461 1219 3556 1271 viri
3579 1227 3632 1272 et
3656 1233 3776 1271 mu-

2190 1311 2379 1378 lieres,
2407 1311 2714 1366 Studeamus
2742 1310 2893 1365 nobis
2923 1309 3235 1364 familiarem
3270 1308 3446 1364 facere
3471 1307 3777 1380 pulchritu-

2189 1405 2387 1469 dinem,
2406 1403 2756 1460 ntnobiscum
2773 1398 3000 1456 habitet.
3013 1396 3148 1450 Nam
3159 1398 3403 1465 corporis
3415 1399 3780 1469 pulchritudi-

2190 1513 2314 1552 nem
2343 1505 2396 1551 et
2420 1495 2642 1550 morbus
2668 1493 2914 1548 tabcfacit
2935 1532 2951 1557 ,
2984 1501 3038 1546 et
3071 1491 3326 1560 temporis
3350 1492 3623 1562 longitudo
3651 1506 3780 1547 cor-

2191 1587 2406 1655 rumpit,
2432 1594 2485 1640 et
2509 1593 2754 1640 senectus
2773 1583 3080 1652 exstinguit,
3098 1591 3153 1638 et
3172 1597 3314 1637 mors
3339 1582 3590 1652 ingruens
3611 1591 3782 1637 totam

2193 1677 2369 1734 medio
2403 1679 2556 1733 tollit.
2592 1679 2720 1735 Eam
2769 1691 2893 1732 vero
2920 1692 3040 1746 quae
3069 1677 3123 1730 in
3152 1677 3325 1730 anima
3351 1684 3462 1743 est,
3499 1693 3606 1732 non
3643 1686 3782 1730 tem-

2195 1783 2310 1837 pus,
2344 1783 2447 1823 non
2475 1768 2712 1834 morbus,
2744 1782 2851 1822 non
2872 1776 3139 1834 senectus,
3169 1783 3274 1822 non
3299 1783 3461 1831 mors,
3495 1783 3603 1822 non
3633 1767 3783 1823 aliud

2199 1857 2501 1926 huiusmodi
2544 1856 2830 1927 quidquam
2867 1864 3039 1926 potest
3077 1857 3302 1925 perdere
3332 1876 3347 1912 :
3379 1857 3475 1912 sed
3518 1867 3784 1927 perpetuo

2193 1945 2366 2002 ﬂoret.
2381 1944 2442 1998 Et
2453 1945 2797 2015 pulchritudo
2810 1946 3026 2013 quidem
3039 1947 3283 2016 corporis
3293 1959 3436 2015 saepe
3449 1955 3782 2015 spectatores

2194 2041 2260 2095 ad
2294 2039 2748 2109 intemperantiam
2777 2045 3048 2107 provocat.
3091 2039 3161 2092 At
3197 2053 3295 2103 ea,
3325 2053 3442 2108 qua:
3471 2039 3524 2092 in
3554 2038 3737 2092 animo
3761 2079 3780 2103 ,

2195 2132 2481 2203 ipsummet
2511 2131 2678 2185 Deum
2707 2131 2773 2182 ad
2804 2129 2884 2183 sui
2912 2144 3148 2183 amorem
3175 2129 3375 2194 allicit,
3417 2138 3578 2198 prout
3614 2131 3785 2184 etiam

2195 2221 2449 2292 propheta
2469 2221 2621 2286 dixit,
2645 2219 2934 2276 Ecclesiam
2956 2219 3248 2288 alloquens,
3264 2220 3417 2286 Audi,
3441 2220 3570 2286 ﬁlia,
3587 2219 3786 2286 etuide,

2195 2324 2239 2367 et
2264 2313 2452 2366 inclina
2479 2329 2651 2365 aurem
2688 2321 2826 2365 tuam
2858 2327 2877 2366 :
2906 2320 2951 2366 et
2990 2310 3274 2364 obliviscere
3316 2311 3560 2380 papulum
3600 2320 3744 2363 tuum
3766 2351 3784 2376 ,

2194 2413 2239 2458 et
2273 2404 2477 2456 domum
2507 2403 2661 2468 patris
2689 2402 2761 2456 tui
2783 2418 2801 2456 :
2827 2411 2873 2457 et
2905 2402 3218 2471 concupiscet
3250 2400 3362 2455 Rea:
3381 2401 3610 2455 decorent
3636 2391 3788 2453 tuum

2195 2494 2214 2562 (
2238 2494 2380 2549 Psal.
2409 2494 2498 2548 Μ.
2522 2494 2579 2549 II
2595 2531 2609 2547 .
2636 2493 2702 2547 12
2722 2492 2763 2563 ).
2792 2493 2972 2564 Igitur,
2995 2507 3028 2548 ο
3052 2492 3250 2557 dilecti,
3275 2501 3333 2546 ut
3351 2493 3637 2546 amicitiam
3657 2507 3787 2546 cum

2193 2587 2305 2643 Deo
2333 2586 2731 2654 coiitrahamus,
2747 2583 3136 2654 banequotidie
3150 2584 3610 2654 pulchritudinem
3620 2600 3788 2640 cure-

2197 2695 2316 2734 mus
2349 2687 2406 2734 et
2442 2677 2678 2732 colamus
2701 2717 2716 2744 ,
2745 2675 3140 2745 Scripturarum
3170 2675 3396 2729 lectione
3419 2689 3635 2730 omnem
3665 2690 3788 2729 ma-

2194 2771 2365 2826 culam
2409 2769 2808 2839 abstergentes,
2852 2768 3126 2838 precibus,
3168 2766 3553 2838 eleemosynis,
3598 2777 3789 2822 mutua

2195 2859 2474 2915 concordia
2497 2879 2510 2914 :
2534 2873 2589 2913 ut
2612 2875 2724 2923 rex,
2748 2869 2953 2913 amator
2978 2857 3144 2912 factus
3165 2866 3360 2910 nostrae
3379 2874 3498 2927 qua:
3519 2858 3573 2912 in
3595 2859 3786 2913 animo

2195 2949 2632 3020 pulchritudinis,
2646 2952 3004 3023 dignelurnos
3015 2951 3275 3007 emlorum
3289 2963 3483 3022 regno:
3499 2948 3645 3019 quod
3679 2951 3790 3003 uti-

2195 3055 2317 3094 nam
2361 3054 2457 3094 nos
2493 3053 2679 3093 omnes
2717 3053 3109 3109 consequamur
3143 3039 3313 3108 gratia
3351 3049 3407 3092 et
3448 3039 3789 3094 humanitate

2196 3131 2405 3187 Domini
2434 3131 2600 3185 nostri
2623 3131 2747 3187 Jesu
2775 3130 3003 3195 Christi,
3034 3147 3153 3185 cum
3179 3147 3285 3202 quo
3313 3131 3455 3186 Patri
3486 3133 3675 3202 gloria,
3706 3131 3788 3186 si-

2195 3222 2408 3292 mulque
2433 3221 2650 3291 Spiritui
2691 3231 2895 3289 sancto,
2931 3237 3072 3276 nunc
3094 3231 3147 3275 et
3176 3237 3388 3291 semper
3416 3231 3470 3276 et
3507 3223 3558 3276 in
3585 3223 3788 3280 sazcula

2195 3313 2530 3367 saeculorum.
2559 3314 2749 3368 Amen.

3601 3574 3789 3585 -.————

3605 3589 3793 3598 —___

631 3728 710 3787 IN
758 3725 1058 3786 LIBRUM
1098 3725 1318 3797 QUOD
1359 3723 1744 3784 CHRISTUS
1781 3725 1904 3786 SIT
1945 3724 2164 3797 DEUS,
2211 3723 2528 3785 CONTRA
2566 3721 2892 3784 JUDIEOS
2931 3723 3200 3796 ATQUE
3241 3723 3657 3793 GENTIIJES,

577 3921 898 3991 Argumeutt
927 3913 1137 3969 ratione
1171 3911 1326 3971 moti,
1364 3909 1507 3963 hunc
1541 3907 1737 3961 librum
1763 3917 1888 3978 post
1918 3907 2094 3962 homi-

510 4013 608 4068 lias
633 4017 822 4066 contra
849 4007 1127 4062 Anomteos
1161 4011 1217 4057 et
1250 4001 1328 4056 De
1354 3999 1794 4054 consubstantiali
1820 3999 2094 4068 ponimus.

506 4110 696 4181 Agitur
723 4105 871 4161 enim
927 4099 1217 4170 utrobique
1247 4098 1313 4152 de
1361 4096 1642 4151 divinitate
1674 4092 1901 4151 Christi.
1933 4106 2096 4162 quam

507 4197 758 4253 Anomtni
789 4195 992 4264 aliique
1022 4205 1215 4246 omnes
1274 4187 1466 4242 Ariani
1496 4186 1580 4240 vel
1628 4185 1936 4255 negabant;
1975 4197 2097 4238 cum

505 4293 750 4348 dicereut
774 4288 1056 4343 Christum
1086 4283 1256 4338 Deum
1288 4279 1509 4352 quidem
1539 4294 1680 4345 esse,
1706 4277 1800 4332 sed
1831 4291 1941 4331 non
1973 4289 2100 4330 vere

508 4381 723 4446 Deum;
777 4380 858 4434 vel
914 4393 1009 4433 ore
1042 4385 1253 4432 tantum
1289 4383 1450 4428 tenus
1499 4370 1923 4432 confitebantur,
1971 4381 2099 4423 cum

509 4472 663 4525 illum
694 4468 1014 4538 simpliciter
1041 4468 1214 4522 Deum
1237 4465 1547 4520 vocabant:
1580 4460 1756 4518 Judaei
1783 4475 1916 4515 vero
1938 4469 2104 4529 atque

509 4564 739 4632 gentiles
799 4562 1008 4631 absque
1085 4560 1198 4615 ullo
1258 4564 1692 4627 temperamento
1759 4552 2099 4623 rejiciebaut.

511 4654 816 4713 Commode
846 4653 1014 4725 igitur
1043 4652 1162 4707 haec
1198 4665 1384 4720 opera,
1415 4663 1536 4718 quae
1563 4656 1621 4701 ut
1651 4646 1765 4700 fors
1793 4645 1919 4699 tulit
1945 4659 2105 4712 sepa-

511 4757 630 4803 rata
661 4747 897 4807 fuerant,
956 4757 1066 4798 una
1131 4742 1272 4798 serie
1328 4739 1554 4810 legenda
1615 4736 1942 4792 offerimus:
2002 4747 2105 4787 nec

510 4842 693 4897 minus
724 4846 1033 4909 opportune
1063 4835 1212 4889 hunc
1245 4832 1448 4888 librum
1475 4839 1602 4886 ante
1629 4829 1886 4884 homilias
1919 4835 2105 4881 contra

505 4935 726 4991 Judteos
761 4933 1029 4992 locamus,
1065 4926 1288 4998 quando
1317 4925 1433 4996 ipse
1465 4923 1892 4993 Chrysostomus
1922 4921 1975 4975 in
2001 4922 2106 4976 hoc

507 5039 674 5097 opere
709 5031 898 5078 contra
934 5017 1153 5074 Judaeos
1179 5031 1240 5070 se
1278 5013 1732 5069 coneionaturum
1785 5011 2106 5082 propediem

506 5133 628 5176 esse
657 5116 987 5188 pollicetur:
1027 5109 1119 5167 ubi
1147 5124 1242 5164 eas
1283 5108 1430 5178 ipsas
1471 5119 1594 5175 quae
1648 5112 1772 5173 post
1824 5103 1976 5158 hunc
2038 5104 2108 5158 Ii-

506 5214 667 5267 hrum
705 5214 1009 5280 sequuntur
1050 5202 1308 5259 bomilias
1337 5201 1520 5271 ipsum
1552 5211 1986 5254 commemorare
2015 5213 2104 5253 ve-

507 5302 739 5359 risimile
767 5307 872 5365 est,
903 5306 964 5352 ut
1011 5312 1139 5351 mox
1171 5296 1406 5350 dicetur.
1456 5291 1578 5360 Quo
1618 5298 1798 5345 autem
1859 5283 2105 5357 tempore

509 5409 688 5465 quave
715 5390 1008 5448 occasione
1049 5388 1196 5442 hunc
1225 5385 1459 5440 ediderit
1516 5383 1740 5448 librum,
1772 5377 2104 5450 coniecturis

513 5499 623 5538 non
655 5483 868 5538 levibus
902 5495 1076 5550 neque
1105 5479 1285 5534 dubiis
1308 5477 1578 5546 eXpiscari
1629 5488 1945 5544 possumus.
1984 5469 2106 5526 Pri-

518 5588 608 5628 mo
639 5573 857 5642 quidem
918 5571 1162 5624 nondum
1219 5569 1538 5638 episcopum
1581 5565 1772 5628 fuisse,
1827 5578 1931 5618 nec
1961 5562 2107 5617 Con-

512 5661 867 5730 stantinopoli
907 5669 1038 5714 tunc
1089 5659 1304 5728 degisse
1360 5657 1817 5725 Chrysostomum
1876 5653 2108 5708 suadere

517 5758 768 5812 videntur
812 5755 926 5809 haec
959 5753 1164 5807 verba:
1198 5752 1308 5806 Καὶ
1337 5751 1394 5804 ιν
1426 5753 1494 5821 τῇ
1532 5747 2106 5804 Κωνσταντινουπόλει

2195 3906 2251 3959 δὲ
2285 3905 2404 3959 οὐδὲ
2437 3905 2574 3976 πρὸς
2596 3906 2722 3970 τοὺς
2752 3906 3083 3969 ἀποστόλους
3111 3907 3302 3976 ἐγγὺς,
3331 3908 3468 3962 ἀλλὰ
3499 3913 3630 3982 παρ’
3654 3913 3797 3970 αὐτὰ

2195 3998 2266 4052 τὰ
2291 3997 2541 4068 πρόθυρα
2564 3997 2669 4064 ἔξω
2690 3998 2975 4069 ἀγαπητὸν
2999 3994 3137 4053 εἶναι
3165 3999 3425 4070 ἐνόμισαν
3443 4003 3492 4055 οἱ
3516 4004 3586 4057 τὰ
3610 4004 3796 4078 διαδή-

2202 4107 2349 4160 ματα
2381 4089 2758 4160 περικείμενοι
2787 4090 2858 4144 τὰ
2885 4090 3112 4162 σώματα
3134 4092 3314 4145 αὐτῶν
3347 4093 3795 4164 κατορύττεσθαι,

2199 4180 2294 4234 καὶ
2323 4180 2580 4248 γεγόνασι
2612 4178 2849 4252 θυρωροὶ
2874 4181 3058 4236 λοιπὸν
3081 4183 3194 4235 τῶν
3227 4183 3424 4238 ἀλιέων
3456 4188 3505 4238 οἱ
3531 4186 3792 4256 βασιλεῖς·

2200 4273 2295 4327 καὶ
2317 4273 2375 4326 ὲν
2401 4273 2468 4343 τῇ
2507 4271 2731 4345 τελευτῇ
2771 4272 2872 4326 οὐκ
2909 4274 3276 4344 αἰσχύνονται,
3309 4276 3444 4330 ἀλλὰ
3475 4279 3568 4332 καὶ
3597 4279 3795 4348 ἐγκαλ-

2201 4365 2550 4429 λωπίζονται,
2580 4365 2640 4419 οὐ
2662 4357 2821 4435 μόνον
2852 4356 3025 4430 αὐτοὶ,
3049 4366 3185 4420 ἀλλὰ
3217 4368 3312 4421 καὶ
3334 4370 3383 4421 οἱ
3413 4368 3627 4439 ἔκγονοι
3652 4371 3795 4424 ἐκεί-

2206 4473 2327 4510 νων.
2365 4456 2403 4508 I.
2435 4470 2486 4510 e.
2526 4455 2989 4524 Constantinopoli
3025 4471 3143 4510 vero
3175 4473 3279 4512 non
3315 4475 3475 4529 prope
3503 4462 3793 4530 apostolos,

2203 4551 2294 4605 sed
2318 4550 2450 4620 {oris
2483 4550 2553 4603 ad
2584 4550 2701 4619 ipsa
2727 4550 2916 4604 limina
2950 4561 3258 4620 optaverunt
3293 4553 3335 4606 ii
3375 4555 3466 4624 qui
3497 4552 3797 4610 diademate

2209 4643 2647 4707 redimiebnntur,
2680 4659 2902 4713 corpora
2929 4661 3027 4699 sua
3061 4645 3294 4714 sepeliri,
3335 4656 3491 4717 atque
3510 4648 3587 4702 ita
3627 4649 3792 4718 impe-

2207 4744 2409 4789 ratores
2433 4735 2762 4802 piscatorum
2790 4737 3000 4790 ostiarii
3044 4737 3175 4806 [αειὶ
3223 4747 3385 4793 sunt:
3431 4741 3507 4794 sic
3556 4739 3609 4794 in
3649 4741 3794 4796 obitu

2213 4827 2310 4881 hoc
2343 4843 2446 4881 non
2473 4825 2740 4893 dedecori,
2783 4829 2873 4882 sed
2908 4828 3096 4882 honori
3148 4829 3252 4884 sibi
3307 4847 3418 4885 esse
3449 4841 3639 4901 putant
3693 4849 3790 4886 non

2208 4920 2380 4973 solum
2410 4921 2532 4988 ipsi,
2564 4920 2654 4973 sed
2687 4921 2848 4974 etiam
2870 4936 3053 4974 eorum
3080 4931 3310 4990 nepotes.
3339 4921 3467 4978 Haec
3488 4925 3577 4979 vix
3606 4935 3795 4994 puteu-

2213 5021 2301 5067 tur
2362 5027 2486 5067 esse
2542 5013 3016 5092 Constantinopoli
3060 5017 3498 5072 commorantis:
3557 5026 3611 5072 et
3665 5031 3793 5071 sane

2211 5103 2328 5177 pari
2380 5106 2544 5160 modo
2577 5105 2644 5160 de
2700 5106 3179 5178 Constantinopoli
3237 5108 3499 5179 loquitur,
3557 5121 3670 5178 quo
3729 5107 3792 5161 de

2216 5198 2354 5252 urbe
2379 5196 2550 5251 Roma
2617 5198 2782 5267 paqu
2836 5207 2965 5253 ante
2999 5200 3160 5254 verba
3213 5198 3435 5256 fecerat.
3495 5198 3791 5254 Antiochiae

2207 5288 2377 5357 igitur
2411 5287 2468 5342 S.
2507 5289 2786 5344 doctorem
2825 5290 2968 5346 hanc
2998 5291 3553 5362 suscepisse'operam
3584 5300 3788 5346 certum

2209 5381 2439 5437 videtur.
2474 5381 2612 5438 Huic
2645 5397 2754 5437 non
2802 5381 3119 5437 inferiorem
3154 5385 3412 5453 temporis
3448 5391 3632 5438 notam
3664 5397 3790 5451 sup-

2209 5474 2414 5542 peditat
2443 5475 2872 5546 Chrysostomus
2899 5475 3064 5545 paulo
3095 5486 3222 5529 ante
3250 5477 3412 5530 linem
3449 5477 3652 5544 operis,
3701 5473 3787 5528 ubi

2209 5575 2500 5635 postquam
2523 5581 2590 5621 ex
2611 5565 2818 5622 Veteris
2834 5558 3171 5622 Testamenti
3202 5568 3336 5623 locis
3357 5568 3589 5638 carptim
3619 5566 3787 5621 allatis

2209 5657 2484 5727 probavit,
2520 5659 2574 5711 in
2607 5659 2842 5714 adventu
2875 5657 3076 5714 Christi
3106 5659 3478 5729 abrogandum
3520 5672 3646 5714 esse
3677 5655 3783 5712 cul-

2209 5757 2324 5802 tum
2355 5747 2664 5816 Judaicum,
2691 5749 2806 5804 haec
2842 5749 3028 5820 adjicit
3060 5768 3072 5803 :
3110 5749 3270 5804 Ἀλλὰ
3297 5751 3470 5806 ταῦτα
3495 5749 3597 5821 μὲν
3629 5747 3788 5821 ἡνίκα
