4062 6166
364 404 464 460 8M

358 520 567 590 οἴχεται
589 516 683 571 καὶ
709 516 925 590 διαρρεῖ
956 520 1050 573 καὶ
1080 520 1232 593 [556]
1261 521 1581 577 ἀπόλλυται.
1607 523 1938 594 Βουλόμενος

358 600 542 654 τοίνυν
579 598 747 664 δεῖξαι
786 601 816 652 ὁ
855 602 1109 673 Χριστὸς,
1145 605 1364 659 ὅτιτῶν
1393 606 1765 677 προνοούντων
1799 608 1933 670 ἐστὶ,

360 686 454 738 καὶ
480 684 600 755 οὐχὶ
644 683 754 736 τῶν
783 688 1216 757 προνοουμένων,
1254 688 1362 741 τῶν
1396 689 1783 761 ἐνεργούντων,
1817 690 1938 760 οὐχὶ

358 766 466 820 τῶν
490 768 918 838 ἐνεργουμένων,
946 764 1118 833 εἶπεν,
1159 771 1222 824 Ὀ
1248 771 1448 840 Πατήρ
1468 791 1588 841 μου
1618 773 1933 845 ἐργάζεται,

359 845 524 918 κάγὼ
550 849 885 920 ἐργάζομαιο
922 852 984 905 τὸ
1036 854 1173 927 πρὸς
1218 857 1309 909 τὸν
1362 856 1581 928 Πατέρα
1637 858 1935 911 ἰσοστάσιον

354 931 619 996 ἐπιδεῖξαι
647 930 986 1004 βουλόμενος.

428 1191 489 1237 ε’.
525 1185 712 1240 Ταῦτα
741 1186 797 1241 δὲ
840 1189 1138 1262 μέμνησθε,
1168 1191 1262 1246 καὶ
1288 1192 1583 1262 φυλάττετε
1615 1193 1753 1264 μετά
1775 1194 1936 1265 ἀκρι-
1986 1236 1991 1241 .

359 1267 510 1331 ϐείας
540 1268 780 1341 ἀπάσης,
816 1274 909 1326 καὶ
944 1274 1043 1345 τὴν
1066 1274 1172 1328 ἀπὸ
1193 1276 1292 1346 τῆς
1319 1276 1593 1340 πολιτείας
1620 1276 1935 1347 φιλοσοφίαν

358 1353 422 1423 τῇ
442 1351 551 1405 τῶν
575 1354 860 1425 δογμάτων
889 1357 1138 1429 ὀρθότητι
1166 1360 1540 1430 συνυφαίνετεο
1573 1360 1601 1413 ὃ
1625 1360 1719 1414 καὶ
1745 1360 1935 1432 πρῴην

359 1436 728 1506 παρεκάλεσα,
766 1440 860 1492 καὶ
886 1439 981 1495 νῦν
1012 1442 1335 1514 παρακαλῶ,
1375 1444 1470 1498 καὶ
1509 1443 1843 1516 παρακαλῶν
1869 1446 1932 1499 οὐ

358 1520 665 1592 παύσομαι’
692 1523 967 1578 πολιτείαν
993 1525 1050 1578 δὲ
1079 1527 1173 1580 καὶ
1210 1527 1523 1597 φιλοσοφίαν
1554 1529 1704 1582 οὐδὲν
1738 1528 1932 1595 οὕτως,

357 1601 481 1675 ώςὴ
511 1604 743 1659 ἐνταῦθα
764 1610 909 1661 ποιεῖ
924 1607 1193 1682 διατριϐή.
1213 1610 1480 1683 Καθάπερ
1508 1613 1616 1683 γὰρ
1643 1613 1676 1682 ἡ
1705 1629 1934 1685 χερσου-

360 1686 495 1758 μένη
526 1687 621 1757 γῆ,
658 1689 862 1759 μηδένα
890 1690 981 1744 τὸν
1013 1692 1306 1764 ἀρδεύοντα
1332 1694 1550 1764 ἔχουσα,
1572 1695 1733 1765 γέμει
1761 1698 1932 1750 ἀκαν-

358 1767 463 1821 θῶν
484 1771 579 1824 καὶ
604 1771 890 1842 τριϐόλων,
918 1775 951 1844 ἡ
991 1774 1049 1828 δὲ
1080 1777 1401 1847 γεωργικῶν
1445 1778 1795 1832 ἀπολαύουσα
1822 1796 1936 1849 χει-

358 1851 465 1935 ρῶν
497 1853 694 1925 τέθηλε
743 1857 838 1909 καὶ
882 1860 1027 1930 κομᾷ
1063 1861 1156 1913 καὶ
1188 1861 1323 1915 πολὺ
1363 1860 1547 1932 βρύει·
1579 1861 1656 1934 τῷ
1696 1862 1894 1935 καρπῷ
1916 1879 1933 1895 ο

355 1934 498 1989 οὕτω
528 1935 593 2008 δὴ
640 1937 736 1991 καὶ
778 1940 812 2010 ἡ
854 1939 1022 2013 ψυχὴ,
1052 1944 1086 2012 ή
1133 1942 1234 2013 μὲν
1262 1943 1363 2014 τῆς
1391 1944 1612 2015 ἀρδείας
1638 1944 1746 1999 τῶν
1776 1934 1939 1999 θείων

357 2017 703 2101 ἀπολαύουσα
728 2021 946 2090 λογίων,
971 2024 1167 2096 τέθηλε
1201 2027 1297 2080 καὶ
1319 2028 1468 2098 κομᾷ
1496 2029 1591 2081 καὶ
1615 2028 1750 2083 πολὺ
1784 2027 1936 2101 βρύει

359 2100 439 2172 τῷ
468 2102 662 2175 καρπῷ
689 2104 781 2157 τοῦ
821 2107 1137 2178 Πνεύματος
1156 2126 1171 2140 ο
1200 2111 1234 2180 ὴ
1261 2110 1318 2163 δὲ
1343 2112 1401 2163 ἐν
1426 2110 1626 2182 αὐχμῷ
1669 2113 1764 2165 καὶ
1796 2100 1936 2182 ἀμε-

360 2183 478 2257 λείᾳ
520 2186 614 2240 καὶ
662 2188 852 2242 σπάνει
895 2193 995 2261 τῆς
1036 2191 1294 2264 τοιαύτης
1335 2192 1554 2264 ἀρδείας
1611 2195 1937 2250 καθεστῶσα

356 2269 655 2339 ἐρημοῦται
679 2273 771 2326 καὶ
794 2272 1052 2344 ὑλομανεῖ
1080 2275 1174 2328 καὶ
1200 2276 1443 2339 ἀκάνθας
1467 2277 1690 2350 ἐκφέρει
1712 2278 1934 2344 πολλὰς,

353 2351 452 2421 τῆς
481 2352 754 2425 ἁμαρτίας
774 2356 873 2427 τὴν
901 2356 1083 2425 φύσιν.
1114 2358 1285 2413 Ἔνθα
1306 2360 1363 2413 δὲ
1389 2359 1644 2424 ἄκανθαι,
1671 2364 1789 2415 ἐκεῖ
1808 2362 1937 2435 δρά-

355 2452 541 2500 κοντες
561 2437 653 2491 καὶ
675 2437 827 2508 ὄφεις
848 2440 942 2494 καὶ
964 2442 1213 2513 σκορπίοι
1243 2442 1339 2496 καὶ
1361 2444 1511 2499 πᾶσα
1537 2447 1570 2513 ἡ
1591 2444 1820 2515 δύναμις
1841 2444 1936 2499 τοῦ

354 2516 620 2601 διαϐόλου.
660 2521 771 2574 Καὶ
807 2524 854 2574 εἰ
886 2522 1134 2587 ἀπιστεῖς
1161 2524 1241 2595 τῷ
1267 2525 1431 2598 λόγῳ,
1463 2527 1617 2601 φέρε,
1643 2530 1769 2592 τοὺς
1797 2529 1937 2583 ἀπο-

353 2598 670 2670 λειφθέντας
701 2605 797 2658 καὶ
818 2606 967 2678 ἡμᾶς
988 2606 1420 2680 παραϐάλωμεν,
1453 2598 1550 2664 καί
1587 2611 1785 2682 ὄψεσθε
1814 2613 1937 2667 τότε

356 2684 494 2738 πολύ
526 2685 589 2739 τὸ
608 2688 773 2757 μέσον
792 2705 807 2719 ο
826 2688 1041 2759 μᾶλλον
1078 2689 1136 2744 δὲ
1159 2692 1321 2762 ἡμεῖς
1344 2693 1492 2764 ἡμᾶς
1521 2694 1719 2759 αὐτοὺς
1747 2695 1938 2759 ἐξετά-

355 2783 560 2838 σωμεν,
588 2767 731 2833 τίνες
757 2772 856 2841 μέν
884 2775 1058 2842 ἐσμεν
1093 2772 1246 2838 θείας
1289 2775 1653 2842 ἀπολαύοντες
1679 2779 1938 2837 διδασκομ-

352 2844 494 2932 λίας,
519 2850 663 2917 τίνες
683 2852 739 2906 δὲ
770 2854 864 2907 ἐπὶ
890 2852 1071 2910 πλεῖον
1096 2853 1302 2928 ταύτης
1330 2858 1801 2931 ἀποστερούμενοι
1833 2862 1938 2932 τῆς

353 2929 621 3017 ὠφελείας
652 2937 1015 3008 τυγχάνομεν.
1052 2939 1144 3012 Μὴ
1193 2941 1376 2996 τοίνυν
1416 2929 1705 3015 προδῶμῶο

351 3012 626 3073 τοσοῦτον.
668 3020 734 3074 Ἥ
778 3021 885 3094 γὰρ
930 3024 1165 3078 ἐνταῦθα
1195 3012 1699 3098 διατριϐὴνπάντων
1743 3012 1938 3082 ὑπόθε-

357 3097 443 3162 σίς
479 3102 595 3155 ἐστι
625 3102 736 3156 τῶν
767 3105 1016 3173 ἀγαθῶν·
1057 3097 1641 3184 ἐπεῦθενίάναχωρῶν
1669 3113 1765 3165 καὶ
1797 3111 1937 3183 ἀνὴρ

353 3184 580 3266 γυναικὶ
608 3189 853 3255 φανεῖται
893 3189 1240 3262 τιμιώτερος,
1271 3192 1366 3247 καὶ
1396 3195 1534 3265 γυνὴ
1566 3195 1724 3266 ἀνδρὶ
1755 3196 1938 3250 ποθει-

360 3264 571 3338 νοτέρα.
615 3268 853 3326 Γυναῖκα
880 3271 990 3344 γὰρ
1022 3275 1325 3344 ἐπέραστον
1356 3276 1458 3331 οὐκ
1483 3264 1758 3349 εὐμορφία
1791 3280 1938 3333 ποιεῖ

440 3564 457 3585 ·
476 3550 599 3622 Reg.
622 3561 705 3610 καὶ
725 3562 889 3627 πολλῷ
914 3561 1060 3626 βρύει,
1090 3568 1144 3612 et
1161 3561 1286 3612 infra
1317 3561 1568 3615 similiter.

1109 406 1200 464 DE
1238 405 1518 464 CHRISTI
1558 404 1977 469 DIVINITATE,
2020 403 2299 463 CONTRA
2339 400 2723 463 ΑΝΟΜίΕΟΒ.
2754 396 2870 459 XII.

1954 3717 2259 3727 .—.——~.—_

2049 519 2323 593 σώματος,
2358 522 2494 577 ἀλλὰ
2516 522 2694 594 ψυχῆς
2722 517 2914 592 ἁρετὴ,
2945 516 3044 570 οὐκ
3070 514 3446 587 ἐπιτρίμματα
3480 516 3574 568 καὶ
3594 515 3621 554 b

2044 605 2380 677 ὑπογραφαὶ,
2412 606 2534 660 οὐδέ
2564 603 2786 676 χρυσίον
2819 600 2914 654 καὶ
2945 599 3135 671 ἱμάτια
3166 596 3456 667 πολυτελῆ,
3486 596 3623 650 ἀλλὰ

2046 687 2367 759 σωφροσύνη
2407 688 2501 741 καὶ
2527 687 2798 740 ἐπιείκεια
2822 685 2916 738 καὶ
2940 682 3100 753 φόϐος
3125 680 3462 753 ἐρειδόμενος
3485 678 3623 749 πρὸς

2043 768 2198 823 Θεόν.
2236 771 2347 823 Καὶ
2384 771 2446 825 τὸ
2482 770 2670 839 νοητὸν
2704 768 2899 832 κάλλος
2925 768 3026 820 οὐκ
3051 765 3199 819 ἔστιν
3223 762 3455 833 ἀλλαχοῦ
3483 761 3622 833 πρὸς

2045 850 2334 923 ἀκρίϐειαν
2367 853 2695 924 ἀσκἠοἧναι,
2741 852 2856 905 ἀλλ’
2906 851 2939 923 ἢ
2987 852 3045 903 ὲν
3073 849 3151 921 τῷ
3196 844 3492 918 θαυμαστῷ
3525 845 3622 898 καὶ

2043 932 2173 1004 θείῳ
2200 934 2373 1006 τούτῳ
2402 936 2603 1007 χωρίῳ,
2636 935 2747 989 τῶν
2791 933 3127 999 ἀποστόλων,
3165 930 3272 985 τῶν
3323 927 3623 1001 προφητῶν

2044 1018 2512 1089 ἀποσμηχόντων,
2580 1018 3058 1083 καλλωπιςόντων,
3114 1013 3458 1080 ἀποξυόντων
3520 1011 3622 1080 τῆς

2041 1102 2315 1172 ἁμαρτίας
2364 1102 2425 1155 τὸ
2465 1102 2665 1174 γῆρας,
2716 1101 3032 1169 ἐπαγόντων
3075 1099 3179 1169 τῆς
3222 1098 3475 1167 νεότητος
3522 1094 3622 1165 τὴν

2042 1184 2246 1256 ἀκμὴν,
2304 1187 2487 1239 πᾶσαν
2536 1186 2750 1257 κηλῖδα,
2807 1185 2987 1238 πᾶσαν
3040 1182 3247 1255 ῥυτίδα,
3283 1182 3390 1233 πᾶν
3435 1177 3621 1232 σπῖλον

2041 1267 2411 1323 ἐκϐαλλόντων
2442 1268 2541 1339 τῆς
2567 1268 2747 1339 ψυχῆς
2778 1266 2879 1337 τῆς
2911 1263 3205 1337 ἡμετέρας.
3242 1262 3416 1316 Τοῦτο
3439 1261 3620 1314 τοίνυν

2040 1354 2134 1406 καὶ
2154 1353 2342 1424 ἄνδρες
2368 1353 2462 1407 κα)⁸
2485 1354 2744 1422 γυναῖκες
2773 1349 3163 1420 σπουδάσωμεν
3192 1349 3400 1410 ἑαυτοῖς
3422 1346 3618 1414 ἐγκατ-

2039 1435 2242 1489 οικίσαι
2281 1436 2343 1489 τὸ
2370 1435 2583 1500 κάλλος.
2624 1435 2698 1488 Τὸ
2742 1435 2839 1505 μὲν
2863 1433 2970 1504 γὰρ
3001 1429 3095 1485 τοῦ
3127 1431 3379 1501 σώματος
3411 1429 3505 1482 καὶ
3531 1427 3616 1480 νό-

2042 1537 2134 1583 σος
2169 1519 2435 1593 ἐμάρανε,
2476 1520 2570 1574 καὶ
2597 1518 2802 1589 πλῆθος
2830 1518 3025 1589 χρόνου
3058 1514 3353 1586 διέφθειρε,
3389 1513 3485 1567 καὶ
3515 1510 3620 1580 γῆ·

2044 1620 2143 1674 ρας
2162 1603 2376 1671 ἔσϐεσε,
2408 1605 2505 1658 καὶ
2527 1604 2758 1666 θάνατος
2786 1599 3261 1670 ἐπελθὼνξάνεῖλεν
3281 1598 3429 1652 ἅπαν
3445 1613 3459 1626 ·
3483 1595 3545 1649 τὸ
3562 1593 3621 1647 δὲ

2038 1688 2139 1758 τῆς
2159 1687 2338 1759 ψυχῆς
2360 1688 2420 1741 οὐ
2443 1688 2656 1759 χρόνος,
2681 1685 2940 1755 οὐνόσος,
2965 1684 3025 1738 οὐ
3053 1684 3252 1753 γῆρας,
3286 1683 3348 1735 οὐ
3369 1681 3618 1741 θάνατος,

2039 1771 2140 1824 οὐκ
2172 1770 2301 1826 ἄλλο
2339 1771 2492 1825 οὐδὲν
2537 1770 2647 1824 τῶν
2687 1769 2947 1822 τοιούτων
2992 1764 3339 1838 λυμήνασθαι
3372 1763 3617 1824 δύναται,

2036 1853 2175 1907 ἀλλὰ
2202 1853 2354 1925 μένει
2377 1854 2642 1926 διηνεκῶς
2663 1851 2881 1907 ἀνθοῦν.
2906 1852 3016 1905 Καὶ
3038 1851 3100 1904 τὸ
3124 1850 3223 1921 μὲν
3246 1848 3341 1903 τοῦ
3368 1846 3622 1918 σώματος

2037 1938 2164 2000 τοὺς
2195 1938 2439 2007 ὁρῶντας
2462 1939 2541 2000 είς
2571 1937 2869 2011 ἀκολασίαν
2899 1934 3211 1989 ἐκκαλεῖται
3238 1932 3517 1994 πολλάκις,
3557 1928 3621 1982 τὺ

2035 2018 2093 2071 δὲ
2121 2018 2224 2089 τῆς
2256 2018 2437 2091 ψυχῆς
2476 2019 2670 2083 κάλλος
2698 2020 2862 2073 αὐτὸν
2893 2019 2984 2072 τὸν
3007 2016 3138 2071 Θεὸν
3161 2015 3294 2088 πρὸς
3320 2014 3409 2068 τὸν
3442 2012 3622 2084 ἔρωτα

2037 2092 2335 2156 ἐπισπᾶται
2356 2102 2446 2157 τὸν
2461 2104 2658 2156 οἰκεῖον
2677 2120 2690 2133 ο
2714 2101 2966 2173 καθάπερ
2990 2100 3084 2155 καὶ
3105 2101 3134 2153 ό
3151 2098 3444 2170 Προφήτης
3464 2093 3618 2165 φησὶ,

2036 2185 2174 2256 πρὸς
2203 2184 2301 2257 τὴν
2343 2185 2683 2247 Ἐκκλησίαν
2705 2184 3082 2255 διαλεγόμενος
3101 2199 3117 2213 ⁶
3157 2184 3481 2242 Ἀκουσον,
3514 2178 3620 2233 θύ-

2036 2283 2232 2337 γατερ,
2266 2266 2367 2323 καί
2401 2268 2511 2332 ἴδε,
2540 2268 2639 2323 καί
2669 2265 2824 2340 [55η
2855 2267 3068 2321 κλῖνον
3093 2265 3160 2318 τὸ
3202 2259 3312 2329 οὖς
3349 2276 3486 2327 σου,
3517 2260 3619 2315 καὶ

2035 2350 2322 2406 ἐπιλάθου
2350 2350 2459 2404 τοῦ
2477 2351 2633 2406 λαοῦ
2657 2365 2797 2416 σου,
2825 2350 2924 2404 καί
2948 2349 3054 2403 τοῦ
3077 2348 3248 2403 οἴκου
3266 2345 3372 2401 τοῦ
3395 2344 3621 2412 πατρός

2035 2451 2173 2501 σου,
2222 2433 2322 2488 καί
2368 2433 2728 2504 ἐπιθυμήσει
2777 2436 2810 2487 ὁ
2843 2431 3147 2498 ,βασιλεὺς
3194 2428 3302 2484 τοῦ
3352 2426 3623 2492 κάλλους

2035 2535 2175 2573 σου.
2204 2518 2325 2572 Ἵνα
2367 2513 2481 2582 οὖν,
2529 2518 2824 2588 ἀγαπητοὶ,
2866 2514 3157 2587 γενώμεθα
3184 2513 3327 2584 φίλοι
3367 2511 3447 2583 τῷ
3478 2510 3620 2582 Θεῷ,

2033 2600 2194 2655 τοῦτο
2219 2601 2342 2655 καθ’
2373 2601 2610 2671 ἑκάστην
2632 2602 2846 2672 ἡμέραν
2881 2597 3199 2669 ἐξασκῶμεν
3220 2597 3281 2651 τὸ
3306 2595 3530 2659 κάλλος,
3553 2596 3621 2665 τῇ

2034 2684 2142 2739 τῶν
2172 2684 2406 2756 Γραφῶν
2429 2682 2734 2754 ἀναγνώσει
2753 2686 2935 2738 πᾶσαν
2956 2684 3152 2755 κηλῖδα
3182 2678 3628 2751 ἀποσμήχοντες,

2034 2771 2155 2832 ταῖς
2185 2770 2395 2839 εὐχαῖς,
2429 2771 2552 2832 ταῖς
2594 2767 3008 2839 ἐλεημοσύναις,
3060 2769 3124 2838 τῇ
3174 2764 3307 2837 πρὸς
3356 2761 3622 2833 ἀλλήλους

2036 2850 2259 2923 ὁμονοίᾳ
2275 2867 2289 2881 ο
2327 2851 2416 2904 ἴνα
2448 2852 2477 2903 ὁ
2507 2851 2763 2921 βασιλεὺς
2784 2850 3040 2921 ἐρασθεὶς
3058 2850 3215 2922 ἡμῶν
3239 2849 3337 2920 τῆς
3358 2845 3502 2902 κατὰ
3525 2844 3623 2916 τὴν

2042 2934 2221 3006 ψυχὴν
2261 2934 2588 3006 εὐμορφίας,
2616 2934 2716 3005 τῆς
2745 2934 3026 3005 βασιλείας
3060 2933 3169 2988 τῶν
3192 2932 3438 3003 οὐρανῶν
3472 2930 3623 3001 ἡμᾶς

2041 3016 2378 3090 καταξιώσῃ·
2399 3014 2468 3090 ἦς
2492 3019 2702 3087 γένοιτο
2721 3018 2931 3083 πάντας
2957 3020 3105 3090 ἡμᾶς
3124 3019 3422 3089 ἐπιτυχεῖν,
3439 3018 3624 3087 χάριτι

2043 3102 2136 3157 καὶ
2171 3101 2552 3174 φιλανθρωπίᾳ
2589 3100 2684 3154 τοῦ
2715 3101 2922 3173 Κυρίου
2954 3101 3113 3172 ἡμῶν
3154 3100 3329 3172 Ἰησοῦ
3360 3098 3623 3171 Χριστοῦ,

2045 3185 2164 3258 μεθ’
2197 3180 2258 3241 οὗ
2296 3184 2373 3256 τῷ
2402 3185 2582 3257 Πατρὶ
2613 3184 2738 3249 δόξα
2767 3184 2885 3255 ἅμα
2913 3182 2990 3254 τῷ
3031 3184 3171 3254 ἁγίῳ
3196 3182 3497 3254 Πνεύματι,
3529 3181 3625 3238 νῦν

2044 3270 2140 3324 καὶ
2166 3270 2275 3340 ἀεὶ,
2298 3269 2396 3324 καὶ
2430 3271 2510 3333 είς
2536 3269 2666 3331 τοὺς
2705 3266 2912 3332 αἰῶνας
2946 3266 3056 3322 τῶν
3084 3265 3316 3323 αἰώνων.
3357 3267 3551 3340 Ἀμήν.

2101 3445 2132 3486 ι)
2152 3445 2301 3496 Savil.
2326 3448 2377 3496 in
2404 3450 2545 3495 textu
2569 3450 2622 3495 et
2640 3445 2766 3506 Reg.
2801 3444 2890 3494 οὐκ
2912 3444 2978 3494 ἔνι
3001 3438 3257 3507 γράμματα
3279 3443 3377 3501 καὶ,
3400 3440 3551 3490 Savli.
3571 3440 3625 3488 in

2041 3520 2194 3571 marg.
2219 3507 2310 3556 οὐκ
2342 3506 2658 3571 ἐπιτρίμματα
2692 3510 2791 3571 καὶ,
2815 3520 2927 3569 quaa
2969 3505 3216 3568 poeterior
3238 3505 3388 3552 lectio
3410 3515 3545 3562 vera,
3571 3507 3626 3551 et

2041 3564 2228 3631 legitur
2246 3571 2395 3620 etiam
2415 3564 2543 3630 apud
2563 3566 2738 3617 Morel.

2344 3716 2587 3727 M—

397 3711 1941 3749 ww

2044 3706 3597 3746 π-μκαώ--ὺῤ--ᾢ-*ῌΜ

1802 3887 2206 3950 MONITUM.

365 4101 438 4159 ἂν
477 4101 615 4175 πρὸς
651 4101 933 4167 Ἰουδαίους
980 4102 1248 4173 λέγωμεν,
1279 4103 1612 4176 σαφέστερον
1656 4104 1751 4157 καὶ
1787 4102 1951 4173 εὐρύ-

361 4210 529 4265 τερον
583 4191 989 4264 ἁναπτύξομεν.
1060 4191 1248 4248 Verum
1300 4194 1431 4261 hazc,
1494 4196 1709 4265 quando
1764 4204 1952 4249 contra

361 4283 588 4339 Judwos
614 4284 871 4351 dicemus,
893 4284 1094 4338 clarius
1126 4270 1175 4339 et
1223 4285 1393 4355 fusius
1421 4286 1822 4356 explicabimus.
1855 4285 1951 4343 His

362 4384 536 4445 porro
564 4374 745 4432 verbis
776 4384 1066 4445 sequentes
1096 4383 1287 4430 contra
1315 4375 1531 4433 Jndaeos
1560 4378 1820 4433 homilias
1862 4378 1949 4432 in-

359 4466 555 4522 dicare
582 4481 810 4537 prorsus
833 4467 1072 4523 videtur.
1102 4466 1241 4522 Nam
1271 4468 1347 4523 ibi
1374 4480 1442 4523 ex
1476 4469 1868 4539 prOphetarum
1888 4476 1950 4525 “et

368 4554 584 4612 Veteris
625 4556 961 4612 Testamenti
1005 4559 1332 4613 auctoritate
1374 4559 1623 4628 pluribus
1661 4572 1948 4613 common—

362 4658 507 4705 strat
563 4649 866 4704 tollendum
940 4649 1423 4721 abrogandumque
1475 4658 1601 4720 post
1658 4650 1946 4705 adventum

359 4739 570 4795 Christi
594 4755 721 4796 esse
751 4740 959 4797 cultum
996 4739 1307 4801 Judaieum.
1339 4742 1477 4797 Cum
1522 4752 1703 4797 autem
1738 4756 1846 4797 non
1891 4742 1948 4797 in

361 4832 543 4888 tribus
576 4832 857 4901 prioribus
887 4841 1073 4886 contra
1101 4831 1320 4889 Iudaeos
1348 4833 1606 4899 homiiiis,
1637 4850 1761 4905 qua:
1804 4845 1949 4889 anno

362 4922 473 4977 586
507 4924 712 4979 habita:
743 4932 893 4991 sunt,
927 4924 1023 4980 sed
1065 4925 1121 4979 in
1149 4926 1394 4996 quinque
1423 4922 1822 4996 posterioribus
1852 4940 1951 4995 po-

358 5014 663 5084 tissimum,
697 5034 837 5089 quas
896 5019 1090 5075 habuit
1120 5020 1555 5091 Chrysostomus
1615 5032 1763 5073 anno
1810 5016 1946 5085 387,

358 5124 554 5166 mense
578 5111 802 5166 circiter
824 5110 1156 5183 Septembri,
1182 5112 1503 5183 abrogatum
1532 5110 1704 5166 fuisse
1741 5110 1947 5166 cultum

353 5200 661 5257 Judaicum
694 5205 883 5259 multis
941 5199 1279 5276 argumentis
1334 5204 1505 5274 probe
1543 5214 1707 5273 atque
1738 5202 1950 5258 erudite

351 5296 740 5353 demonstret:
780 5296 910 5353 hinc
965 5297 1215 5368 sequitur
1269 5298 1416 5353 hunc
1440 5312 1536 5352 seu
1601 5296 1805 5351 librum
1850 5310 1948 5351 seu

354 5400 709 5455 sermenem,
770 5391 862 5447 ubi
925 5392 977 5447 id
1015 5406 1075 5447 se
1120 5391 1392 5447 facturum
1447 5391 1758 5462 pollicetur,
1819 5396 1945 5444 ante

353 5493 607 5535 mensem
641 5478 1017 5551 Septembrem
1050 5476 1154 5535 387
1187 5480 1512 5549 adornatum
1550 5478 1741 5532 fuisse.

431 5571 516 5627 An
551 5587 720 5643 porro
780 5574 1067 5630 concionis
1119 5587 1274 5647 more
1329 5572 1477 5628 hunc
1531 5583 1838 5628 sermonem
1874 5564 1941 5623 ad

354 5664 625 5737 populum
685 5664 960 5731 habuerit,
1018 5681 1089 5721 an
1125 5665 1409 5736 scripserit
1471 5665 1785 5735 legendum,
1840 5675 1942 5715 nec

353 5758 608 5813 oratorio
631 5773 794 5813 more
818 5759 1184 5824 recitandum,
1217 5773 1326 5813 non
1355 5757 1430 5812 ita
1461 5754 1616 5812 facile
1650 5761 1736 5809 est
1774 5766 1944 5821 augu-

355 5855 500 5911 rari.
523 5852 675 5909 Licet
697 5853 846 5909 enim
867 5853 1028 5910 initio
1053 5855 1108 5910 in
1136 5855 1448 5911 auditorum
1474 5853 1701 5924 cujusve
1728 5848 1943 5921 generis

353 5949 416 5995 et
445 5940 775 5998 conditionis
808 5943 1159 6000 commodum
1188 5935 1529 5999 sc‘brevitati
1563 5938 1785 5999 studere
1812 5951 1940 6009 pro-

2055 4096 2274 4152 ﬁteatur
2304 4115 2317 4152 :
2354 4106 2593 4152 attamen
2628 4097 2743 4153 haec
2769 4110 3048 4168 nunquam
3082 4096 3442 4152 concionatus
3464 4097 3635 4154 fuisse

2051 4189 2289 4244 videtur.
2324 4188 2551 4243 Si.enim
2586 4190 2943 4245 concinnatus
2971 4199 3139 4256 esset,
3173 4188 3453 4244 homiliam
3487 4199 3641 4245 certe

2051 4281 2428 4353 prolixiorem,
2453 4298 2617 4353 quam
2641 4292 2702 4336 ut
2730 4292 2915 4353 posset
2943 4298 3052 4338 una
3084 4284 3204 4338 vice
3239 4292 3348 4337 tota
3371 4283 3630 4352 persolvi,

2050 4376 2236 4445 plures
2257 4375 2313 4429 in
2337 4383 2523 4445 partes
2555 4376 2852 4442 divisisset,
2888 4385 2948 4431 ut
2975 4377 3112 4432 alias
3138 4387 3249 4431 non
3285 4377 3454 4433 semel
3479 4376 3628 4433 fecit.

2052 4466 2119 4522 Et
2171 4467 2416 4537 alioquin
2452 4477 2938 4540 quantumcunque
2972 4470 3187 4540 prolixa
3225 4471 3316 4536 sit,
3352 4487 3459 4526 non
3494 4472 3634 4527 inte-

2051 4569 2148 4628 gra
2178 4567 2361 4613 tamen
2400 4569 2528 4615 est:
2558 4565 2882 4632 certumque
2929 4561 3147 4617 videtur
3202 4576 3457 4634 magnam
3509 4563 3632 4635 ejus

2048 4659 2263 4722 partem
2303 4651 2357 4705 in
2386 4651 2493 4707 line
2531 4652 2855 4709 desiderari.
2883 4653 2975 4709 Sic
3007 4668 3139 4709 vero
3163 4655 3408 4709 mutilam
3442 4654 3634 4711 habuit

2046 4750 2208 4798 vetus
2243 4742 2538 4813 interpres,
2581 4743 2663 4800 sic
2719 4744 2875 4816 prius
2931 4743 3083 4811 editi,
3128 4744 3211 4800 sic
3248 4744 3413 4800 habet
3466 4745 3632 4800 etiam

2048 4827 2237 4891 Codex
2271 4835 2659 4894 Colbertinus:
2704 4838 2848 4894 unde
2878 4837 3110 4895 fortasse
3142 4837 3369 4893 dubium
3399 4838 3631 4905 oriatur,

2051 4929 2393 5001 integramne
2436 4926 2589 5005 [558]
2622 4948 2865 5003 unquam
2913 4931 3147 4989 ediderit
3179 4928 3627 5003 Cbrysostomus.

2051 5020 2238 5094 Stylus
2269 5023 2567 5080 admodum
2592 5025 2882 5091 redundat,
2914 5024 3157 5080 maxime
3186 5031 3366 5078 autem
3393 5038 3426 5077 a
3449 5016 3631 5077 medio

2055 5117 2121 5170 ad
2148 5115 2314 5171 ﬁnem
2347 5134 2363 5171 :
2404 5117 2596 5173 eodem
2627 5117 2819 5173 orandi
2848 5133 3049 5189 genere
3082 5116 3321 5187 scriptus
3344 5131 3457 5187 quo
3483 5116 3627 5173 liber

2048 5216 2235 5260 contra
2266 5218 2441 5278 gentes
2472 5218 2528 5263 et
2556 5211 2610 5263 in
2642 5207 2701 5264 S.
2722 5207 3009 5278 Babylam,
3041 5209 3242 5266 concio
3276 5209 3516 5266 secunda
3566 5210 3626 5269 in.

2048 5293 2389 5366 Eutropium,
2436 5299 2662 5353 homilia
2696 5298 2775 5353 De
2834 5301 3194 5365 anathemate,
3244 5299 3486 5379 humilia:
3529 5299 3630 5353 ali-

2052 5398 2186 5458 qum
2221 5388 2299 5443 De
2332 5391 2657 5460 paenitentia,
2691 5406 2813 5459 quae
2840 5405 2953 5446 non
3001 5400 3131 5446 sunt
3158 5393 3405 5462 ejusdem
3463 5402 3633 5462 atque

2050 5490 2250 5536 caetera
2279 5497 2445 5550 opera
2491 5482 2798 5552 elegantiae,
2833 5482 2960 5552 quia
3001 5481 3253 5539 fortassis
3282 5500 3347 5538 ex
3379 5493 3632 5553 tempore

2051 5573 2278 5642 scripta.
2315 5568 2423 5628 Par
2491 5573 2735 5643 suspicio
2772 5574 3019 5629 nascitur
3055 5574 3205 5630 hunc
3261 5574 3393 5630 item
3423 5575 3627 5632 librum

2049 5678 2157 5721 non
2194 5664 2368 5721 fuisse
2398 5665 2656 5722 secundis
2685 5666 2833 5722 curis
2856 5665 3176 5736 expolitum.

2116 5754 2633 5828 interpretationem
2670 5757 2865 5813 incerti
2897 5757 3144 5814 auctoris
3191 5771 3314 5829 quae
3346 5757 3401 5812 in
3460 5757 3626 5813 editis

2049 5856 2178 5904 ante
2202 5847 2505 5920 legebatur,
2536 5857 2722 5919 utpote
2754 5861 2865 5904 non
2912 5848 3050 5908 satis
3102 5856 3444 5908 accuratam.
3476 5847 3621 5916 reje-

2050 5936 2252 6003 cimus,
2277 5954 2583 6010 novamque
2611 5939 2944 6011 paravimus.
