4062 6166
407 354 514 429 εἰσ

1134 380 1192 435 S.
1226 377 1513 442 JOANNIS
1547 383 2032 448 CIIRYSOSTOMI
2070 391 2389 450 ARCHIEP.
2439 394 2986 454 CONSTANTINOP.

3537 404 3635 458 8M

441 1327 598 1403 [558]
640 1334 799 1403 Πρός
842 1351 906 1388 τε
965 1333 1288 1402 Ἰουδαίους
1326 1337 1424 1392 καὶ
1460 1338 1766 1410 ”Ε.ι.ιίηνας
1803 1344 2108 1413 ἀπόδειξις
2134 1386 2149 1412 ,
2226 1347 2313 1401 ὅτι
2357 1348 2486 1402 ἐστὶ
2539 1349 2683 1416 Θεὸς
2727 1353 2761 1404 ὀ
2835 1349 3083 1419 Χριστὸς
3112 1390 3126 1416 ,
3177 1350 3244 1405 ἐκ
3297 1349 3415 1405 τῶν·
3471 1351 3632 1421 πειίά

1041 1432 1166 1498 τοῖς
1219 1433 1551 1505 προφήταις
1596 1441 1912 1508 πολλαχοῦ
1961 1442 2094 1512 περὶ
2143 1444 2329 1498 αὐτοῦ
2384 1445 2712 1514 εἰρημένων
2742 1457 2790 1499 ⁸.

475 2281 543 2328 α’.
588 2272 807 2344 Ἐπειδὴ
846 2271 1028 2326 πολλοὶ
1056 2272 1164 2325 τῶν
1199 2271 1521 2343 ἀνθρώπων,
1559 2275 1606 2328 οἱ
1645 2274 1742 2345 μὲν
1774 2273 1986 2330 οἴκοθεν

403 2358 555 2422 ὅντες
605 2358 858 2430 ῥᾴθυμοι,
909 2359 957 2411 οί
1000 2357 1056 2410 δὲ
1097 2360 1208 2420 τοῖς
1255 2355 1525 2425 βιωτικοῖς
1570 2359 1794 2423 ἑαυτοὺς
1849 2360 1987 2430 μετά

406 2441 607 2511 πολλῆς
639 2440 998 2504 ἐκδεδωκότες
1029 2441 1128 2511 τῆς
1163 2439 1417 2510 σπουδῆς,
1447 2441 1623 2511 ἕτεροι
1664 2441 1720 2494 δὲ
1759 2444 1852 2496 καὶ
1878 2443 1985 2496 ὑπὸ

406 2524 646 2595 ἀμαθίας
675 2523 877 2594 πολλῆς
905 2523 1280 2593 κατεχόμενοι,
1309 2523 1408 2575 οὐκ
1432 2523 1499 2577 ἂν
1527 2524 1725 2594 ῥᾳδίως
1757 2526 1984 2596 μακρῶν

405 2609 726 2678 ἀνάσχοιντο
756 2607 930 2674 λόγων
954 2647 968 2670 ,
1020 2608 1314 2676 ἀναγκαῖον
1348 2603 1487 2661 εἶναι
1522 2609 1747 2678 ἐνόμισα
1789 2609 1881 2662 τὸν
1920 2612 1985 2664 ἐκ

402 2695 502 2764 τῆς
539 2691 918 2763 μακρηγορίας
959 2691 1326 2762 ὑποτεμέσθαι
1359 2691 1548 2746 πόνον·
1582 2691 1722 2745 ὥστε
1761 2693 1856 2747 καὶ
1893 2695 1985 2747 τὸν

404 2779 560 2830 όκνον
593 2775 802 2828 ἀνελεῖν
826 2777 892 2846 τῇ
929 2774 1260 2847 βραχυλογίᾳ
1291 2777 1399 2829 τῶν
1434 2775 1711 2848 ῥᾳθύμων,
1746 2778 1985 2844 καὶτοὺς

406 2861 612 2929 σφόδρα
642 2857 822 2912 αὐτῶν
862 2859 1326 2923 ἀναπεπτωκότας
1355 2861 1495 2930 πρὸς
1524 2859 1621 2932 τὴν
1652 2861 1980 2930 ἀνάγνωσιν,

404 2947 591 2997 πεῖσαι
617 2943 716 3011 τῆς
740 2943 1106 3013 προκειμένης
1135 2945 1267 3013 ἡμῖν
1295 2944 1678 3013 πραγματείας
1701 2946 1838 3015 μετά
1864 2946 1986 2999 πολ-

404 3027 502 3098 λῆς
533 3025 905 3096 ἀκροάσασθαι
935 3026 1036 3096 τῆς
1073 3025 1394 3098 προθυμίας.
1431 3028 1530 3081 Διά
1561 3039 1642 3081 τοι
1673 3028 1832 3082 τοῦτο
1863 3029 1983 3082 οὐδὲ

405 3115 763 3178 καλλωπίζων
792 3114 999 3185 ῥήμασί
1043 3131 1101 3168 τε
1146 3115 1240 3167 καὶ
1283 3114 1507 3185 ὀνόμασι
1534 3115 1631 3187 τὴν
1668 3117 1980 3187 ἑρμηνείαν,

404 3199 519 3253 ἀλλ’
549 3198 688 3254 αὐτὰ
726 3197 898 3260 τιθεὶς
930 3195 1001 3250 τὰ
1030 3197 1271 3268 ὀνόματα
1298 3197 1502 3261 οὕτως,
1537 3198 1612 3261 ὼς
1647 3199 1741 3252 καὶ
1773 3199 1980 3271 οἰκέτῃ,

405 3284 500 3337 καὶ
525 3281 885 3353 θεραπαινίδι,
918 3281 1010 3333 καὶ
1027 3281 1173 3350 χήρᾳ
1205 3281 1444 3348 γυναικὶ,
1478 3283 1571 3335 καὶ
1597 3282 1858 3353 καπήλῳ,
1889 3284 1983 3337 καὶ

403 3366 574 3438 ναύτῃ
593 3406 606 3429 ,
629 3366 724 3417 καλ¹
744 3363 968 3433 γηπόνῳ
999 3363 1157 3433 ῥᾴδια
1188 3363 1328 3416 εἶναι
1353 3364 1448 3417 καὶ
1481 3363 1744 3436 εὔληπτα,
1778 3383 1984 3420 πανταο

404 3449 499 3522 χοῦ
533 3449 864 3520 πειράσομαι
898 3446 1171 3499 συστεῖλαι
1205 3445 1266 3498 τὸ
1307 3447 1506 3518 μῆκος,
1538 3448 1613 3511 ὡς
1646 3448 1712 3502 ἂν
1739 3450 1981 3520 ἐγχωρῇ,

405 3536 499 3588 καὶ
539 3534 604 3586 δι’
640 3533 833 3600 ὀλίγων
888 3531 986 3601 τὴν
1018 3530 1363 3584 διδασκαλίαν
1399 3531 1620 3600 ποιῆσαι
1647 3573 1662 3599 ,
1708 3533 1988 3604 ἑκατέροις

402 3619 615 3678 τούτοις
641 3615 751 3668 τῶν
781 3613 986 3666 ὑπτίων
1031 3614 1316 3684 ἀκροατῶν
1347 3614 1629 3684 διεγείρων
1677 3616 1775 3686 τὴν
1809 3617 1988 3686 ὄρεξιν

404 3703 485 3763 εἰς
513 3699 573 3752 τὸ
612 3698 810 3770 ῥᾳδίως
839 3697 933 3751 καὶ
964 3698 1136 3768 χωρὶς
1159 3697 1404 3766 καμάτου
1432 3698 1576 3760 τινὸς
1598 3699 1666 3752 τὰ
1695 3701 1988 3771 ἐγκείμενα

407 3783 655 3837 ἐπελθεῖν
679 3821 694 3846 ,
743 3783 838 3836 καὶ
869 3781 1243 3850 κατασχόντας
1271 3781 1365 3834 ἐπὶ
1401 3782 1620 3852 μνήμης
1653 3783 1825 3836 ταῦτα
1863 3803 1989 3857 κερ-

403 3868 578 3922 δᾶναι.
611 3866 918 3936 Ποιήσομαι
947 3863 1004 3917 δὲ
1039 3863 1131 3916 τὸν
1160 3863 1347 3931 ἀγῶνα
1377 3864 1511 3932 πρὸς
1541 3865 1804 3936 ’Έλληνας
1835 3869 1986 3937 πρῶ-

402 3969 514 4006 τον.
545 3951 608 4006 Εἰ
634 3951 741 4022 γὰρ
769 3951 832 4022 δὴ
860 3951 1009 4018 λέγοι
1035 3953 1063 4004 ό
1098 3949 1318 4020 Ἕλλην,
1351 3949 1522 4003 Πόθεν
1549 3948 1707 4019 δῆλον
1740 3951 1822 4003 ὅτι
1855 3952 1987 4014 Θεός

403 4037 551 4090 ἐστιν
579 4035 608 4087 ὁ
637 4035 905 4106 Χριστός;
938 4033 1120 4104 (τοῦτο
1152 4033 1260 4104 γὰρ
1293 4033 1373 4086 δεῖ
1397 4033 1801 4103 προῦποθέσθαι
1833 4034 1987 4106 πρῶ-

403 4137 495 4172 τον
518 4159 533 4184 ,
563 4118 639 4182 ὡς
661 4117 728 4171 τὰ
757 4117 892 4172 ἀλλα
925 4119 1104 4172 πάντα
1131 4118 1305 4188 τούτῳ
1333 4116 1592 4189 ἐπόμενα)
1622 4117 1722 4171 οὐκ
1759 4118 1855 4170 ἀπ’
1899 4118 1988 4172 ού-

406 4202 568 4275 ρανοῦ
619 4202 962 4273 ποιησόμεθα
1005 4203 1105 4273 τὴν
1155 4199 1469 4265 ἀπόδειξιν,
1519 4200 1639 4254 οὐδὲ
1689 4201 1785 4253 ἀπ’
1813 4200 1987 4256 ἄλλων

402 4288 679 4340 τοιούτων.
720 4287 844 4340 Ἐὰν
881 4285 988 4358 γάρ
1032 4286 1170 4339 εἴπω
1217 4287 1352 4356 πρὸς
1383 4284 1544 4338 αὐτὸν
1571 4323 1586 4348 ,
1631 4284 1714 4337 ὅτι
1759 4284 1988 4355 οὐρανὸν

402 4370 639 4435 ἔκτισεν,
661 4373 743 4424 ὅτι
779 4372 904 4442 γῆν,
936 4373 1018 4425 ὅτι
1042 4370 1338 4434 θάλασσαν,
1367 4369 1468 4422 οὐκ
1492 4367 1738 4435 ἀνέξεται
1764 4385 1779 4400 ο
1816 4369 1883 4423 ἂν
1911 4369 1987 4422 εἵ-

406 4473 522 4520 πω,
556 4456 638 4507 ὅτι
668 4455 897 4524 νεκροὺς
939 4455 1127 4525 ἤγειρε
1152 4495 1166 4517 ,
1202 4453 1438 4522 τυφλοὺς
1466 4452 1799 4521 ἐθεράπευσε
1825 4494 1839 4518 ,
1871 4451 1987 4506 δαί-

407 4556 576 4608 μονας
605 4538 803 4608 ἤλασεν
828 4578 842 4602 ,
869 4537 987 4591 οὐδὲ
1016 4539 1172 4591 τοῦτο
1200 4535 1546 4601 καταδέξεται
1569 4553 1582 4566 ·
1616 4535 1680 4590 ἂν
1707 4538 1872 4603 εῐπω,
1903 4537 1987 4590 ὅτι

405 4621 682 4692 βασιλείαν
709 4621 1072 4692 ἐπηγγείλατο
1117 4621 1212 4675 καὶ
1252 4621 1321 4674 τὰ
1349 4621 1637 4691 ἀπόρρητα
1674 4620 1856 4688 ἀγαθά
1876 4662 1890 4686 ,
1919 4620 1986 4675 ἂν

405 4707 532 4776 περὶ
565 4705 916 4768 ἀναστάσεως
956 4705 1252 4775 διαλεχθῶ,
1289 4706 1349 4758 ού
1393 4705 1551 4776 μόνον
1588 4705 1687 4758 οὐκ
1715 4705 1983 4772 ἀνέξεται,

401 4791 539 4844 ἀλλὰ
566 4792 660 4845 καὶ
690 4790 999 4858 γελάσεται.
1036 4789 1206 4844 Πόθεν
1249 4787 1342 4844 οὖν
1369 4791 1529 4844 αὐτὸν
1552 4787 1812 4861 ἐνάξομεν
1838 4832 1852 4855 ,
1891 4792 1985 4845 καὶ

405 4874 641 4944 μάλιστα
677 4873 774 4926 ἐὰν
816 4872 1027 4944 ἰδιώτης
1116 4890 1129 4938 ;
1175 4874 1346 4926 Πόθεν
1373 4873 1596 4928 ἄλλοθεν
1618 4913 1633 4938 ,
1664 4872 1781 4928 ἀλλ’
1815 4873 1848 4945 ἦ
1878 4874 1986 4928 ἀπὸ

383 4960 509 5012 --τῶν
556 4958 684 5029 παρ’
718 4956 853 5028 ἐμοῦ
883 4959 976 5012 καὶ
1017 4957 1183 5011 αὐτοῦ
1215 4958 1407 5021 κοινῶς
1440 4960 1535 5012 καὶ
1576 4960 1986 5032 ἀναντιρῥήτως

400 5041 849 5114 ὁμολογουμένων
878 5082 892 5106 ,
926 5041 1020 5095 καὶ
1073 5043 1210 5114 πρὸς
1258 5041 1293 5095 ἃ
1325 5042 1643 5113 ἀμφιϐόλως
1685 5044 1784 5096 οὐκ
1833 5043 1982 5112 ἕχει;

401 5127 482 5182 ὅτι
506 5130 604 5200 μὲν
623 5130 732 5198 γὰρ
753 5127 979 5199 οὐρανὸν
1003 5128 1224 5198 ἐποίησε
1245 5127 1340 5181 καὶ
1361 5126 1431 5179 τὰ
1458 5127 1611 5194 ἄλλα,
1639 5127 1783 5200 ἆπερ
1807 5123 1978 5192 εἷπον,

401 5212 496 5266 ἐάν
526 5212 816 5285 ὑποθῶμαι
841 5256 856 5279 ,
889 5213 989 5266 οὐκ
1020 5213 1086 5266 ἂν
1114 5213 1401 5283 ἀνάσχοιτο
1434 5215 1721 5283 πεισθῆναι
1758 5214 1979 5284 ῥᾳδίως.

401 5297 535 5351 Τίνα
571 5295 664 5352 οὖν
695 5297 842 5352 ἐστιν
875 5296 912 5350 ἂ
935 5297 1028 5350 καὶ
1054 5299 1259 5360 ἐκεῖνος
1286 5297 1538 5368 ὁμολογεῖ
1569 5298 1730 5351 αὐτὸν
1753 5315 1982 5368 πεποιη-

401 5382 576 5447 κέναι,
611 5385 706 5438 καὶ
729 5381 980 5452 οὐδαμῶς
1013 5382 1081 5436 ἂν
1106 5381 1380 5448 ἀντείποι;
1409 5383 1530 5437 Ὅτι
1559 5382 1618 5436 τὸ
1642 5382 1985 5454 Χριστιανῶν

401 5466 558 5534 γένος
582 5468 746 5532 αὐτὸς
788 5467 1086 5536 ἐφύτευσεν
1110 5483 1124 5498 ο
1159 5467 1219 5520 ού
1261 5466 1370 5538 γὰρ
1402 5467 1466 5537 δὴ
1507 5467 1602 5520 καὶ
1651 5467 1787 5537 πρὸς
1827 5466 1986 5519 τοῦτο

401 5552 633 5620 ἀντερεῖ,
657 5553 739 5604 ὅτι
759 5551 858 5615 τάς
885 5551 1161 5621 πανταχοῦ
1186 5553 1286 5621 τῆς
1311 5554 1459 5605 οίκου
1470 5551 1637 5622 μένης
1659 5551 1987 5623 Ἐκκλησίας

401 5634 564 5695 αὐτὸς
593 5635 847 5703 ἐπήξατο.
881 5636 1018 5689 ’Λπδ
1046 5636 1250 5689 τούτων
1294 5634 1642 5704 παρεξόμεθα
1688 5636 1784 5704 τῆς
1828 5634 1987 5688 δυνά-

405 5735 553 5790 μεως
582 5716 746 5770 αὐτοῦ
775 5719 873 5788 τὴν
914 5719 1185 5785 ἀπόδειξιν
1207 5759 1222 5782 ,
1250 5719 1342 5772 καὶ
1383 5718 1628 5790 δείξομεν
1658 5718 1818 5772 αὑτὸν
1855 5720 1984 5774 ὄντα

463 5876 478 5897 ⁸
506 5873 692 5926 Collala
719 5885 827 5923 cum
855 5873 961 5922 cod.
983 5872 1122 5923 Culb.
1145 5873 1284 5934 3055,
1311 5873 1390 5923 ubi
1416 5887 1659 5936 perpauca
1685 5874 1979 5926 discrimina.

2086 2274 2238 2340 Θεὸν,
2268 2278 2362 2331 καὶ
2394 2279 2626 2351 ἐροῦμεν
2654 2283 2735 2338 ὅτι
2763 2283 2864 2336 οὐκ
2899 2283 3046 2338 ἔστιν
3070 2284 3356 2356 ἀνθρώπου
3389 2287 3545 2358 ψιλοῦ
3570 2309 3664 2346 το-

2087 2359 2288 2444 σαύτην
2315 2363 2371 2415 ἐν
2405 2362 2596 2434 βραχεῖ
2625 2365 2802 2437 καιρῷ
2836 2368 3140 2438 περιελθεῖν
3172 2372 3495 2444 οἰκουμένην
3521 2414 3536 2438 ,
3569 2375 3664 2429 καὶ

2085 2443 2208 2512 γῆν,
2237 2445 2331 2528 καὶ
2359 2444 2647 2509 θάλατταν,
2674 2449 2767 2501 καί¹
2794 2451 2886 2502 ἐπὶ
2913 2451 3177 2517 τοιούτοις
3200 2455 3383 2508 καλεῖν
3406 2443 3664 2528 πράγμα-

2087 2541 2171 2579 σιν
2212 2527 2354 2582 οὓτω
2377 2570 2390 2594 ,
2423 2532 2513 2584 καὶ
2545 2532 2718 2586 ταῦτα
2749 2533 2852 2586 ὑπὸ
2876 2537 3076 2589 ἀτόπου
3105 2538 3392 2610 συνηθείας
3422 2527 3664 2609 προκατ-

2085 2610 2448 2680 ειλημμένους
2497 2615 2848 2687 ἀνθρώπους,
2899 2619 3098 2690 μᾶλλον
3148 2621 3206 2674 δὲ
3253 2623 3357 2675 ὑπὸ
3399 2625 3667 2695 τοσαύτης

2086 2695 2284 2758 κακίας
2334 2699 2754 2767 κατεχομένους.
2801 2703 2911 2754 Καὶ
2940 2703 3092 2773 ὅμως
3129 2704 3315 2774 ἴσχυσε
3352 2706 3502 2778 [559]
3537 2708 3665 2760 τού-

2084 2792 2192 2830 των
2224 2779 2440 2832 πάντων
2483 2780 2545 2832 τὸ
2580 2783 2694 2834 τῶν
2728 2783 3034 2856 ἀνθρώπων
3072 2786 3226 2860 γένος
3279 2787 3667 2861 ἐλευθερῶσαι,

2084 2860 2204 2929 οὐχὶ
2243 2863 2549 2932 Ῥωμαίους
2584 2865 2766 2934 μόνον,
2791 2867 2927 2922 ἀλλά
2947 2869 3041 2922 καὶ
3067 2871 3282 2942 Πέρσας
3301 2912 3315 2934 ,
3353 2875 3446 2926 καὶ
3473 2860 3666 2938 ἁπλῶς

2084 2944 2151 2996 τὰ
2182 2945 2287 2997 τῶν
2319 2946 2608 3019 βαρϐάρων
2641 2950 2793 3020 γένη.
2823 2952 2933 3004 Καὶ
2961 2948 3130 3007 ταῦτα
3155 2954 3538 3025 κατώρθωσεν,
3568 2958 3667 3027 οὐχ

2083 3029 2268 3092 ὅπλοις
2299 3029 2613 3102 χρώμενος,
2649 3034 2710 3085 ού
2741 3035 3002 3105 χρήματα
3026 3037 3280 3091 δαπανῶν
3306 3080 3320 3103 ,
3349 3040 3409 3092 ού
3441 3040 3667 3110 στρατό-

2085 3112 2222 3165 πεδα
2248 3114 2414 3167 κινῶν
2439 3154 2453 3175 ,
2492 3114 2552 3168 ού
2587 3115 2858 3186 πολέμους
2885 3119 3282 3191 ἀναρριπίζων,
3318 3122 3452 3174 ἀλλά
3483 3122 3550 3174 δι’
3581 3122 3670 3176 έν-

2083 3195 2216 3248 δεκα
2240 3195 2337 3248 ἀνθ
2348 3195 2543 3266 ρώπων
2568 3198 2664 3268 τὴν
2688 3200 2862 3272 ἀρχὴν
2879 3241 2892 3266 ,
2923 3202 3153 3272 ἀσήμων
3174 3243 3188 3265 ,
3221 3204 3452 3256 εὐτελῶν
3476 3246 3489 3267 ,
3519 3205 3668 3275 ἀμα-

2087 3278 2214 3344 θῶν,
2248 3279 2490 3346 ἰδιωτῶν,
2531 3283 2800 3352 πενήτων,
2832 3286 3094 3354 γυμνῶν,
3125 3286 3370 3352 ἀόπλων,
3396 3288 3668 3358 ἀνυποδή-

2083 3379 2191 3417 των
2214 3401 2230 3427 ,
2276 3363 2671 3434 μονοχιτώνων.
2728 3367 2794 3419 Τί
2832 3367 2975 3435 λέγω
3003 3408 3017 3429 ,
3065 3368 3434 3440 κατώρθωσε;
3467 3373 3666 3424 ’πεῖσαι

2085 3446 2322 3518 ἠδυνήθη
2343 3447 2582 3502 τοσαῦτα
2610 3448 2750 3517 φύλα
2775 3449 3097 3522 ἀνθρώπων,
3125 3452 3188 3505 οὐ
3220 3453 3348 3522 περὶ
3387 3452 3493 3506 τῶν
3519 3471 3666 3525 παρ-

2085 3531 2253 3583 όντων
2283 3531 2441 3600 μόνον
2461 3573 2475 3598 ,
2508 3531 2644 3586 ἀλλά
2673 3534 2767 3585 καὶ
2801 3535 2930 3605 περὶ
2984 3534 3092 3588 τῶν
3127 3535 3428 3606 μελλόντων
3456 3536 3671 3606 φιλοσο-

2090 3616 2239 3683 φεῖν,
2277 3614 2372 3667 καὶ
2401 3615 2599 3682 νόμους
2639 3615 2926 3687 πατρῴους
2955 3618 3303 3684 ἀνασπάσαι,
3340 3619 3435 3672 καὶ
3463 3620 3671 3675 παλαιά

2087 3698 2183 3771 ἔθη
2217 3699 2454 3770 τοσούτῳ
2488 3698 2787 3770 ῥιζωθέντα
2823 3700 3002 3772 χρόνῳ
3028 3703 3092 3755 ἐκ
3123 3702 3286 3773 ῥιζῶν
3313 3704 3541 3766 ἀνελεῖν,
3574 3705 3670 3757 καὶ

2087 3781 2250 3852 ἕτερα
2299 3781 2690 3850 ἀντιφυτεῧσαι
2715 3821 2730 3845 ,
2763 3784 2858 3835 καὶ
2891 3782 3001 3836 τῶν
3044 3784 3280 3839 εὐκόλων
3314 3787 3672 3855 ἀπαγαγόντα

2087 3865 2168 3927 είς
2187 3863 2257 3917 τὰ
2277 3864 2510 3918 δύσκολα
2539 3865 2794 3933 ἐμϐαλεῖν
2821 3866 2888 3920 τά
2914 3868 3098 3931 αὐτοῦ,
3122 3870 3218 3921 καὶ
3247 3869 3419 3922 ταῦτα
3446 3871 3670 3940 ποιῆσαι

2088 3946 2491 4017 πολεμούμενον
2543 3948 2696 4019 παρά
2728 3949 2946 4004 πάντων
2971 3992 2986 4015 ,
3037 3953 3131 4004 καὶ
3186 3953 3415 4023 σταυρὸν
3465 3954 3673 4024 ὑπομε-

2091 4030 2384 4101 μενηκέναι
2417 4031 2828 4102 ,χλευαζόμενον
2881 4035 2976 4087 καὶ
3027 4034 3254 4088 θάνατον
3286 4036 3668 4091 ἐπονείδιστον.

2089 4114 2162 4165 Ού
2190 4113 2298 4185 γὰρ
2321 4113 2383 4185 δὴ
2413 4114 2664 4186 καὶπρὸς
2688 4116 2859 4168 ταῦτα
2885 4118 3222 4188 ἀντεροῦσιν,
3249 4119 3330 4172 ὅτι
3357 4121 3457 4172 ούκ
3482 4122 3674 4175 ἐσταυ-

2091 4196 2236 4269 ρώθη
2275 4197 2379 4250 ὑπὸ
2418 4197 2714 4261 Ἰουδαίων,
2771 4199 2864 4251 καὶ
2908 4199 2977 4253 τὰ
3014 4203 3182 4272 μυρία
3218 4203 3384 4256 ἔπαθε
3416 4207 3548 4274 παρ’
3575 4206 3670 4258 a0-

2087 4281 2194 4335 τῶν
2222 4322 2237 4347 ,
2268 4283 2362 4335 καὶ
2389 4283 2470 4334 ὅτι
2499 4282 2622 4335 καθ’
2654 4283 2890 4354 ἑκάστην
2924 4285 3136 4354 ἡμέραν
3167 4286 3441 4340 ἐπιδίδωσι
3477 4288 3538 4340 τὸ
3573 4291 3673 4358 κή-

2091 4381 2295 4434 ρυγμα.
2326 4363 2435 4417 Καὶ
2465 4365 2526 4417 τὸ
2557 4365 2881 4436 παράδοξον,
2915 4368 3015 4420 οὐκ
3045 4369 3277 4424 ἐνταῦθα
3316 4370 3474 4440 μόνον
3494 4412 3508 4435 ,
3534 4371 3670 4424 ἀλλά

2089 4447 2184 4500 καὶ
2216 4447 2366 4518 παρᾶ
2399 4447 2634 4518 Πέρσαις
2679 4448 2874 4516 ἀνθεῖ,
2916 4448 2997 4504 ἔτι
3047 4452 3140 4504 καὶ
3186 4451 3281 4506 νῦν
3327 4454 3455 4524 παρ’
3485 4454 3672 4517 αὐτὸῖς

2091 4529 2218 4584 πολε
2228 4528 2328 4599 μού
2337 4547 2516 4600 μενον.

2157 4702 2269 4755 Καὶ
2301 4701 2410 4772 γάρ
2438 4701 2568 4774 παρ’
2591 4701 2821 4766 ἐκείνοις
2866 4702 2991 4774 ἄρτι
3024 4703 3316 4775 μαρτύρων
3355 4705 3520 4776 δῆμοι
3550 4707 3676 4760 πολ-

2089 4783 2172 4837 λοὶ
2195 4823 2211 4848 ,
2243 4785 2336 4838 καὶ
2367 4787 2516 4856 ὅμως
2557 4787 2604 4838 οἱ
2632 4785 2731 4839 καῖ
2754 4785 2933 4839 λύκων
2965 4787 3141 4841 αὐτῶν
3168 4789 3492 4860 ἀγριώτεροι
3520 4789 3676 4854 δεξά-

2096 4887 2246 4940 μενοι
2277 4870 2338 4923 τὸ
2365 4871 2627 4942 κήρυγμα
2647 4910 2662 4935 ,
2705 4870 2992 4942 προϐάτων
3023 4871 3363 4945 ἡμερώτεροι
3391 4873 3672 4941 γεγόνασι,

2092 4954 2190 5008 καὶ
2222 4955 2350 5026 περὶ
2397 4955 2696 5017 ἀθανασίας
2717 4995 2730 5018 ,
2761 4955 2854 5008 καὶ
2904 4956 3031 5026 περὶ
3071 4957 3420 5021 ἀναστάσεως
3455 4956 3675 5027 φιλοσο-

2094 5037 2252 5106 φοῦσι
2274 5040 2365 5091 καὶ
2393 5039 2500 5092 τῶν
2529 5039 2855 5110 ἀπορρήτων
2886 5037 3126 5106 ἀγαθῶν.

2162 5195 2225 5267 β’.
2260 5197 2372 5249 Ούκ
2398 5198 2454 5247 ὲν
2484 5197 2606 5258 ταῖς
2630 5195 2814 5248 πόλεσι
2846 5195 2902 5247 δὲ
2929 5195 3109 5266 μόνον,
3142 5195 3278 5250 ἀλλά
3315 5197 3410 5250 καὶ
3453 5199 3534 5260 είς
3575 5197 3678 5267 τὴν

2089 5279 2292 5351 ἔρημον
2320 5277 2492 5331 ταῦτα
2512 5279 2700 5348 ἐξῆλθε
2719 5277 2788 5331 τά
2808 5279 3228 5350 κατορθώματα,
3253 5282 3348 5340 καὶ
3364 5283 3443 5343 είς
3459 5280 3676 5351 κώμας,

2085 5364 2180 5417 καὶ
2208 5365 2288 5427 είς
2315 5362 2498 5434 χώρας
2518 5402 2532 5427 ,
2563 5363 2658 5414 καὶ
2687 5362 2767 5424 είς
2797 5363 2993 5432 νήσους
3035 5363 3129 5416 καὶ
3175 5365 3382 5435 ὅρμους
3414 5366 3508 5418 καὶ
3554 5365 3679 5416 ἐπί-

2085 5464 2203 5500 νεια
2233 5464 2245 5477 ·
2280 5448 2374 5499 καὶ
2405 5447 2503 5498 οὐκ
2540 5444 2780 5508 ἰδιῶται,
2811 5445 2936 5498 οὐδὲ
2972 5445 3229 5517 ἄρχοντες
3273 5445 3462 5512 ἁπλῶς
3486 5491 3500 5512 ,
3536 5448 3679 5501 ἀλλά

2085 5531 2181 5583 καὶ
2208 5529 2360 5583 αὐτοὶ
2389 5531 2436 5581 οἱ
2464 5527 2532 5580 τά
2556 5528 2864 5598 διαδήματα
2890 5529 3283 5600 περικείμενοι,
3314 5531 3451 5599 μετὰ
3474 5529 3679 5601 πολλῆς

2087 5615 2224 5665 εἰσιν
2281 5611 2711 5682 ὑποτεταγμένοι
2743 5612 2842 5681 τῆς
2875 5611 3110 5677 πίστεως
3148 5613 3224 5684 τῷ
3279 5613 3675 5685 σταυρωθέντι.

2090 5699 2202 5749 Καὶ
2227 5698 2307 5749 ὅτι
2333 5695 2505 5748 ταῦτα
2543 5694 2720 5748 πάντα
2749 5695 2847 5764 οὐχ
2890 5694 3076 5759 ἁπλῶς
3104 5697 3347 5764 γέγονεν,
3371 5696 3507 5749 ἀλλά
3535 5696 3680 5766 μετά

2093 5780 2450 5851 προρρήσεως
2478 5778 2582 5848 πρὸ
2607 5776 2799 5830 πολλοῦ
2826 5778 3200 5850 γεγενημένης
3226 5779 3441 5849 χρόνου,
3465 5779 3557 5830 ἐπὶ
3579 5778 3674 5832 tu?)

2093 5864 2359 5935 παρόντος
2406 5860 2681 5926 ἀποδεῖξαι
2742 5862 3116 5930 πειράσομαι·
3173 5862 3372 5932 μᾶλλον
3423 5862 3476 5914 δὲ
3526 5859 3668 5913 ὦσςε
