4062 6166
344 396 451 454 815

911 390 1184 446 CONTRA
1223 388 1506 448 Π]οΕοὸ
1544 389 1632 445 ΕΤ
1671 389 2024 447 GENTILES.
2066 389 2249 458 QUOD
2287 386 2624 445 CHRISTUS
2661 385 2766 442 SIT
2805 381 3002 440 DEUS.

3503 374 3628 458 ιιι,

482 1375 801 1418 ADVERSUS
845 1370 1098 1415 JUDIEOS
1144 1371 1224 1412 ΕΤ
1265 1369 1566 1413 GENTILES
1624 1361 2135 1412 DEMONSTRATIO,
2181 1360 2352 1413 QUOD
2408 1356 2710 1402 CHRISTUS
2754 1356 2852 1434 ξιτ
2901 1354 3081 1407 DEUS,
3130 1355 3213 1395 EX
3256 1354 3359 1405 IIS,
3405 1351 3547 1404 QUAS

1030 1471 1262 1514 MULTIS
1309 1471 1370 1513 IN
1418 1469 1590 1512 LOCIS
1637 1469 1718 1511 DE
1761 1465 1904 1509 Πιιο
1946 1464 2136 1507 DICTA
2183 1463 2345 1505 SUNT
2388 1461 2553 1503 APUD
2585 1437 2974 1501 PROPTIETAS.

424 2289 472 2343 Ι.
506 2287 770 2353 Quoniam
801 2284 1046 2355 plerique
1077 2283 1378 2344 hominum,
1405 2279 1519 2335 sive
1537 2292 1600 2332 ex
1625 2275 1810 2329 innata
1833 2286 1924 2328 εοε-

346 2381 552 2445 cordia,
581 2379 696 2434 sive
717 2392 782 2432 ex
825 2376 990 2430 nimia
1029 2372 1369 2429 sarcularium
1401 2384 1605 2433 rerum,
1634 2365 1832 2436 quibus
1862 2378 1922 2418 se

343 2471 689 2536 dediderunt,
713 2472 854 2522 'cura
884 2474 1046 2536 atque
1077 2464 1463 2526 sollicitudine,
1500 2461 1593 2514 alii
1619 2474 1744 2514 vero
1767 2458 1921 2528 igno-

345 2562 519 2618 rantia
544 2575 738 2631 magna
757 2560 981 2624 detenti,
1002 2557 1243 2628 prolixos
1260 2569 1540 2610 sermones
1563 2568 1671 2607 non
1691 2552 1922 2606 libenter

347 2657 594 2719 audiunt,
613 2669 792 2724 opera:
817 2653 1050 2723 pretium
1073 2652 1246 2705 visum
1271 2656 1375 2712 est,
1398 2645 1726 2716 multiloquii
1751 2645 1918 2699 mole-

343 2748 502 2802 stiam
540 2761 792 2801 resecare
826 2764 838 2798 :
871 2753 929 2798 ut
962 2743 1232 2799 sermonis
1263 2741 1528 2797 brevitate
1569 2755 1689 2792 cum
1737 2738 1918 2809 segni-

341 2839 467 2893 ticm
493 2854 682 2893 eorum
707 2838 910 2900 tollam,
941 2844 1053 2890 tum
1081 2837 1165 2898 iis,
1185 2834 1276 2904 qui
1295 2835 1347 2888 in
1366 2833 1614 2887 lectionis
1634 2831 1912 2886 fastidium

342 2931 580 3001 prolapsi
605 2941 752 2993 sunt,
788 2929 1069 2992 suadeam,
1100 2935 1160 2982 ut
1179 2925 1446 2997 praesenti"
1465 2924 1698 2978 orationi
1723 2937 1912 2992 magna

339 3037 462 3075 cum
493 3020 776 3074 aclaritate
790 3035 953 3074 aures
974 3018 1266 3088 pmbeant.
1286 3018 1412 3071 Ideo
1434 3016 1600 3071 nullis
1627 3015 1911 3069 verborum

340 3112 735 3180 nominumque
770 3111 1051 3165 lenociniis
1083 3117 1264 3172 utens,
1299 3109 1392 3164 sed
1427 3108 1572 3162 dicta
1607 3107 1688 3161 sic
1708 3115 1912 3176 tempe-

340 3217 489 3263 rans,
530 3213 590 3255 ut
621 3200 848 3262 famulo,
882 3201 1115 3265 ancillae,
1145 3201 1342 3263 viduae,
1373 3197 1633 3263 institori,
1665 3206 1841 3253 nautae
1861 3205 1912 3253 et

338 3294 587 3365 agricola:
619 3304 780 3363 captu
818 3293 995 3347 facilia
1020 3294 1152 3358 sint,
1182 3293 1430 3349 brevitati
1466 3294 1708 3362 insuper,
1741 3308 1914 3362 quan-

341 3392 452 3438 tum
487 3384 568 3438 fas
601 3385 726 3447 erit,
763 3384 963 3454 ubique
980 3386 1206 3440 studebo
1241 3386 1577 3455 :paucisque
1605 3386 1908 3440 doctrinam

339 3475 553 3530 tradere
581 3484 822 3545 satagam
856 3495 868 3530 :
896 3484 1058 3544 atque
1089 3489 1319 3546 utroque
1359 3477 1519 3531 modo
1559 3477 1908 3533 oscitantium

335 3562 644 3616 auditorum
675 3564 860 3619 studia
885 3566 1135 3620 excitabo
1160 3583 1174 3631 ;
1206 3582 1314 3635 quo
1340 3568 1497 3623 facile
1523 3579 1576 3623 et
1602 3569 1806 3639 absque
1830 3570 1910 3623 la-

333 3656 466 3711 bore
485 3656 597 3709 hzcc
625 3657 906 3727 percipere
934 3659 1168 3727 possint,
1195 3659 1369 3729 iisque
1392 3660 1446 3715 in
1472 3663 1730 3715 memoria
1753 3679 1900 3732 repo-

333 3748 475 3810 sitis,
531 3747 739 3802 lucrum
776 3749 901 3804 inde
941 3758 1238 3819 reportent.
1286 3751 1528 3806 Primum
1565 3762 1746 3808 autem
1781 3770 1904 3809 cum

329 3837 642 3892 Gentilibus
659 3854 856 3892 manus
873 3854 1180 3894 conseram.
1201 3839 1334 3894 Nam
1361 3841 1406 3896 si
1432 3842 1632 3896 dixerit
1655 3844 1904 3911 Gcntilis,

335 3928 478 3983 unde
493 3929 843 3986 manifestum
868 3939 952 3986 est
971 3931 1246 3987 Christum
1265 3948 1385 3989 esse
1402 3933 1564 3989 Deum
1584 3935 1743 4006 ?(hoc
1763 3937 1906 3991 enim

330 4028 455 4075 aute
490 4022 672 4074 omnia
707 4023 1046 4091 praestituere
1073 4032 1308 4094 oportet,
1338 4034 1526 4095 utpote
1559 4043 1682 4082 cum
1714 4038 1908 4086 caetera

331 4108 456 4163 inde
484 4111 912 4179 consequantur)
931 4125 1038 4165 non
1064 4128 1091 4162 a
1116 4111 1255 4166 caalo
1281 4113 1800 4172 demonstrationem
1822 4134 1911 4188 pe-

327 4205 523 4262 temus,
555 4211 730 4266 neque
775 4198 842 4252 ab
869 4198 990 4252 aliis
1036 4197 1088 4251 id
1115 4213 1303 4268 genus.
1340 4198 1470 4253 Nam
1508 4201 1554 4255 si
1586 4201 1661 4256 illi
1689 4201 1902 4269 dixero,

323 4287 515 4338 caelum
559 4287 776 4355 creavit,
819 4297 1016 4342 terram
1058 4288 1184 4342 item
1227 4289 1310 4342 vel
1348 4305 1517 4354 mare,
1567 4290 1618 4345 id
1662 4291 1773 4360 ipse
1799 4307 1905 4346 non

325 4378 493 4440 feret;
531 4377 575 4431 si
605 4378 808 4446 dixero,
852 4390 1092 4434 mortuos
1135 4381 1427 4443 suscitavit,
1473 4397 1644 4437 cazcos
1680 4384 1903 4448 curavit,

325 4468 598 4522 daemonas
650 4468 867 4538 fugavit,
910 4486 1085 4540 neque
1131 4470 1236 4525 hoc
1281 4471 1555 4538 admittet;
1601 4474 1645 4527 si
1699 4474 1904 4542 dixero,

326 4575 544 4628 regnum
575 4563 819 4630 promisit
845 4572 898 4618 et
927 4564 1131 4617 occulta
1163 4564 1321 4627 bona,
1355 4565 1398 4618 si
1424 4564 1491 4620 de
1516 4567 1907 4622 resurrectione

327 4650 482 4704 verba
509 4651 712 4716 fecero,
747 4654 846 4707 hoc
876 4669 980 4707 non
1013 4655 1174 4709 modo
1196 4658 1306 4710 'non
1340 4657 1577 4725 recipiet,
1608 4658 1701 4711 sed
1745 4659 1906 4713 etiam

325 4739 536 4797 ridebit.
571 4743 720 4799 Unde
749 4745 926 4814 igitur,
958 4747 1190 4801 maxime
1227 4749 1270 4801 si
1312 4748 1473 4802 idiota
1513 4749 1602 4813 sit,
1643 4749 1788 4803 illum
1819 4751 1903 4804 in-

324 4837 646 4891 stituemus?
673 4836 845 4900 Unde,
881 4839 1115 4909 inquam,
1158 4839 1257 4894 nisi
1285 4856 1348 4895 ex
1383 4841 1466 4904 iis,
1496 4857 1614 4910 qum
1643 4843 1780 4910 apud
1822 4859 1907 4897 me

321 4935 372 4978 et
422 4927 568 4979 illum
618 4928 670 4980 in
729 4928 976 4983 confesso
1019 4939 1163 4994 sunt,
1213 4947 1311 4985 nec
1363 4932 1414 4985 in
1457 4931 1673 4986 dubium
1726 4933 1906 4987 vocari

327 5025 565 5083 possunt.
589 5017 726 5071 Nam
765 5019 807 5071 si
848 5035 1141 5088 supponam
1182 5022 1352 5090 ipsum
1383 5013 1686 5078 condidisse
1715 5023 1906 5078 caelum

323 5116 375 5159 et
399 5106 526 5172 alia,
556 5123 675 5176 qua:
701 5107 830 5173 dixi,
879 5109 928 5163 id
959 5111 1047 5165 ille
1092 5126 1200 5165 non
1242 5111 1393 5167 facile
1419 5113 1620 5168 credet.
1651 5115 1906 5182 Quaenam

323 5199 482 5267 igitur
508 5209 636 5254 sunt
669 5215 752 5267 ea,
786 5217 904 5271 quae
935 5203 1104 5272 ipsum
1134 5203 1325 5260 fecisse
1365 5205 1588 5260 Gentilis
1633 5206 1753 5276 ipse
1779 5207 1908 5262 fate-

327 5301 430 5356 tur,
459 5307 636 5361 neque
679 5307 875 5363 negare
915 5296 1128 5364 potest?
1170 5296 1318 5364 Quod
1364 5295 1782 5352 Christianorum
1811 5314 1906 5368 ge-

325 5398 420 5437 nus
443 5385 560 5453 ipse
583 5383 880 5442 fundaverit
910 5405 923 5440 :
957 5385 1296 5457 nequeenim
1333 5388 1459 5444 illud
1491 5402 1776 5460 negaturus
1803 5402 1906 5459 cst,

323 5476 460 5544 quoi
494 5476 774 5532 universas
800 5493 895 5548 per
915 5479 1100 5534 orbem
1132 5479 1399 5535 Eeclesias
1425 5481 1745 5537 condiderit.
1777 5483 1910 5540 Hinc

321 5567 431 5634 ejus
466 5567 720 5636 potentia:
756 5578 1128 5640 argumentum
1168 5570 1447 5637 ducemus,
1481 5581 1534 5626 et
1567 5573 1910 5629 ostendemus

319 5656 496 5731 ipsum
520 5672 650 5714 vere
693 5658 861 5715 Deum
909 5675 1028 5717 esse
1059 5679 1071 5714 :
1105 5661 1444 5732 dicemusque
1481 5678 1586 5717 non
1630 5678 1750 5718 esse
1794 5666 1909 5734 puri
1939 5705 1945 5715 .

2023 2284 2253 2338 hominis
2303 2292 2506 2339 tantum
2557 2283 2767 2349 orbem,
2817 2293 3036 2351 terram,
3089 2303 3257 2353 mare,
3307 2295 3413 2342 tam
3464 2289 3610 2346 brevi

2020 2385 2256 2444 tempore
2300 2374 2608 2444 pervadere,
2645 2384 2699 2429 et
2737 2375 2805 2430 ad
2842 2391 2928 2430 res
2973 2384 3146 2431 tantas
3185 2393 3445 2443 evocare;
3487 2395 3609 2434 cum

2020 2466 2255 2520 maxime
2299 2474 2406 2520 tam
2454 2465 2699 2520 absurdis
2742 2467 2980 2522 moribus
3014 2469 3210 2523 assueti
3250 2469 3490 2524 homines
3527 2485 3613 2526 es—

2024 2565 2163 2621 sent,
2192 2564 2247 2612 et
2279 2564 2355 2610 tot
2382 2557 2536 2612 malis
2559 2557 2768 2612 irretiti.
2797 2557 2866 2611 Et
2893 2566 3069 2612 tamen
3102 2559 3272 2628 potuit
3300 2560 3388 2614 ille
3420 2559 3610 2614 huma-

2024 2664 2152 2702 num
2184 2663 2354 2719 genus
2381 2648 2448 2703 ab
2489 2647 2572 2702 his
2604 2649 2853 2703 omnibus
2888 2649 3153 2716 liberare;
3199 2665 3306 2704 non
3341 2651 3610 2706 Romanos

2025 2749 2249 2806 tantum,
2288 2741 2384 2796 sed
2405 2741 2595 2796 Persas
2621 2749 2674 2795 et
2700 2756 2859 2796 omne
2884 2741 3238 2797 Barbarorum
3266 2759 3453 2813 genus.
3485 2745 3609 2800 Haec

2023 2847 2186 2900 porro
2212 2829 2336 2885 fecit
2380 2846 2487 2885 non
2538 2831 2701 2886 armis
2745 2847 2892 2898 usus,
2941 2850 3046 2888 non
3076 2836 3396 2904 sumptibus,
3447 2836 3608 2890 nullis

2021 2922 2362 2990 exercitibus,
2394 2937 2500 2976 non
2521 2923 2820 2978 commissis
2846 2925 3065 2994 praeliis,
3093 2925 3187 2979 sed
3215 2925 3474 2996 principio
3518 2943 3610 2996 per

2023 3014 2269 3068 undecim
2321 3013 2488 3080 viros,
2553 3013 2833 3083 ignobiles,
2891 3015 3038 3080 viles,
3104 3017 3336 3085 ignaros,
3381 3017 3601 3082 idiotas,

2021 3119 2306 3176 pauperes,
2337 3105 2531 3169 nudos,
2559 3105 2809 3169 inermes,
2859 3106 3054 3160 calceis
3087 3117 3352 3174 carentes,
3395 3123 3498 3162 una
3529 3118 3611 3162 tu-

2023 3198 2139 3251 nica
2171 3205 2362 3252 tectos.
2402 3196 2538 3262 Quid
2577 3196 2718 3261 dico,
2764 3196 2930 3250 fecit?
2960 3197 3290 3252 Persuadere
3322 3200 3492 3269 potuit
3532 3207 3609 3254 tot

2022 3287 2298 3343 hominum
2333 3287 2598 3357 gentibus,
2645 3297 2704 3341 ut
2746 3303 2852 3342 non
2887 3288 2954 3343 de
2983 3290 3334 3358 prtescntibus
3381 3299 3604 3355 tantum,

2022 3378 2117 3433 sed
2150 3379 2307 3433 etiam
2336 3378 2403 3432 de
2445 3377 2632 3432 futuris
2660 3378 3183 3448 philosopharentur,
3221 3390 3382 3450 utque
3412 3383 3608 3451 patrias

2022 3468 2164 3538 leges
2212 3470 2525 3535 evellerent,
2585 3479 2899 3540 veteresque
2945 3486 3124 3526 mores
3175 3481 3322 3526 tanto
3371 3484 3608 3542 tempore

2021 3562 2286 3616 radicatos
2320 3561 2552 3630 ’penitus
2606 3561 2873 3628 tollerent,
2916 3563 3156 3631 aliosque
3203 3565 3604 3632 substituerent,

2021 3653 2110 3723 qui
2151 3653 2217 3707 ab
2258 3653 2485 3708 assuetis
2511 3661 2564 3708 et
2607 3652 2850 3709 facilibus
2889 3653 2954 3708 ad
2984 3654 3282 3710 difficiliora
3328 3657 3444 3725 ejus
3471 3672 3609 3726 pra:-

2022 3754 2174 3813 cepta
2201 3742 2558 3798 traducerent.
2590 3743 2715 3797 Haec
2738 3759 2868 3798 vero
2899 3739 3073 3800 facere
3117 3745 3306 3815 potuit,
3347 3747 3472 3800 dum
3512 3761 3608 3816 op-

2020 3843 2342 3905 pugnaretur
2359 3834 2426 3888 ab
2446 3834 2692 3888 omnibus
2716 3851 2730 3888 :
2758 3849 3078 3904 crucemque
3107 3836 3376 3902 sustinuit,
3409 3837 3605 3893 infame

2018 3926 2352 3995 supplicium,
2399 3941 2462 3980 ac
2505 3934 2734 3980 mortem
2783 3926 3368 3994 ignominiosissimam.
3417 3927 3600 3998 Neque

2017 4018 2159 4072 enim
2186 4017 2454 4086 negabunt
2482 4017 2654 4085 ipsum
2680 4031 2708 4068 a
2735 4016 2935 4072 Judaeis
2961 4017 3270 4071 crucifixum
3299 4019 3606 4073 innumera-

2015 4124 2118 4178 que
2141 4107 2208 4162 ab
2239 4108 2343 4162 illis
2371 4122 2584 4176 passum
2626 4122 2765 4169 esse,
2799 4117 2852 4161 et
2880 4117 3052 4162 tamen
3083 4108 3319 4177 quotidie
3347 4110 3604 4178 praedica-

2017 4198 2215 4252 tionem
2255 4211 2564 4252 accrescere
2597 4197 2877 4267 :quodque
2909 4197 3218 4251 incredibile
3245 4197 3508 4263 videatur,
3539 4215 3602 4255 ea

2015 4304 2123 4343 non
2149 4289 2237 4343 hic
2265 4299 2490 4353 tantum,
2524 4289 2614 4343 sed
2642 4299 2695 4342 et
2718 4289 2854 4358 apud
2885 4290 3073 4343 Persas
3091 4288 3266 4356 ﬂoret,
3291 4291 3502 4346 etiamsi
3530 4293 3601 4348 ab

2015 4380 2121 4434 illis
2143 4388 2498 4450 oppugnetur.

2085 4471 2154 4526 In
2197 4471 2408 4526 Perside
2451 4471 2705 4542 Martyres
2752 4471 3245 4528 multi.—Etenim
3295 4473 3434 4544 apud
3481 4474 3602 4529 illos

2015 4576 2224 4631 quoque
2245 4569 2539 4631 martyrum
2565 4562 2807 4615 examina
2837 4561 3005 4616 multa
3036 4580 3049 4616 :
3074 4571 3128 4617 et
3153 4572 3328 4618 tamen
3355 4565 3443 4635 qui
3475 4565 3600 4634 ipsis

2015 4655 2153 4722 lupis
2180 4653 2473 4708 ferociores
2513 4663 2687 4720 erant,
2721 4664 2936 4724 accepta
2975 4655 3371 4724 praedicatione,
3414 4657 3602 4710 ovibus

2017 4743 2408 4798 mansuetiores
2449 4758 2670 4798 evasere
2705 4763 2718 4798 :
2736 4743 2953 4813 jamque
2991 4744 3058 4799 de
3090 4744 3504 4810 immortalitate,
3535 4744 3604 4800 de

2014 4835 2410 4890 resurrectione
2431 4835 2570 4890 etde
2593 4836 2946 4890 ineti‘abilibus
2970 4836 3121 4891 bonis
3142 4836 3598 4907 phil050phantur.

2084 4927 2139 4980 2.
2180 4927 2435 4983 Christum
2464 4927 2625 4983 Deum
2658 4938 2704 4983 et
2734 4929 2987 4984 hominem
3013 4933 3239 5000 futurum
3267 4947 3373 4984 esse
3412 4930 3602 5000 prwdi-

2014 5031 2148 5077 ctum
2169 5031 2259 5076 est.
2285 5051 2357 5062 —-—
2382 5022 2497 5077 Non
2528 5023 2580 5076 in
2608 5023 2827 5078 urbibus
2851 5030 3077 5090 tantum,
3114 5022 3208 5077 sed
3237 5023 3395 5076 etiam
3423 5023 3475 5076 iu
3503 5023 3600 5076 de-
3689 5045 3692 5064 =

2017 5120 2163 5168 serto
2206 5112 2323 5167 hrcc
2352 5113 2606 5182 praeclare
2641 5122 2790 5183 gesta
2822 5113 3026 5179 videas,
3061 5114 3111 5167 in
3141 5113 3293 5178 vicis,
3344 5112 3396 5166 in
3439 5112 3599 5181 agris,

2017 5207 2068 5260 in
2099 5205 2309 5272 insulis,
2341 5206 2392 5259 in
2424 5207 2678 5276 portubus
2701 5215 2754 5260 et
2780 5205 3057 5260 navalibus
3089 5223 3103 5260 :
3137 5220 3240 5259 non
3270 5204 3468 5270 idiotxe,
3496 5218 3599 5259 non

2019 5298 2288 5368 principes
2330 5305 2556 5364 tantum,
2606 5298 2701 5352 sed
2743 5298 2820 5352 illi
2864 5297 2964 5367 ipsi
3007 5298 3095 5366 qui
3133 5297 3432 5352 diademate
3470 5296 3601 5351 redi-

2018 5391 2272 5455 miuntur,
2299 5391 2552 5445 crucifixo
2574 5406 2762 5460 magna
2789 5406 2908 5445 cum
2936 5390 3038 5445 fide
3062 5391 3259 5444 subditi
3283 5400 3427 5445 sunt.
3452 5391 3600 5458 Quod

2017 5493 2193 5536 autem
2216 5481 2330 5536 hrec
2354 5497 2458 5535 non
2485 5491 2686 5535 temere
2714 5481 3052 5551 contigerint,
3079 5481 3173 5535 sed
3195 5481 3284 5535 diu
3314 5491 3438 5536 ante
3464 5496 3600 5552 pra:-

2016 5573 2157 5630 dicta
2187 5574 2313 5640 sint,
2333 5573 2442 5642 jam
2465 5573 2835 5628 demonstrare
2865 5574 3120 5628 conabor.
3151 5575 3263 5628 lmo
3284 5589 3430 5638 vero,
3451 5583 3510 5629 ut
3537 5588 3608 5628 ne

2016 5681 2194 5723 sermo
2223 5674 2403 5720 noster
2429 5673 2706 5736 suspectus
2738 5665 2825 5732 sit,
2857 5680 3036 5736 opera:
3064 5665 3290 5736 pretium
3313 5666 3413 5722 erit
3438 5665 3601 5723 libros
