4062 6166
438 454 544 510 815

442 582 770 646 indecorum,
793 577 880 647 qui
911 577 1083 645 ipsum
1109 570 1506 633 cruciﬁxeruut,
1537 566 1590 620 in
1636 563 1869 619 medium
1896 575 2019 630 pro-

447 672 602 736 ferre,
630 669 971 739 ipsorumque
993 661 1289 719 testimonia
1310 676 1375 714 ex
1394 657 1700 727 Scripturis,
1721 669 1838 724 qua:
1855 664 2019 722 penes

444 779 539 818 cos
584 771 946 823 asservantur,
984 764 1241 825 excerpta
1288 756 1387 809 sub
1427 751 1819 807 incredulorum
1857 747 2027 804 oculis

446 866 776 923 percurrere.
803 848 954 918 Quod
985 848 1142 917 igitur
1164 845 1308 900 Deus
1329 844 1487 898 homo
1513 843 1719 906 futurus
1740 841 1827 904 sit,
1855 839 2027 893 Deus-

448 957 556 1012 que
601 955 902 1005 mansurus,
934 937 1138 1007 primus
1179 936 1417 990 omnimn
1447 933 1577 987 dicit
1600 932 1858 987 Jercmias
1885 946 1901 981 :
1929 928 2030 983 Hic

449 1032 585 1086 Deus
623 1041 807 1096 noster,
840 1045 942 1083 non
990 1027 1303 1099 reputabitur
1340 1026 1471 1078 alius
1513 1023 1581 1077 ad
1609 1023 1773 1077 illum.
1822 1018 2034 1073 Invenit

448 1138 645 1177 onmem
665 1121 796 1174 viam
820 1119 1065 1182 scientiae,
1088 1127 1134 1172 et
1157 1116 1293 1172 dedit
1313 1116 1455 1189 illam
1475 1113 1635 1168 Iacob
1664 1129 1821 1183 puero
1845 1127 1959 1176 suo,
1987 1119 2036 1166 et

455 1209 622 1265 Israel
647 1210 827 1264 dilecto
855 1225 965 1263 suo.
1007 1207 1132 1262 Post
1163 1207 1269 1261 haec
1296 1207 1348 1258 in
1376 1215 1508 1259 terra
1537 1205 1672 1258 visus
1715 1212 1808 1268 est,
1843 1210 1889 1256 et
1918 1217 2034 1255 cum

454 1300 736 1355 hominibus
780 1308 1100 1354 conversatus
1142 1307 1215 1351 est
1256 1295 1465 1368 (Baruc.
1521 1296 1575 1350 5.
1620 1293 1829 1361 36-58).
1878 1292 2034 1346 Vides

456 1392 720 1464 quomodo
743 1392 921 1446 omnia
949 1391 1130 1461 paucis
1151 1389 1329 1444 verbis
1350 1389 1657 1454 declaravit,
1682 1402 1871 1456 nempe
1890 1385 2033 1456 quod

460 1482 598 1537 Deus
623 1482 913 1547 exsistens,
943 1479 1104 1537 homo
1142 1478 1315 1534 factus
1360 1479 1454 1544 sit,
1490 1486 1545 1533 et
1580 1493 1701 1532 cum
1734 1476 2038 1531 hominibus

459 1582 801 1627 conversatus
843 1573 950 1637 sit;
977 1581 1031 1626 et
1057 1570 1200 1641 quod
1233 1582 1469 1625 veterem
1501 1569 1673 1638 legem
1712 1567 1828 1637 ipse
1860 1565 2038 1621 condi-

464 1662 641 1717 derit?
665 1661 795 1716 Nam
827 1660 1046 1725 Invenit,
1091 1661 1280 1730 inquit,
1313 1676 1511 1714 omnem
1548 1660 1679 1712 viam
1719 1659 1959 1723 scientia,
1990 1665 2038 1711 et

450 1750 596 1805 dedit
628 1751 769 1805 illam
796 1750 958 1805 Jacob
985 1766 1139 1820 puero
1169 1767 1281 1815 suo,
1310 1759 1357 1804 et
1387 1748 1552 1804 Israel
1579 1748 1760 1802 dilecto
1801 1765 1911 1802 suo.
1942 1747 2040 1801 ilic

458 1842 653 1913 quippe
678 1841 852 1908 docet,
877 1842 1035 1896 etiam
1065 1850 1189 1895 ante
1214 1839 1637 1895 lncarnationem
1661 1840 1835 1908 ipsum
1860 1839 2039 1893 omnia

460 1933 822 2004 dispensasse,
855 1934 1138 2004 omniaque
1167 1931 1379 1998 fecisse,
1410 1932 1582 2003 legem
1619 1932 1887 1996 statuisse,
1916 1944 2041 2000 pro-

461 2023 675 2089 vidisse,
705 2038 942 2090 curasse,
983 2022 1332 2078 benefecisse.
1378 2022 1530 2077 Alius
1567 2022 1756 2077 iterum
1785 2019 2066 2089 propheta-

462 2112 727 2183 quomodo
757 2113 900 2168 dicat
929 2113 1100 2182 ipsum
1144 2127 1251 2167 non
1282 2111 1443 2166 modo
1483 2112 1751 2167 hominem
1782 2109 2039 2176 futurum,

463 2202 559 2258 sed
590 2204 748 2257 etiam
793 2217 861 2257 ex
897 2202 1114 2272 Virgine
1160 2202 1506 2268 nasciturum,
1544 2201 1703 2256 audi:
1732 2200 1866 2255 Ecce
1904 2201 2044 2272 virgo

463 2294 516 2346 in
549 2302 692 2346 utero
735 2292 951 2360 habebit,
997 2302 1042 2346 et
1084 2293 1247 2361 pariet
1272 2291 1455 2360 ﬁlium,
1495 2301 1541 2346 et
1579 2291 1826 2344 vocabunt
1863 2307 2046 2352 nomen

465 2382 574 2452 ejus
602 2379 906 2434 Emmanuel
949 2379 1127 2452 (Hes.
1166 2376 1215 2431 7.
1249 2377 1376 2448 i4).
1413 2377 1570 2444 Quod
1608 2377 2045 2450 interpretantur,

473 2471 754 2527 Nobiscum
795 2470 953 2526 Deus.
981 2469 1183 2527 Deinde
1216 2469 1526 2537 ostendens,
1557 2485 1665 2547 non
1706 2479 2046 2541 apparenter,
2116 2488 2131 2495 ·

466 2567 561 2622 sed
577 2580 703 2621 vere
715 2564 984 2620 hominem
1002 2579 1144 2632 esse,
1162 2561 1363 2619 addidit
1377 2602 1393 2631 ,
1410 2559 1682 2634 [Butyrum
1693 2572 1738 2614 et
1762 2560 1861 2616 mel
1886 2578 2052 2616 come-

467 2659 569 2714 det.
605 2658 719 2714 Mos
742 2667 824 2714 est
851 2657 1091 2723 enim,ut
1125 2656 1208 2711 his
1239 2655 1372 2710 cibis
1403 2654 1734 2723 peculiariter
1769 2662 2054 2723 pascantur

469 2747 619 2818 pueri
638 2763 755 2802 mox
776 2755 833 2800 ut
849 2746 957 2800 nati
971 2745 1179 2800 fuerint.
1213 2742 1282 2799 Et
1305 2744 1601 2810 declarans,
1618 2742 1876 2814 quodnon
1892 2759 2054 2814 purus

471 2841 655 2909 homo,
680 2841 871 2895 iterum
901 2838 1049 2894 addit
1066 2834 1314 2910 dicens‘]
1334 2855 1347 2889 :
1373 2834 1591 2908 Propter
1609 2835 1742 2906 quod
1762 2835 2055 2907 priusquam

467 2931 595 2986 sciat
612 2947 736 3001 puer
748 2944 926 2984 vocare
940 2937 1134 3001 patrem
1154 2928 1339 2982 bonum
1352 2927 1427 2981 vel
1442 2927 1630 2980 malum
1650 2969 1664 2991 ,
1684 2943 1784 2979 non
1804 2928 2056 2995 obtempe-

412 3087 421 3096 _
469 3029 549 3074 rat
600 3020 844 3087 malitiae,
884 3027 940 3073 ut
986 3017 1140 3090 eligat
1190 3016 1373 3072 bonum
1414 3016 1615 3087 (Hesai.
1660 3017 1713 3072 7.
1754 3015 1862 3088 l6).
1902 3016 2056 3084 Quod

469 3119 647 3165 autem
685 3123 790 3165 non
818 3118 1017 3165 tantum
1040 3108 1200 3165 homo
1226 3117 1280 3164 el;
1308 3125 1375 3165 ex
1404 3109 1638 3180 virgine,
1667 3108 1760 3164 sed
1800 3110 1959 3163 etiam
1990 3124 2056 3185 ex

471 3203 632 3259 domo
671 3201 834 3257 David
872 3200 1080 3256 futurus
1122 3206 1287 3266 esset,
1328 3199 1452 3255 audi
1480 3200 1748 3270 quomodo
1791 3198 1880 3254 diu
1926 3207 2053 3253 ante

474 3294 779 3363 praedixerit
818 3292 1059 3357 llesaias,
1086 3294 1178 3362 qui
1220 3290 1402 3361 ﬁguris
1447 3290 1573 3346 licet
1618 3305 1748 3347 usus
1785 3298 1840 3346 ct
1885 3300 2057 3345 meta-

474 3386 660 3456 phora,
712 3386 950 3457 praedicit
988 3392 1166 3439 tamen
1200 3401 1214 3438 :
1251 3382 1556 3454 Egredietur
1597 3383 1739 3454 virga
1783 3384 1846 3437 de
1889 3383 2061 3436 radice

473 3477 656 3544 Jessce,
688 3487 735 3531 et
760 3478 855 3547 flos
882 3477 944 3530 de
982 3475 1153 3530 radice
1177 3475 1284 3547 ejus
1321 3474 1572 3539 ascendet,
1596 3484 1642 3529 et
1670 3474 1941 3545 requiescet
1967 3491 2061 3529 su-

476 3584 567 3639 per
585 3583 696 3622 eum
718 3567 926 3635 spiritus
944 3563 1167 3632 Domini,
1189 3565 1395 3636 spiritus
1413 3565 1673 3632 sapientia:
1691 3575 1739 3619 et
1758 3564 2058 3631 intellectus,

485 3660 694 3729 spiritus
723 3658 918 3712 consilii
947 3666 995 3710 et
1034 3657 1362 3728 fortitudinis,
1395 3656 1601 3725 spiritus
1636 3657 1858 3711 scientiae
1882 3666 1929 3711 et
1950 3657 2061 3727 pie-

479 3752 595 3804 tatis
615 3791 630 3812 ,
661 3747 868 3819 spiritus
899 3747 1091 3802 timoris
1113 3745 1213 3801 Dei
1236 3747 1443 3817 replebil
1476 3747 1621 3800 illum
1654 3745 1853 3818 (Hesai.
1888 3732 1975 3802 11.
2004 3747 2064 3802 1-

487 3840 567 3911 5).
597 3839 695 3894 llic
718 3838 861 3894 enim
899 3838 1065 3893 Jessae
1109 3847 1261 3908 pater
1290 3838 1386 3892 fuit
1410 3835 1644 3904 Davidis,
1682 3838 1804 3908 quia
1858 3853 1925 3893 ex
1975 3837 2063 3892 illa

480 3932 618 3988 tribu
653 3941 768 3987 erat
797 3948 810 3986 :
836 3946 937 3987 nec
979 3929 1152 3985 solum
1197 3946 1268 3985 ex
1316 3930 1405 3985 illa
1452 3929 1612 3995 tribu,
1660 3928 1753 3985 sed
1798 3931 1957 3986 etiam
1998 3945 2066 3986 ex

480 4025 641 4080 domo
666 4022 831 4079 Jc'ssa:
868 4022 1137 4093 prodibit:
1171 4020 1222 4076 id
1260 4036 1390 4078 vero
1417 4020 1792 4093 prmuunliavit
1832 4021 1916 4076 his
1939 4037 2065 4076 ver-

487 4118 609 4173 bis:
639 4113 940 4187 Egredietur
973 4115 1113 4187 virga
1138 4113 1200 4167 de
1246 4112 1419 4168 radice
1439 4110 1620 4178 lesste,
1664 4128 1768 4166 non
1815 4112 1884 4168 de
1920 4113 2068 4183 virga

481 4207 797 4279 simpliciter
838 4197 1083 4277 loquens,
1139 4205 1232 4260 sed
1274 4207 1342 4260 de
1395 4205 1486 4260 illo
1506 4212 1560 4259 et
1600 4203 1667 4260 de
1716 4219 1882 4274 regno
1929 4203 2065 4274 ejus.

483 4296 639 4368 Quod
659 4308 835 4354 autem
867 4313 973 4353 non
994 4296 1063 4353 dc
1090 4297 1235 4365 virga
1268 4296 1381 4351 haec
1400 4296 1618 4360 dixerit,
1645 4295 1698 4350 in
1728 4297 2069 4366 sequentibus

483 4389 720 4445 declarat
749 4396 768 4445 τ’
793 4399 1073 4459 postquam
1103 4388 1244 4444 enim
1285 4387 1492 4442 dixerat
1533 4387 1745 4459 virgam,
1776 4386 2067 4456 subjunxit,

485 4483 556 4538 Et
575 4484 845 4553 requiescet
870 4499 1023 4551 super
1045 4498 1157 4536 eum
1191 4481 1396 4551 spiritus
1422 4480 1683 4550 sapientia:
1709 4489 1754 4534 et
1769 4480 2069 4535 intellectus.

485 4571 656 4629 Nemo
677 4559 840 4639 euiiu,
863 4571 966 4626 etsi
986 4571 1269 4626 admodum
1288 4569 1541 4640 insipiens
1558 4570 1646 4635 sit,
1673 4568 1894 4637 dixerit,
1917 4569 2075 4641 spiri-

488 4674 576 4723 tus
602 4664 827 4736 gratiam
856 4679 1017 4734 super
1055 4664 1254 4733 lignum
1279 4661 1558 4717 advenisse
1585 4680 1599 4717 :
1622 4663 1717 4716 sed
1761 4662 1936 4732 palam
1966 4667 2071 4726 est,

487 4771 650 4828 super
678 4755 933 4825 templum
966 4754 1091 4808 illud
1128 4753 1523 4808 immaculatum
1548 4752 1777 4807 venisse.
1815 4751 1938 4806 Ideo
1966 4766 2074 4805 non

489 4846 645 4910 dixit,
666 4848 846 4911 veniet,
876 4844 970 4900 sed
999 4847 1310 4914 requiescet:
1333 4843 1582 4913 quoniam
1610 4853 1888 4913 postquam
1908 4842 2073 4908 venit,

491 4938 567 4994 ibi
602 4937 816 5002 mansit,
861 4951 962 4990 nec
1002 4933 1265 4989 discessit.
1293 4933 1446 5001 Quod
1471 4934 1702 4993 Joannes
1739 4931 2075 5002 Evangelista

490 5030 729 5085 declarat
768 5028 853 5082 his
882 5027 1056 5082 verbis
1086 5024 1236 5097 :Ego
1279 5024 1383 5078 vidi
1411 5022 1669 5094 Spiritum
1700 5023 2078 5078 descendentem

493 5125 618 5179 sicut
644 5120 948 5186 columbam,
980 5127 1026 5173 et
1060 5127 1340 5171 manentem
1367 5131 1518 5191 super
1542 5132 1654 5169 eum
1675 5113 1854 5185 (Joan.
1880 5116 1932 5170 l.
1960 5114 2075 5188 '52).

492 5213 676 5283 Neque
709 5200 922 5265 silentio
952 5206 1405 5278 praetermiserunt
1442 5204 1755 5260 sententiam
1780 5205 2074 5272 Iudaicam,

493 5317 654 5376 quam
693 5302 768 5361 illi
804 5299 1160 5355 exhibuerunt
1198 5297 1316 5367 ipso
1355 5302 1479 5351 nato
1504 5312 1519 5351 :
1541 5311 1663 5350 nam
1698 5295 1974 5352 Matthaaus
2003 5297 2082 5352 sic

495 5395 728 5465 loquitur
751 5408 766 5446 :
793 5390 1013 5446 Audiens
1037 5398 1203 5443 autem
1228 5387 1453 5443 Herodes
1475 5389 1702 5443 turbatus
1728 5397 1820 5455 est,
1850 5398 1896 5443 et
1920 5387 2082 5442 omnis

483 5478 817 5555 [Jerosolyma
858 5497 973 5535 cum
1014 5481 1103 5534 illo
1134 5479 1344 5551 (Matth.
1376 5479 1433 5534 2.
1476 5480 1556 5549 3).
1584 5479 1827 5535 Hesaiam
1872 5494 2082 5551 quoque

502 5573 647 5643 audi,
679 5574 767 5645 qui
806 5571 859 5627 id
888 5572 977 5628 diu
1007 5580 1129 5627 ante
1170 5572 1542 5643 prmuuntiavit
1568 5590 1582 5626 :
1614 5570 1845 5642 Cupient,
1888 5574 1932 5626 si
1955 5572 2081 5643 ﬁant

565 5770 585 5801 ι
609 5776 724 5827 Qua:
744 5768 933 5829 uncinis
953 5767 1337 5829 hiciclauduntur
1358 5779 1454 5815 non
1477 5766 1706 5829 leguntur
1729 5767 1777 5814 iu
1801 5774 1937 5815 textu
1959 5774 2086 5815 Grae-

422 5866 437 5875 .
504 5842 581 5888 eo,
602 5840 767 5891 neque
789 5827 915 5888 apud
933 5828 1186 5885 savihmn;
1207 5828 1295 5877 sed
1326 5827 1550 5891 videntur
1577 5827 1635 5875 ad
1659 5829 1839 5876 seriem
1860 5830 2087 5879 orationis

502 5889 777 5960 pertinere,
793 5897 941 5952 atque
960 5900 990 5938 a
1021 5891 1180 5939 veteri
1203 5895 1475 5952 tuterprete
1504 5889 1629 5938 lenta
1650 5898 1781 5939 sunt.

1185 454 1243 509 s.
1281 448 1554 508 somnus
1576 440 2045 505 CIIRYSOSTOMI
2085 405 2402 496 institue.
2443 440 2973 498 consumma.

3601 441 3701 496 816

2129 557 2245 627 igne
2268 558 2510 611 combusti
2533 575 2552 612 :
2577 560 2693 628 quia
2717 576 2842 630 puer
2868 568 3016 614 natus
3043 567 3115 614 cst
3141 559 3302 625 nobis,
3324 569 3372 615 et
3396 560 3533 629 ﬁlius
3554 559 3700 619 datus

2131 658 2203 702 est
2231 648 2389 714 nobis,
2432 658 2478 702 et
2510 659 2715 704 vocatur
2742 667 2922 704 nomen
2958 651 3086 721 ejus,
3119 651 3290 721 magni
3317 651 3513 705 consilii
3537 652 3699 723 Ange-

2133 743 2230 810 lus,
2258 744 2570 799 admirabilis
2597 744 2935 809 consiliarius,
2975 743 3114 798 Dcus
3139 744 3305 813 fortis,
3336 754 3531 812 potens,
3561 746 3703 813 prin-

2133 850 2249 904 ceps
2274 837 2431 905 pacis,
2463 844 2606 904 pater
2634 835 2793 903 futuri
2827 835 2998 889 steculi
3024 834 3171 904 (IIes.
3214 834 3267 889 9.
3300 835 3354 890 5.
3395 835 3473 906 6).
3502 836 3612 890 Hoc
3639 837 3707 891 dc

2136 941 2268 995 puro
2297 925 2512 982 homine
2536 926 2639 980 dici
2661 942 2766 981 non
2787 941 2943 998 posse
2967 928 3143 997 palam
3172 936 3258 982 est
3285 928 3365 982 vel
3396 927 3478 993 iis,
3507 929 3595 998 qui
3615 929 3708 982 ad-

2135 1018 2352 1074 modum
2381 1019 2697 1074 coutentiosi
2739 1029 2880 1073 sunt.
2912 1018 3101 1075 Nullus
3134 1020 3327 1090 quippe
3356 1020 3515 1074 homo
3551 1036 3581 1073 a
3610 1036 3709 1076 ste-

2133 1113 2258 1167 culo
2304 1112 2444 1168 Deus
2469 1112 2621 1167 fortis
2660 1121 2880 1168 vocatus
2917 1124 3020 1177 est,
3066 1122 3125 1167 ut
3165 1128 3337 1183 neque
3380 1121 3540 1167 tautre
3565 1114 3710 1183 pacis

2135 1204 2419 1273 princeps:
2449 1219 2572 1259 nam
2613 1203 2766 1257 Pacis
2803 1206 2931 1272 eius,
2980 1204 3168 1274 inquit,
3218 1222 3321 1258 non
3361 1214 3433 1258 est
3474 1205 3712 1258 terminus

2141 1289 2245 1364 (Ib.
2287 1310 2337 1347 υ.
2377 1293 2456 1364 7).
2506 1293 2563 1348 ld
2601 1293 2837 1349 declarat
2878 1309 3056 1349 rerum
3094 1304 3333 1363 eventus,
3378 1297 3500 1364 quia
3547 1304 3708 1350 totam

2137 1384 2368 1453 pervasit
2398 1392 2613 1449 terram,
2641 1385 2943 1439 universum
2971 1400 3137 1453 mare,
3174 1387 3465 1456 orbemque
3504 1388 3712 1443 habita-

2138 1476 2318 1540 bilem,
2342 1484 2570 1544 montes,
2595 1476 2779 1541 saltus,
2802 1475 2988 1543 colles,
3005 1492 3035 1529 a
3062 1476 3147 1531 die
3168 1478 3278 1545 illa,
3295 1493 3325 1532 a
3352 1494 3453 1549 qua
3473 1478 3715 1535 Christus

2140 1568 2398 1638 incipiens
2442 1568 2496 1624 in
2545 1570 2733 1623 caelum
2771 1584 3088 1624 ascensurus
3117 1569 3290 1624 dixit:
3322 1570 3509 1625 Pacem
3552 1589 3717 1626 meam

2140 1660 2206 1713 do
2244 1660 2379 1714 vobis
2406 1677 2426 1714 :
2453 1676 2556 1714 non
2599 1660 2727 1714 sicut
2774 1661 2993 1715 mundus
3035 1660 3123 1714 dat
3165 1661 3231 1714 do
3258 1661 3393 1716 vobis
3420 1661 3595 1733 (Joan.
3626 1665 3716 1718 14.

2141 1750 2258 1821 27).
2304 1751 2413 1805 Cur
2455 1751 2527 1805 ita
2572 1751 2819 1821 loquutus
2859 1762 2943 1809 est
2983 1752 3259 1807 Christus?
3299 1753 3433 1819 Quia
3469 1754 3718 1809 nimirum

2142 1856 2245 1912 pax
2275 1842 2548 1898 hominum
2579 1843 2734 1899 facile
2775 1845 3016 1911 solvitur,
3063 1844 3338 1915 variasque
3375 1844 3535 1906 habet
3557 1845 3719 1901 vicis-

2143 1934 2401 1989 situdines
2429 1953 2443 1989 :
2473 1950 2575 2004 pax
2614 1944 2790 1991 autem
2833 1935 2967 2004 ejus,
3003 1936 3179 2002 ﬁrma,
3208 1936 3448 2004 immota,
3491 1935 3719 1999 stabilis,

2147 2024 2418 2093 diuturna,
2447 2025 2783 2092 immortalis,
2830 2026 2988 2081 ﬁnem
3020 2041 3125 2080 non
3164 2026 3386 2093 habens,
3409 2026 3539 2084 licet
3570 2027 3723 2081 innu-

2147 2131 2290 2171 mera
2319 2116 2458 2171 bella
2481 2116 2713 2186 undique
2739 2126 3069 2183 moveantur,
3097 2133 3161 2173 ac
3196 2118 3344 2174 mille
3368 2118 3604 2188 quotidie
3629 2134 3720 2188 pa-

2145 2218 2332 2265 rentur
2360 2210 2586 2265 insidiae.
2618 2209 2814 2264 Verum
2846 2211 2988 2266 illius
3008 2225 3205 2277 sermo,
3235 2212 3326 2282 qui
3354 2211 3534 2266 omnia
3562 2210 3724 2282 perﬁ-

2146 2302 2241 2369 cit,
2274 2300 2375 2356 hoc
2399 2316 2520 2357 cum
2548 2303 2754 2357 caeteris
2779 2303 2977 2360 eﬂ‘ecit.
3575 2350 3585 2371 κ

2220 2394 2276 2448 '5.
2308 2392 2519 2448 Modum
2546 2395 2694 2449 etiam
2719 2394 2959 2449 adventus
2983 2394 3322 2466 prwdixerunt
3347 2394 3725 2465 Prophetas.—

2149 2483 2266 2538 Non
2297 2484 2467 2539 solum
2494 2493 2671 2539 autem
2692 2485 2837 2539 illum
2865 2485 3134 2539 hominem
3161 2485 3416 2552 futurum,
3442 2485 3536 2539 scd
3564 2487 3724 2540 etiam

2154 2574 2369 2631 modum
2409 2574 2668 2631 adventus
2694 2575 2809 2646 ejus
2834 2575 3213 2645 prtcdixerunt.
3258 2575 3389 2644 Quia
3435 2577 3579 2631 enim
3605 2592 3731 2631 ven-

2156 2674 2305 2722 turus
2324 2674 2459 2734 erat,
2476 2682 2583 2722 non
2605 2668 2859 2733 tonitrua,
2882 2682 2987 2721 non
3009 2667 3224 2721 fulmina
3244 2682 3473 2737 superne
3494 2667 3731 2732 mittens,

2156 2772 2261 2811 non
2288 2757 2530 2827 quatiens
2569 2766 2766 2813 terram
2789 2798 2805 2823 ,
2852 2773 2957 2812 non
3004 2772 3348 2814 commovens
3374 2757 3595 2822 caelum,
3626 2772 3731 2812 non

2157 2857 2400 2919 portenta
2421 2849 2711 2915 exhibens;
2739 2849 2832 2905 sed
2856 2850 2971 2906 sine
2994 2851 3215 2920 strepitu
3247 2851 3494 2920 nulloque
3516 2851 3734 2905 conscio

2155 2941 2210 2995 in
2242 2940 2402 2995 domo
2445 2940 2578 2996 fabri
2620 2942 2919 2997 nasciturus
2962 2951 3097 3007 erat,
3150 2942 3200 2995 in
3242 2941 3402 2997 domo
3431 2942 3649 3013 ignobili
3671 2957 3735 2996 ac

2155 3031 2269 3098 vili,
2295 3031 2419 3087 audi
2447 3024 2713 3103 quomodo
2738 3048 2914 3103 neque
2942 3032 3045 3087 hoc
3066 3032 3285 3088 tacuerit
3306 3032 3469 3087 David
3488 3032 3738 3089 :Descen-

2165 3124 2274 3191 det,
2302 3125 2499 3198 inquit.
2517 3127 2656 3180 sicut
2675 3125 2853 3194 pluvia
2874 3125 2932 3179 in
2954 3124 3116 3178 vellus
3130 3123 3360 3193 (Psalm.
3388 3121 3474 3177 7t.
3495 3122 3574 3191 6),
3596 3128 3748 3174 tran-

2164 3214 2495 3288 quillitatem
2514 3224 2568 3270 et
2588 3214 2825 3285 quietem
2850 3211 3304 3284 signiﬁcans.Neq
3314 3226 3379 3265 ue
3392 3209 3495 3264 hoc
3508 3216 3744 3273 tantum;

2160 3306 2257 3362 sed
2282 3308 2443 3363 etiam
2469 3321 2628 3376 quam
2655 3314 2933 3362 mansuete
2958 3314 3013 3361 et
3031 3306 3265 3361 suaviter
3286 3319 3405 3360 cum
3435 3304 3741 3359 hominibus

2161 3407 2572 3454 conversaturus
2611 3407 2786 3466 esset,
2836 3398 2971 3453 alius
3012 3397 3273 3468 propheta
3310 3396 3582 3453 declarans
3618 3395 3743 3450 vide

2162 3487 2286 3558 quid
2319 3487 2476 3543 dicat.
2518 3488 2650 3542 Nam
2679 3489 2800 3558 quia
2826 3503 2948 3544 cum
2977 3488 3314 3543 contumeliis
3337 3529 3353 3554 ,
3393 3487 3579 3557 sputis,
3609 3501 3743 3541 con-

2164 3580 2310 3634 viciis
2331 3579 2649 3647 afﬁceretur,
2678 3579 3107 3646 inhonorarctur,
3131 3579 3509 3651 ﬁagellaretur,
3530 3590 3742 3651 postre-

2164 3688 2359 3743 moque
2386 3673 2818 3743 cruciﬁgeretur,
2865 3673 3069 3727 nullum
3110 3673 3249 3727 ultus
3280 3682 3363 3728 est
3391 3674 3516 3727 talia
3546 3672 3744 3728 facien-

2166 3772 2295 3829 tem,
2319 3764 2411 3818 sed
2434 3764 2611 3818 omnia
2640 3763 2901 3832 patienter
2931 3764 3063 3828 tulit,
3096 3763 3466 3830 contumelias,
3493 3763 3709 3819 insidias
3727 3805 3743 3828 ,

2168 3853 2424 3908 insaniam
2451 3863 2506 3909 ct
2537 3855 2894 3924 importunum
2924 3853 3091 3924 plebis
3131 3855 3273 3910 illius
3315 3853 3548 3910 furorem
3585 3864 3746 3924 atque

2169 3945 2461 4012 incursum,
2488 3946 2605 4002 hcrc
2633 3947 2811 4002 omnia
2837 3938 3127 4002 declaravit
3152 3946 3235 4001 his
3259 3947 3435 4002 verbis
3454 3964 3468 4000 :
3487 3945 3749 4001 Calamam

2168 4038 2432 4091 contritum
2463 4053 2563 4091 non
2585 4037 2886 4109 confringet,
2908 4047 2956 4091 et
2973 4038 3130 4092 linum
3147 4037 3408 4108 fumigans
3432 4054 3534 4091 non
3557 4037 3747 4092 exstin-

2168 4138 2284 4201 guet
2308 4171 2322 4194 ,
2360 4129 2518 4183 donec
2555 4131 2733 4183 educat
2772 4130 2825 4183 in
2858 4130 3114 4184 victoriam
3144 4129 3434 4198 judicium,
3485 4138 3533 4182 et
3559 4129 3614 4182 in
3639 4128 3749 4199 ipso

2172 4220 2353 4277 Gentes
2380 4223 2652 4293 sperabunt
2678 4222 2878 4292 (Hesai.
2906 4223 2994 4277 42.
3018 4222 3097 4293 5).
3124 4222 3273 4276 Alius
3300 4223 3426 4277 item
3461 4222 3634 4276 locqu
3653 4261 3669 4285 ,
3695 4222 3747 4274 in

2171 4329 2278 4385 quo
2303 4315 2602 4369 nasciturus
2621 4322 2755 4374 erat,
2780 4313 2975 4368 indicat
2998 4313 3184 4368 dicens
3211 4328 3226 4366 :
3251 4311 3322 4365 Et
3353 4322 3408 4365 tu
3429 4352 3446 4379 ,
3473 4310 3748 4374 Bethleem,

2174 4417 2309 4461 terra
2331 4406 2367 4461 Ι
2371 4408 2495 4473 uda,
2521 4423 2835 4478 nequaquam
2861 4407 3068 4460 minima
3093 4421 3143 4459 es
3169 4405 3223 4459 in
3239 4403 3550 4474 principibus
3567 4402 3710 4457 Inda
3733 4417 3751 4456 :

2174 4518 2239 4557 ea:
2262 4512 2308 4556 te
2330 4499 2462 4557 enim
2487 4501 2613 4555 eziet
2640 4501 2745 4556 dua:
2762 4540 2777 4566 ,
2805 4499 2891 4569 qui
2922 4508 3061 4570 regat
3090 4496 3333 4568 papulum
3353 4512 3518 4551 meum
3546 4493 3714 4548 Israel
3734 4535 3751 4551 .

2174 4605 2224 4650 et
2250 4594 2411 4650 exitus
2430 4594 2541 4665 ejus
2570 4593 2634 4647 ab
2654 4593 2797 4648 initio
2815 4610 2848 4647 a
2871 4592 3043 4646 diebus
3061 4590 3232 4646 steculi
3254 4588 3441 4655 (Mich.
3469 4589 3522 4644 5.
3548 4587 3625 4656 2).
3655 4586 3756 4640 llic

2176 4688 2504 4743 divinitatem
2535 4695 2590 4742 et
2618 4685 2996 4740 humanitatem
3026 4682 3295 4738 declarat:
3320 4696 3444 4735 nam
3486 4693 3607 4756 colu
3647 4679 3754 4740 ait,

2179 4790 2223 4836 et
2248 4780 2409 4834 exitus
2426 4779 2537 4849 ejus
2560 4777 2623 4830 ab
2646 4778 2789 4830 initio
2827 4793 2859 4829 α
2892 4775 3066 4829 diebus
3094 4773 3296 4840 saeculi,
3338 4780 3591 4826 a-ternam
3635 4778 3759 4823 autc

2178 4870 2371 4926 saecula
2398 4867 2760 4925 exsistentiam
2788 4867 3146 4928 demonstrat;
3178 4879 3297 4918 cum
3327 4877 3457 4917 vero
3483 4861 3578 4924 ait,
3613 4858 3760 4913 Exiet

2180 4963 2287 5017 dua:
2325 4962 2412 5034 qui
2451 4969 2593 5031 regat
2630 4957 2874 5030 populum
2915 4972 3081 5011 meum
3124 4954 3320 5019 Israel,
3365 4951 3760 5022 generationem

2183 5052 2479 5109 secundum
2505 5066 2743 5106 carnem.
2768 5052 2846 5105 Ac
2872 5047 2991 5102 vide
3018 5060 3228 5101 rursum
3252 5053 3307 5100 et
3332 5044 3416 5098 hic
3444 5043 3605 5097 aliam
3638 5056 3759 5110 pro-

2187 5144 2421 5216 phetiam
2458 5141 2827 5213 refulgentem.
2870 5139 2987 5195 Non
3010 5138 3154 5194 enim
3180 5136 3308 5192 dicit
3338 5135 3545 5198 solum,
3589 5133 3762 5201 ipsum

2184 5250 2304 5293 esse
2330 5234 2657 5291 nasciturum
2677 5273 2693 5298 ,
2738 5231 2831 5288 sed
2866 5231 3027 5286 etiam
3057 5229 3230 5285 locum
3261 5227 3492 5283 nobilem
3530 5224 3764 5279 futurum

2185 5343 2327 5394 esse,
2357 5327 2450 5398 qui
2478 5336 2603 5381 tunc
2641 5332 2758 5379 erat
2798 5321 3042 5393 ignobilis
3071 5330 3125 5376 et
3149 5319 3406 5389 exiguus:
3433 5314 3770 5385 Nequaquam

2187 5419 2330 5475 enim
2354 5418 2565 5472 minima
2589 5432 2662 5480 es,
2693 5414 2878 5483 inquit,
2907 5413 2961 5466 in
2989 5408 3296 5482 principibus
3320 5406 3480 5461 Iuda.

2262 5509 2417 5564 Totus
2444 5507 2579 5562 orbis
2606 5505 2675 5559 ad
2706 5504 2961 5558 Bethleem
2998 5501 3265 5557 videndam
3294 5499 3523 5568 conﬂuit.
3541 5494 3773 5550 —-Sanc

2191 5613 2332 5659 totus
2358 5602 2504 5657 orbis
2529 5599 2597 5655 ad
2622 5598 2892 5654 Bethleem
2921 5593 3207 5650 videndam
3232 5589 3472 5655 conﬂuit,
3497 5588 3584 5644 ubi
3616 5596 3777 5641 natus

2192 5695 2455 5766 repositus
2494 5692 2628 5758 fuit,
2655 5705 2828 5760 neque
2854 5690 2960 5742 ulla
2984 5687 3088 5741 alia
3112 5701 3275 5757 quam
3316 5683 3432 5746 haec
3464 5696 3624 5738 causa
3667 5690 3795 5735 est.~

2193 5789 2340 5844 Alius
2380 5785 2573 5840 iterum
2618 5791 2827 5852 tempus
2869 5794 2974 5850 quo
3020 5788 3274 5832 venturus
3315 5783 3429 5829 erat
3461 5770 3780 5843 signiﬁcavit

2198 5880 2282 5940 his
2311 5878 2487 5936 verbis
2512 5895 2524 5931 :
2552 5875 2673 5932 Non
2707 5873 2901 5944 deﬁciet
2937 5870 3168 5943 princeps
3194 5868 3256 5923 de
3280 5865 3310 5921 Ι
3321 5866 3421 5920 uda
3440 5907 3455 5933 ,
3485 5878 3642 5934 neque
3672 5863 3777 5915 diu
