4062 6166
361 297 461 352 8ἳ5

359 419 392 485 ἡ
400 415 517 486 μῶν
552 411 685 484 μηδέ
729 410 969 465 ὕποπτον
998 410 1248 480 γενέσθαι
1288 411 1380 465 τὸν
1425 410 1611 480 λόγον,
1642 411 1938 482 ἀναγκαῖον

358 498 427 552 τὰ
455 495 637 568 βιϐλία
660 494 773 548 τῶν
800 494 1230 566 σταυρωσάντων
1251 493 1413 549 αὐτὸν
1440 495 1710 549 Ἰουδαίων
1747 495 1828 558 εἰς
1851 494 1941 565 μέ-

360 598 452 635 σον
488 580 812 651 προθεῖναι,
845 579 940 632 καὶ
989 579 1087 643 τάς
1137 579 1265 649 περὶ
1316 578 1480 632 αὐτοῦ
1521 579 1831 652 μαρτυρίας
1874 581 1939 634 ἐκ

355 666 467 718 τῶν
499 665 629 733 παρ’
660 662 844 725 αὐτοῖς
890 660 1308 732 φυλαττομένων
1335 660 1567 733 Γραφῶν
1604 662 1685 716 ἔτι
1723 664 1817 716 καὶ
1845 665 1939 717 νῦν

357 747 449 799 ὐπ’
483 745 639 815 ὄψεσι
660 744 771 798 τῶν
803 743 1175 798 ἀπειθούντων
1203 742 1510 809 διεξελθεῖν.
1547 744 1671 798 Ὅτι
1698 744 1878 798 τοίνυν
1911 745 1937 798 6

355 829 489 893 Θεὸς
536 828 823 899 ἄνθρωπος
867 827 1057 892 ἔσται,
1090 826 1222 891 Θεὸς
1249 824 1356 893 ὢν,
1410 826 1626 899 πρῶτος
1670 828 1957 899 Ἰερεμίαςν

356 911 532 983 λέγει’
563 907 754 978 Οὗτος
784 913 817 965 ό
850 911 994 976 Θεὸς
1020 909 1222 979 ἡμῶν,
1253 912 1323 964 οὐ
1354 911 1785 980 λογισθήσεται
1810 913 1935 967 έτε-

350 1015 459 1064 ρος
483 994 634 1063 πρὸς
664 995 872 1050 αὐτόν.
907 993 1144 1062 Ἑξεῦρε
1174 992 1382 1050 πᾶσαν
1403 995 1548 1049 ὁδὸν
1574 996 1933 1066 ἐπιστήμης,

355 1078 452 1131 καί
490 1077 716 1132 ἔδωκεν
755 1077 951 1144 αὐτὴν
986 1077 1188 1131 Ἰακὼϐ
1231 1077 1311 1142 τῷ
1364 1078 1529 1132 παιδὶ
1576 1079 1764 1159 αὐτοῦ
1787 1121 1801 1146 ,
1837 1081 1937 1134 καὶ

365 1159 606 1228 Ἰσραὴλ
633 1159 715 1225 τῷ
753 1159 1118 1229 ἠγαπημένῳ
1146 1158 1247 1213 ὑπ’
1289 1160 1496 1215 αὐτοῦ.
1540 1158 1703 1216 Μετὰ
1751 1163 1936 1217 ταῦτα

351 1244 449 1297 ἐπὶ
486 1243 599 1312 τῆς
637 1243 751 1313 γῆς
781 1242 947 1313 ὤφθη
969 1284 982 1307 ,
1024 1243 1122 1297 καὶ
1162 1242 1288 1310 τοῖς
1339 1243 1671 1310 ἀνθρώποις
1703 1260 1931 1299 συνανσ

353 1328 643 1396 εστράφη.
676 1322 828 1391 Εἶδες
860 1325 977 1390 πῶς
1008 1324 1225 1380 ἃπαντα
1244 1328 1301 1379 ἐν
1318 1326 1543 1398 βραχέσι
1566 1329 1770 1399 ῥήμασι
1797 1344 1937 1399 παρ-

353 1409 587 1480 εδήλωσε
611 1450 627 1477 ,
685 1404 781 1463 καὶ
837 1410 921 1463 ὅτι
956 1408 1092 1472 Θεὸς
1124 1408 1199 1461 ὢν
1233 1410 1520 1479 ἅνθρωπος
1562 1410 1809 1478 ἐγένετο,
1839 1411 1934 1465 καὶ

352 1491 661 1564 ἀνθρώποις
691 1490 1106 1563 συνανεστράφη
1132 1532 1146 1556 ,
1176 1491 1273 1544 καὶ
1319 1492 1401 1545 ὅτι
1434 1492 1528 1546 καὶ
1556 1492 1655 1561 τὴν
1689 1490 1932 1549 Παλαιὰν

352 1575 513 1639 αὐτὸς
567 1575 1001 1646 ἐνομοθέτησεν;
1045 1573 1287 1642 Ἐξεῦρε
1337 1574 1480 1646 γὰρ,
1523 1576 1656 1644 φησὶ
1679 1616 1694 1640 ,
1725 1573 1933 1629 πᾶσαν

351 1659 494 1712 ὀδόν
538 1658 881 1729 ἐπιστήμης
904 1698 919 1721 ,
957 1657 1057 1711 καί
1088 1657 1310 1710 ἔδωκεν
1365 1657 1561 1725 αὐτὴν
1604 1657 1806 1713 Ἰακὼϐ
1849 1658 1931 1724 τῷ

350 1743 513 1797 παιδὶ
544 1742 754 1807 αὐτοῦ,
792 1741 892 1795 καὶ
929 1739 1168 1809 Ἰσραὴλ
1195 1737 1277 1803 τῷ
1302 1739 1665 1810 ἠγαπημένῳ
1693 1742 1793 1797 ὑπ’
1823 1743 1931 1797 αὐο

349 1831 476 1885 τοῦ.
495 1830 747 1883 Δείκνυσι
769 1828 877 1899 γὰρ
898 1828 1131 1882 ἐνταῦθα
1153 1829 1236 1883 ὅτι
1257 1831 1351 1884 καὶ
1378 1828 1485 1900 πρὸ
1499 1828 1601 1898 τῆς
1627 1828 1935 1899 παρουσίας

348 1912 447 1982 τῆς
482 1913 748 1983 ἐνσάρκου
785 1912 964 1969 πάντα
989 1911 1151 1975 αὐτὸς
1181 1911 1472 1983 ᾠκονόμει,
1505 1910 1600 1964 καὶ
1624 1910 1805 1966 πάντα
1839 1913 1932 1966 αὐ-

349 1994 441 2058 τὸς
472 1994 729 2066 ἔπραττε,
758 1994 1086 2065 νομοθετῶν,
1118 1994 1362 2067 προνοῶν
1381 2033 1397 2058 ,
1428 1994 1747 2065 κηδόμενος,
1775 1995 1929 2067 εὐερ-
1992 2070 1997 2073 _

351 2078 549 2146 γετῶν.
583 2079 806 2150 Ἕτερος
840 2077 1002 2132 πάλιν
1042 2079 1362 2150 προφήτης,
1402 2078 1483 2131 ὅτι
1508 2079 1606 2132 οὐκ
1644 2078 1929 2150 ἅνθρωπος

351 2162 516 2229 μόνον
540 2161 691 2216 ἔσται
712 2202 728 2226 ,
756 2161 870 2217 ἀλλ’
894 2163 977 2215 ὃτι
1011 2163 1105 2216 καὶ
1136 2162 1245 2215 ἀπὸ
1282 2160 1551 2234 παρθένου
1580 2161 1924 2233 τεχθήσεται,

346 2245 579 2300 ἄκουσον
616 2244 734 2309 πῶς
789 2260 985 2317 φησιν·
1029 2244 1173 2299 Ἰδοὺ
1222 2246 1260 2314 ἡ
1296 2243 1592 2313 παρθένος
1616 2245 1688 2298 έν
1715 2244 1928 2314 γαστρὶ

344 2332 498 2399 ἔξει,
529 2332 630 2388 καί
657 2333 890 2398 τέξεται
926 2331 1061 2387 υἱὸν
1083 2373 1100 2398 ,
1130 2331 1229 2386 καὶ
1263 2333 1599 2388 καλέσουσι
1642 2332 1709 2386 τὸ
1739 2332 1928 2407 ὄνομα

345 2416 532 2472 αὐτοῦ
576 2417 990 2485 Ἐμμανουήλ⁸
1017 2415 1174 2469 τοῦτο
1202 2410 1259 2469 δέ
1308 2417 1424 2469 ἐστι
1454 2415 1927 2486 μεθερμηνευόμε-

346 2517 470 2566 νον,
500 2497 806 2573 Μεθ’
835 2499 992 2573 ήμῶν
1037 2502 1066 2554 6
1114 2500 1266 2564 Θεός.
1301 2495 1435 2553 Εἶτα
1481 2499 1699 2563 δεικνὺς
1741 2501 1824 2553 ὅτι
1862 2496 1943 2552 οὐ’

345 2583 616 2653 φαντασία
651 2582 712 2636 16
745 2583 1068 2654 φαινόμενον
1096 2576 1184 2653 ἦν,
1221 2581 1337 2636 ἀλλ’
1375 2581 1589 2651 ἀληθῶς
1614 2581 1923 2655 ἄνθρωπος.

343 2668 589 2739 ἐπήγαγε
626 2667 801 2737 λέγων
824 2683 838 2697 ·
885 2668 1040 2721 Διότι
1070 2666 1211 2735 πρὶν
1254 2665 1293 2734 ἢ
1341 2666 1560 2734 γνῶναι
1589 2665 1655 2718 τὸ
1685 2665 1927 2720 παιδίον

343 2754 556 2809 καλεῖν
578 2754 805 2821 πατέρα
826 2754 1055 2823 ἀγαθὸν
1081 2754 1120 2822 ἢ
1147 2753 1339 2807 κακὸν
1359 2792 1374 2817 ,
1407 2751 1643 2807 ἀπειθεῖ
1668 2753 1925 2820 πονηρίᾳ

342 2838 448 2893 τοῦ
481 2838 847 2903 ἐκλέξασθαι
882 2836 952 2890 τὸ
999 2836 1244 2906 ἀγαθόν.
1278 2836 1403 2889 Ὅτι
1450 2835 1507 2888 δὲ
1553 2834 1717 2899 αὐτὸς
1770 2830 1925 2899 οὗτος

341 2922 441 2975 οὐκ
478 2921 766 2993 ἅνθρωπος
798 2918 956 2992 μόνον
980 2961 995 2987 ,
1046 2920 1156 2975 οὐδ’
1188 2921 1271 2974 ὅτι
1314 2922 1380 2974 ἐκ
1425 2918 1694 2989 παρθένου
1741 2918 1921 2989 μόνον,

342 3004 456 3058 ἀλλ’
481 3006 565 3060 ὅτι
590 3004 685 3059 καὶ
713 3004 773 3070 ἐξ
810 3003 963 3057 οῖκου
991 3003 1157 3057 Δαϐἰδ
1175 3045 1189 3069 ,
1215 3004 1447 3058 ἄκουσον
1482 3002 1600 3065 πῶς
1627 3002 1723 3055 καὶ
1763 3000 1924 3055 τοῦτο

340 3090 545 3144 ἀνωθεν
577 3088 832 3161 προλέγει
859 3091 888 3142 6
927 3088 1187 3151 Ἡσαΐας,
1221 3086 1500 3157 τροπικῶς
1529 3087 1626 3157 μὲν
1646 3086 1925 3156 κεχρημέ-

340 3191 430 3238 νος
456 3176 577 3237 ταῖς
599 3172 776 3237 λέξεσι
805 3173 899 3225 καὶ⁴
927 3171 1210 3242 μεταφορᾷ
1238 3169 1407 3240 πολλῇ
1429 3210 1444 3235 ,
1476 3167 1732 3241 προλέγει
1758 3168 1803 3221 δ’
1830 3164 1923 3222 οὖν

339 3257 521 3328 ὅμως⁵
558 3256 970 3321 Ἐξελεύσεται
988 3253 1214 3323 ῥάϐδος
1240 3253 1310 3306 ἐκ
1332 3251 1445 3320 τῆς
1475 3250 1644 3320 ῥίζης
1681 3250 1920 3316 Ἰεσσαὶ,

338 3345 437 3399 καί
463 3344 647 3413 ἄνθος
675 3343 745 3397 ὲκ
765 3342 878 3412 τῆς
898 3340 1066 3411 ῥίζης
1094 3340 1461 3406 ἀναϐήσεται
1480 3380 1494 3403 ,
1521 3339 1619 3393 καί
1650 3340 1922 3394 ἀναπαύ-

340 3447 511 3484 σεται
556 3428 649 3482 ἐπ’
681 3427 869 3482 αὐτὸν
901 3427 1137 3497 πνεῦμα
1191 3425 1339 3480 Θεοῦ
1360 3463 1375 3489 ,
1412 3424 1650 3493 πνεῦμα
1696 3424 1925 3493 σοφίας

338 3514 437 3567 καὶ
457 3511 787 3578 συνέσεως,
806 3511 1041 3582 πνεῦμα
1055 3509 1299 3576 ,βουλῆς
1318 3509 1415 3563 καί
1439 3508 1671 3578 ἰσχύος,
1689 3506 1925 3573 πνεῦμα

338 3595 619 3666 γνώσεως
646 3595 745 3649 καί
780 3594 1122 3660 εὐσεϐείας,
1170 3593 1407 3662 πνεῦμα
1431 3592 1621 3661 φόϐου
1653 3589 1799 3644 Θεοῦ
1824 3590 1925 3658 ἐμ-

337 3679 568 3748 πλήσει
589 3678 795 3733 αὐτόν.
825 3677 884 3730 Ὀ
906 3679 1014 3748 γάρ
1038 3677 1238 3731 Ἰεσσαὶ
1256 3671 1410 3735 οὗτος
1432 3674 1618 3745 πατὴρ
1641 3672 1738 3728 τοῦ
1757 3671 1923 3726 Δαϐὶδ

336 3757 426 3833 ἦν.
439 3761 610 3832 Δῆλον
633 3762 698 3816 ἐκ
722 3758 912 3814 τούτου
935 3761 1017 3813 ὅτι
1037 3759 1134 3814 καὶ
1162 3758 1270 3814 ἀπὸ
1289 3759 1387 3829 τῆς
1404 3756 1579 3828 φυλῆς
1598 3757 1811 3826 ἐκείνης
1828 3751 1933 3827 ἦν...

339 3847 415 3901 Οὐ
443 3845 604 3917 μόνον
627 3844 687 3899 δὲ
713 3845 796 3898 ὅτι
819 3843 927 3898 ἀπὸ
958 3843 1058 3914 τῆς
1086 3843 1282 3914 φυλῆς,
1311 3841 1426 3895 ἀλλ’
1450 3844 1534 3897 ὅτι
1560 3842 1657 3895 καὶ
1683 3840 1792 3894 ἀπὸ
1821 3840 1922 3910 τῆς

336 3929 514 3994 οἰκίας
549 3927 746 3983 Ἰεσσαὶ
778 3927 1187 3998 προελεύσεται,
1213 3927 1310 3981 καὶ
1342 3925 1502 3979 τοῦτο
1533 3921 1920 3995 προανεφώνη-

337 4031 456 4079 σεν,
486 4012 677 4067 εἰπών⁴
701 4011 1120 4077 Ἑξελεύσεται
1145 4010 1277 4083 γὰρ,
1301 4009 1455 4082 φησὶ,
1466 4008 1696 4079 ῥάϐδος
1719 4009 1789 4063 ἐκ
1810 4006 1922 4076 τῆς

331 4098 501 4167 ῥίζης
532 4095 781 4150 Ἰεσσαί’
809 4095 870 4149 οὐ
907 4096 1037 4168 περὶ
1080 4095 1276 4167 ῥάϐδου
1320 4094 1496 4162 λέγων
1540 4091 1757 4159 ἁπλῶς,
1785 4091 1923 4147 ἀλλὰ

338 4182 471 4254 περὶ
491 4177 654 4233 αὑτοῦ
682 4179 778 4232 καὶ
805 4178 908 4248 τῆς
938 4177 1217 4248 βασιλείας
1245 4172 1433 4232 αὐτοῦ.
1457 4174 1568 4231 Καὶ
1592 4177 1674 4230 ὅτι
1699 4175 1761 4228 οὐ
1794 4174 1923 4246 περὶ

341 4263 542 4337 ῥάϐδου
570 4262 727 4316 τοῦτο
772 4257 956 4327 εἶπεν,
991 4262 1232 4333 ἐδήλωσε
1279 4260 1367 4315 διὰ
1404 4259 1512 4313 τῶν
1543 4259 1701 4329 ἑξῆς·
1750 4257 1921 4311 εἰπὼν

339 4347 483 4419 γάρ,
501 4347 912 4408 Ἐξελεύσεται
932 4345 1159 4415 ῥάϐδος
1177 4385 1191 4409 ,
1224 4346 1501 4416 ἐπήγαγε*
1524 4342 1633 4396 Καὶ
1657 4340 1924 4395 ἀναπαύ-

339 4446 512 4485 σεται
540 4429 633 4483 ἐπ⁴
648 4429 833 4483 αὑτὸν
858 4428 1095 4497 πνεῦμα
1118 4428 1340 4496 σοφίας
1362 4423 1460 4479 καί
1482 4422 1925 4488 συνέσεως,οὐ-

339 4514 449 4577 δεὶς
470 4513 549 4579 δὲ,
583 4511 684 4566 κᾶν
714 4511 918 4584 σφόδρα
943 4510 1171 4581 ἀνόητος
1194 4505 1251 4582 ᾖ,
1272 4506 1431 4561 τοῦτο
1450 4509 1584 4578 ἐρεῖ,
1608 4506 1689 4559 ὅτι
1716 4505 1806 4556 ἐπὶ
1827 4504 1922 4557 τοῦ

343 4598 501 4664 ξύλου
532 4596 735 4667 ῆρχετο
784 4597 818 4666 ἡ
858 4593 952 4649 τοῦ
986 4593 1297 4664 πνεύματος
1330 4590 1521 4662 χάρις,
1557 4587 1672 4642 ἀλλ’
1706 4585 1922 4658 εὔδηλον

341 4682 424 4734 ὅτι
459 4680 553 4733 ἐπὶ
576 4679 669 4731 τὸν
691 4677 819 4732 ναὸν
844 4678 1052 4731 ἐκεῖνον
1082 4676 1174 4729 τὸν
1198 4675 1450 4745 ἄμωμον.
1472 4672 1571 4726 Διά
1594 4668 1754 4724 τοῦτο
1777 4669 1920 4733 οὐδὲ,

341 4766 479 4837 ἥξει,
508 4758 810 4828 εἷπεν,ἀλλ’
831 4760 1348 4814 ἐντολιναπαύσεται⁹
1374 4746 1561 4827 ἐπειδὴ
1595 4752 1764 4808 ἐλθὼν
1791 4770 1926 4837 παρ-

343 4835 547 4919 έμεινε,
582 4845 680 4900 καὶ
734 4844 837 4898 οὐκ
881 4843 1118 4914 ἀπέστη.
1152 4844 1218 4895 Ὃ
1248 4840 1306 4894 δὲ
1338 4840 1432 4894 καὶ
1469 4841 1499 4893 6
1532 4835 1923 4919 εὐαγγελιστὴς

343 4918 601 5002 Ἰωάννης
629 4928 805 5000 δηλῶν
843 4927 1027 4997 ἔλεγεν
1044 4944 1058 4958 ο
1093 4924 1244 4995 Ἐγὼ
1269 4923 1544 4992 τεθέαμαι
1582 4920 1651 4974 τὸ
1682 4918 1924 4987 Πνεῦμα

342 5013 703 5070 καταϐαῖνον
717 5011 861 5065 ὡσεί
881 5008 1260 5079 περιστερὰν,
1277 5007 1374 5061 καί
1393 5006 1583 5076 μένον
1603 5004 1696 5057 ἐπ’
1713 5003 1922 5057 αὐτόν.

344 5101 420 5155 Οὐ
453 5095 888 5170 ωρεσιώπησαν
921 5094 979 5148 δὲ
1012 5092 1133 5147 οὐδὲ
1169 5090 1266 5162 τὴν
1310 5089 1534 5160 γνώμην
1564 5087 1665 5159 τὴν
1701 5085 1922 5170 Ἰουδαῖ-

345 5186 470 5257 κὴν,
495 5166 564 5254 ἢν
609 5166 955 5244 ἐπεδείξαντο
973 5176 1092 5247 ἅμα
1112 5175 1396 5246 τεχθέντος
1419 5170 1586 5257 αὐτοῦ
1605 5171 1667 5257 ίό
1693 5169 1792 5257 μὲν
1814 5166 1923 5257 γὰρ

346 5250 626 5329 autem;
672 5278 869 5334 φησιν·
896 5260 1185 5325 Ἀκούσας
1220 5257 1290 5312 δὲ
1315 5254 1566 5325 Ἡρώδης
1603 5250 1919 5322 ἐταράχθη,

345 5352 446 5406 καί
485 5347 657 5405 πᾶσα
694 5346 1076 5415 Ἰεροσόλυμα
1094 5343 1221 5413 μετ’
1265 5339 1452 5396 αὐτοῦ
1473 5353 1487 5369 ’
1526 5339 1555 5391 ὁ
1594 5336 1653 5390 δέ
1694 5335 1921 5397 Ἡσαΐας

345 5437 577 5492 ἄκουσον
609 5429 726 5494 πῶς
752 5429 847 5483 καὶ
872 5426 1029 5481 τοῦτο
1053 5425 1257 5481 ἀνωθεν
1298 5420 1667 5496 προανεφώνει
1710 5418 1884 5487 λέγων
1904 5432 1919 5447 ⁸

349 5515 732 5585 Θελήσουσιν
754 5515 809 5567 εἰ
834 5508 1212 5581 ἐγενήθησαν
1230 5509 1628 5578 πυρίκαυστοι
1648 5502 1771 5575 ’,ὅτι
1789 5517 1922 5585 παιέ

345 5583 501 5657 δίον-
527 5597 818 5670 ἐγεννήθη
857 5594 1023 5664 ἡμῖν,
1056 5592 1187 5660 υίὸς
1241 5592 1341 5646 καί
1392 5589 1568 5657 ἐδόθη
1607 5586 1784 5670 ἡμῖν,
1822 5583 1922 5638 και

345 5668 616 5740 καλεῖται
640 5684 705 5735 τὸ
743 5682 931 5748 ὄνομα
967 5677 1155 5732 αὐτοῦ
1177 5676 1447 5747 μεγάλης
1479 5672 1722 5739 βουλῆς
1750 5668 1922 5737 ἀττε-

344 5773 478 5838 λος,
509 5764 857 5839 θαυμαστὸς
893 5762 1258 5832 σύμϐουλος,
1284 5758 1428 5825 Θεὸς
1455 5754 1724 5827 ἰσχυρὸς,
1749 5753 1921 5820 ἐξου-

890 292 1169 349 CONTRA
1213 290 1504 349 JUDJEOS
1542 292 1630 347 ΕΤ
1668 291 1928 348 GENTIL.

2027 330 2036 357 ι
2073 295 2264 363 QUOD
2303 302 2653 362 CHRISTUS
2692 303 2802 360 SIT
2840 302 3044 361 DEUS.

3512 305 3617 361 816

2043 417 2324 488 σιαστὴς,
2359 422 2561 494 ἄρχων
2597 421 2843 492 εἰρήνης
2865 463 2880 488 ,
2915 421 3113 492 πατὴρ
3148 421 3255 476 τοῦ
3288 420 3624 492 μέλλοντος

2039 497 2274 567 αἰῶνος.
2305 504 2426 559 ’Ότι
2448 506 2505 560 δὲ
2529 508 2656 579 περὶ
2676 507 2963 578 ἀνθρώπου
2989 507 3089 560 οὐκ
3103 505 3169 560 ἀν
3188 524 3273 571 τις
3302 507 3447 560 εῖποι
3462 507 3622 562 τοῦτο

2039 581 2217 651 ψιλοῦ.
2241 587 2464 658 εὔδηλον
2494 592 2598 646 καὶ
2629 593 2742 653 τοῖς
2765 590 2972 661 σφόδρα
3000 589 3325 659 φιλονεικεῖν
3354 590 3617 646 ἐθέλουσι.

2037 665 2171 728 Θεὸς
2191 668 2301 742 γὰρ
2351 672 2569 744 ἰσχυρὸς
2605 673 2781 736 οὐδεὶς
2823 672 3126 744 ἀνθρώπων
3162 673 3356 745 ἐλέχθη
3386 671 3496 728 ἀπὸ
3524 672 3620 727 106

2036 747 2254 815 αἰῶνος,
2295 753 2414 807 οὐδὲ
2445 757 2628 826 ἄρχων
2664 756 2890 828 εἰρήνης
2915 754 3203 827 τοιαύτης·
3252 754 3375 822 Τῆς
3407 756 3517 825 γὰρ
3541 758 3623 809 εἰ-

2030 828 2227 901 ρήνης
2251 835 2458 902 αὑτοῦ,
2482 839 2666 910 φησὶν,
2684 841 2796 892 οὐκ
2814 838 2989 892 ἐστιν
3004 838 3188 906 ὅριον.
3214 838 3323 893 Καὶ
3342 837 3493 908 δηλοῖ
3512 837 3621 891 τῶν

2039 916 2380 987 πραγμάτων
2404 920 2438 989 ή
2469 920 2650 990 φύσις,
2680 922 2763 976 ὅτι
2790 923 2972 975 πᾶσαν
2995 920 3198 992 ἐπῆλθε
3220 920 3318 993 τὴν
3352 921 3477 992 γῆν,
3510 922 3621 974 πᾶ-

2040 1012 2136 1050 σαν
2170 998 2460 1066 θάλατταν,
2497 1005 2679 1057 πᾶσαν
2713 1003 3059 1075 οἰκουμένην,
3109 1006 3289 1058 πᾶσαν
3340 1005 3618 1076 ἀοίκητον,

2041 1083 2131 1139 καὶ
2153 1082 2252 1156 ὅρη
2279 1085 2374 1139 καὶ
2412 1086 2589 1150 νάπας
2617 1089 2711 1141 καὶ
2743 1088 2963 1158 βουνοὺς
2990 1087 3098 1142 ἀπὸ
3117 1090 3226 1159 τῆς,
3243 1088 3451 1160 ἡμέρας
3478 1088 3621 1143 ὲκεί-

2036 1184 2154 1238 νης,
2177 1168 2272 1238 ἀφ’
2301 1163 2369 1240 ἧς
2405 1170 2732 1242 ἀνέρχεσθαι
2764 1171 2995 1241 μέλλων,
3027 1172 3165 1243 πρὸς
3190 1172 3318 1235 τοὺς
3372 1172 3620 1243 μαθητὰς

2035 1245 2220 1304 εἶπεν·
2253 1252 2519 1322 Εἰρήνην
2550 1253 2665 1323 τὴν
2691 1254 2847 1323 ἐμὴν
2876 1255 3083 1325 δίδωμι
3116 1255 3276 1325 ὑμῖν,
3315 1258 3387 1309 οὐ
3423 1255 3619 1320 καθὼς

2035 1334 2069 1385 ό
2094 1334 2324 1403 κόσμος
2348 1335 2581 1401 δίδωσι,
2621 1337 2831 1406 δίδωμι
2856 1337 3020 1407 ὑμῖν.
3045 1337 3112 1390 Τί
3140 1338 3339 1407 δήποτε
3358 1337 3415 1389 δὲ
3444 1337 3619 1397 οὕτως
3732 1398 3737 1403 ,

2034 1413 2188 1471 εἶπεν
2216 1420 2244 1471 6
2273 1420 2537 1489 Χριστός;
2578 1423 2611 1491 ὴ
2642 1422 2739 1492 μὲν
2765 1420 2874 1493 γὰρ
2895 1421 3002 1475 τῶν
3033 1420 3340 1491 ἀνθρώπων
3381 1421 3618 1474 εὐκατά-

2031 1499 2189 1565 λυτός
2218 1503 2355 1569 ἐστι,
2372 1505 2468 1557 καὶ
2496 1505 2700 1568 πολλὰς
2724 1504 2835 1576 ἔχει
2868 1505 2968 1569 τὰς
2993 1503 3297 1576 μεταϐολάς
3314 1521 3329 1536 ο
3347 1507 3380 1575 ή
3409 1504 3465 1557 δὲ
3486 1506 3616 1575 παρ’

2031 1583 2195 1638 αὐτοῦ
2225 1584 2437 1655 βεϐαία,
2472 1588 2747 1660 ἀκίνητος,
2788 1587 2989 1658 παγία,
3031 1588 3279 1660 μόνιμος,
3327 1587 3616 1651 ἀθάνατος,

2029 1666 2183 1731 τέλος
2209 1666 2309 1722 οὐκ
2336 1669 2556 1740 ἔχουσα,
2579 1672 2677 1726 καὶ
2702 1670 2877 1726 ταῦτα
2899 1672 3111 1743 μυρίων
3140 1671 3394 1743 πολέμων
3420 1688 3618 1726 παντα-

2030 1750 2189 1820 χόθεν
2240 1753 2768 1825 ἀναρριπισθέντων,
2814 1755 2909 1808 καὶ
2949 1753 3071 1808 καθ’
3123 1755 3363 1824 ἑκάστην
3402 1754 3615 1825 ἡμέραν

2035 1833 2245 1905 μυρίων
2273 1836 2573 1891 ἐπιϐουλῶν
2625 1837 2948 1909 γινομένων.
2991 1838 3130 1891 Ἀλλ’
3158 1839 3186 1890 6
3224 1837 3399 1891 πάντα
3437 1837 3613 1892 ἀνύων

2029 1916 2194 1970 αὐτοῦ
2227 1917 2384 1987 λόγος
2409 1920 2686 1975 καὶτοῦτο
2716 1921 2882 1993 ἤνυσε
2923 1921 3065 1993 μετὰ
3092 1920 3200 1976 τῶν
3239 1916 3436 1976 ἄλλων.

2097 2172 2169 2236 γ’.
2202 2168 2276 2222 Οὐ
2305 2168 2467 2239 μόνον
2497 2169 2555 2223 δὲ
2586 2170 2666 2223 ὅτι
2696 2171 2982 2243 ἄνθρωπος
3007 2170 3178 2238 ἔσται,
3211 2172 3346 2227 ἀλλά
3380 2173 3476 2228 καὶ
3511 2173 3614 2243 τῆς

1980 2288 1983 2289 ν
2027 2250 2331 2320 παρουσίας
2393 2252 2560 2306 αὐτοῦ
2610 2252 2702 2306 τὸν
2751 2255 2955 2325 τρόπον
2988 2256 3422 2325 προεφήτευσαν.
3463 2254 3611 2327 [561]

2040 2332 2257 2405 Ἐπειδὴ
2314 2333 2422 2407 γάρ
2470 2334 2665 2402 ἔμελλε
2713 2337 3131 2407 παραγίνεσθαι,
3179 2339 3279 2392 οὐκ
3325 2340 3613 2409 ἀστραπὰς

2025 2416 2231 2484 ἀφιεὶς,
2259 2418 2321 2471 οὐ
2352 2420 2649 2490 κεραυνοὺς
2676 2419 2885 2474 ἄνωθεν
2908 2463 2923 2487 ,
2954 2420 3013 2473 οὐ
3063 2421 3224 2475 σείων
3256 2421 3352 2493 τὴν
3382 2422 3487 2492 γῆν
3506 2462 3520 2487 ,
3547 2422 3610 2476 οὐ

2026 2500 2233 2569 κλονῶν
2262 2500 2356 2554 τὸν
2385 2503 2635 2573 οὐρανὸν,
2670 2504 2771 2557 οὐκ
2806 2502 3102 2574 ἐκπλήξεις
3126 2504 3282 2569 τινὰς
3310 2504 3611 2575 ἐργαζόμε-

2025 2601 2135 2649 νος,
2169 2584 2286 2638 ἀλλ’
2307 2586 2546 2657 ἀψοφητὶ
2574 2586 2668 2639 καὶ
2688 2586 2915 2659 μηδενὸς
2941 2588 3141 2649 εἰδότος
3168 2589 3227 2640 ἐν
3251 2588 3400 2659 οἰκίᾳ
3420 2588 3611 2642 τέκτο-

2025 2684 2114 2731 νος
2152 2669 2346 2741 ἐτέχθη
2372 2710 2388 2735 ,
2428 2671 2488 2723 ἐν
2533 2669 2683 2741 οἰκίᾳ
2727 2670 2925 2741 ἀσήμῳ
2979 2672 3075 2723 καὶ
3108 2671 3336 2735 εὐτελεῖ,
3379 2671 3612 2726 ἄκουσον

2025 2749 2142 2814 πῶς
2161 2751 2284 2804 οὐδὲ
2314 2751 2472 2805 τοῦτο
2492 2751 2918 2825 παρεσιὼτνηοεν
2942 2754 2970 2806 ὁ
2991 2751 3155 2807 Δαυῒδ
3184 2751 3353 2808 εἰπών
3378 2770 3392 2785 ο
3423 2758 3614 2807 Κατα-

2025 2831 2273 2902 ϐήσεται
2305 2833 2386 2899 ὡς
2412 2833 2590 2900 ὑετὸς
2616 2834 2714 2888 ἐπὶ
2738 2837 2952 2901 πόκον,
2984 2837 3043 2890 16
3073 2837 3369 2908 ἀτάραχον,
3396 2836 3457 2889 16
3475 2837 3611 2907 ἥσυ-

2025 2932 2119 2989 χον
2151 2916 2240 2970 διὰ
2267 2916 2458 2970 τούτου
2496 2917 2691 2988 δηλῶν.
2722 2919 2797 2973 Οὐ
2826 2919 2984 2972 10610
3023 2919 3080 2972 δὲ
3122 2910 3313 2987 μόνον,
3344 2919 3477 2974 ἀλλά
3517 2921 3608 2974 καὶ

2021 2999 2125 3081 τῆς
2145 2999 2268 3053 τότε
2297 2999 2436 3070 μετά
2476 3000 2695 3055 πάντων
2721 3001 2885 3055 αὐτοῦ
2913 3001 3191 3073 διαγωγῆς
3227 3001 3288 3054 16
3315 3004 3490 3074 πρᾶον
3520 3003 3612 3056 καὶ

2025 3083 2267 3146 ἐπιεικὲς
2316 3082 2596 3153 ἐμφαίνων
2640 3082 2798 3147 ἄλλος
2852 3085 3138 3155 προφήτης
3188 3085 3290 3156 ὅρα
3327 3086 3381 3138 τί
3422 3103 3609 3155 φησιν.

2022 3164 2243 3236 Ἐπειδὴ
2255 3165 2367 3238 γάρ
2378 3164 2754 3237 ὑϐριζόμενος,
2772 3167 3168 3238 ὲμπτυόμενος,
3183 3167 3609 3241 λοιδορούμενος,

2023 3249 2443 3320 ἀτιμαζόμενος,
2469 3250 2888 3321 μαστιξόμενος,
2915 3250 3223 3306 τελευταῖον
3247 3253 3341 3306 καὶ
3367 3269 3613 3323 σταυρωο

2025 3330 2139 3395 θεὶς
2165 3333 2355 3386 οὐδένα
2398 3334 2506 3386 τῶν
2536 3333 2710 3388 ταῦτα
2748 3335 3132 3405 πεποιηκότων
3173 3334 3457 3405 ἠμύνατο,
3493 3334 3609 3387 ἀλλ’

2023 3414 2218 3488 ἔφερεν
2269 3415 2485 3469 ἅπαντα
2540 3416 2910 3488 μακροθύμως
2962 3417 3057 3471 καὶ
3103 3418 3315 3489 πράως,
3355 3412 3469 3470 οἷον
3510 3417 3611 3482 τάς

2023 3499 2267 3570 ἀτιμίας,
2292 3500 2392 3563 τὰς
2434 3500 2744 3566 ἐπιϐουλὰς,
2795 3500 2893 3572 τὴν
2944 3499 3164 3572 μανίαν,
3197 3498 3289 3554 τὸν
3319 3498 3491 3571 θυμὸν
3519 3499 3610 3554 τὸν

2023 3583 2249 3654 ἄκαιρον
2280 3583 2486 3638 ἐκείνου
2503 3583 2598 3637 τοῦ
2628 3583 2823 3654 δήμου,
2853 3584 2952 3650 τάς
2977 3583 3222 3653 ἐφόδους,
3244 3582 3416 3638 ταῦτα
3433 3584 3611 3639 πάντα

2022 3665 2198 3736 δηλῶν
2238 3666 2417 3735 ἐλεγε-
2450 3665 2738 3736 Κάλαμον
2769 3665 3282 3737 συντετριμμένον
3303 3668 3374 3721 οὐ
3395 3665 3607 3721 κατεά-

2024 3749 2134 3815 ξει,
2158 3749 2257 3804 καὶ
2293 3752 2472 3806 λίνον
2507 3751 2849 3820 τυφόμενον
2884 3751 2957 3805 οὐ
2990 3749 3197 3804 σϐέσει
3221 3791 3237 3816 ,
3268 3749 3378 3817 ἓως
3412 3749 3489 3804 ἂν
3512 3750 3610 3803 έκ-

2023 3832 2177 3902 ϐάλῃ
2204 3835 2293 3899 εἰς
2316 3832 2486 3899 νῖκος
2507 3833 2624 3902 τὴν
2649 3834 2875 3901 κρίσιν,
2899 3833 2997 3887 καὶ
3022 3833 3114 3886 ἐπ’
3142 3831 3302 3898 αὑτῷ
3321 3833 3466 3898 ἔθνη
3504 3833 3607 3887 ἐλ-

2023 3916 2292 3975 πιοῦσιν.
2314 3917 2539 3988 Ἕτερος
2559 3916 2617 3969 δέ
2644 3916 2806 3969 πάλιν
2835 3916 2928 3969 καὶ
2954 3915 3046 3969 τὸν
3072 3915 3260 3977 τόπον.
3279 3917 3337 3973 ἐν
3357 3908 3401 3982 ᾧ
3416 3915 3608 3987 ἔμελλε

2021 3999 2323 4066 τίκτεσθαι,
2357 4000 2507 4071 δηλοῖ
2533 3999 2676 4055 οὕτω
2698 3999 2871 4068 λέγων
2888 4015 2902 4030 ·
2937 3997 3048 4053 Καὶ
3074 3997 3177 4064 σὺ,
3212 3998 3505 4067 Βηθλεὲμ,
3527 3999 3607 4069 γῆ

2035 4084 2224 4138 Ἰούδα
2246 4123 2262 4149 ,
2311 4082 2587 4152 οὐδαμῶς
2634 4083 2928 4152 ἐλαχίστη
2958 4076 3017 4134 εἷ
3040 4080 3110 4133 ἐν
3161 4079 3286 4145 τοῖς
3316 4081 3608 4149 ἡγεμόσιν

2036 4165 2254 4220 Ἰούδα·
2285 4164 2356 4218 ἐκ
2390 4165 2507 4220 σοῦ
2530 4165 2641 4236 γάρ
2678 4182 2782 4235 μοι
2824 4163 3212 4229 ἐξελεύσεται
3247 4163 3604 4232 ἡγούμενος,

2024 4248 2193 4316 ὅστις
2215 4249 2495 4320 ποιμανεῖ
2516 4249 2628 4302 τὸν
2655 4248 2811 4302 λαόν
2836 4264 2956 4318 μου
2986 4244 3095 4298 τὸν
3129 4244 3390 4313 Ἰσραὴλ,
3420 4247 3519 4302 καί
3545 4250 3608 4302 αἱ

2022 4332 2222 4397 ἔξοδοι.
2248 4332 2435 4387 αὐτοῦ
2459 4332 2561 4387 ἀπ’
2581 4330 2776 4401 ἀρχῆς
2803 4331 2873 4395 ἐξ
2907 4327 3143 4398 ήμερῶν
3166 4326 3400 4395 αἰῶνος.
3437 4323 3607 4394 Οὗτος

2023 4417 2119 4470 καὶ
2148 4416 2247 4486 τὴν
2268 4414 2498 4486 θεότητα
2524 4416 2618 4470 καὶ
2644 4415 2745 4484 τὴν
2790 4412 3187 4485 ἁνθρωπότητα
3225 4410 3498 4465 δείκνυσι·
3526 4412 3608 4483 τῷ

2025 4500 2127 4571 μὲν
2144 4499 2253 4570 γὰρ
2273 4500 2470 4566 εἰπεῖν,
2499 4501 2569 4553 Δί
2589 4497 2786 4563 ἔξοδοι
2814 4496 3001 4554 αὑτοῦ
3035 4496 3135 4551 ἀπ’
3151 4495 3346 4566 ἀρχῆς
3367 4497 3436 4561 ἐξ
3466 4497 3607 4568 ἠμε-

2016 4582 2144 4652 ρῶν
2176 4580 2392 4649 αἰῶνος
2412 4624 2427 4647 ,
2475 4582 2573 4655 τὴν
2603 4580 2928 4652 προαιώνιον
2968 4580 3202 4653 ἐδήλωσε
3237 4580 3499 4654 ὕπαρξινο
3525 4582 3607 4654 τῷ

2024 4666 2083 4720 δὲ
2109 4668 2306 4733 εἰπεῖν,
2350 4665 2761 4730 Ἐξελεύσεται
2791 4666 3142 4735 ἡγούμενος,
3189 4663 3358 4729 ὅστις
3395 4678 3606 4737 ποιμα-

2023 4750 2117 4806 νεῖ
2152 4751 2261 4806 τὸν
2290 4750 2446 4805 λαόν
2475 4768 2596 4820 μου
2625 4749 2733 4803 τὸν
2768 4748 3054 4817 Ἰσραὴλ,
3094 4748 3194 4818 τὴν
3235 4745 3380 4799 κατὰ
3425 4747 3604 4817 σάρκα

2024 4834 2297 4905 γέννησιν.
2327 4833 2440 4889 Καὶ
2475 4834 2578 4906 ὅρα
2616 4832 2778 4889 πάλιν
2817 4832 2911 4886 καὶ
2951 4831 3143 4902 ἑτέραν
3196 4829 3428 4884 ἐνταῦθα
3464 4847 3601 4900 προ-

2027 4917 2252 4989 φητείαν
2279 4917 2712 4986 διαλάμπουσαν.
2743 4917 2818 4971 Οὐ
2845 4916 2956 4988 γὰρ
2989 4915 3149 4987 μόνον
3173 4915 3254 4969 ὅτι
3282 4913 3605 4986 τεχθήσεται

2027 4999 2201 5065 εἶπεν,
2221 5001 2434 5056 ἀλλ’ὅτι
2461 5002 2554 5055 καὶ
2591 5000 2862 5073 ἐπίσημον
2895 5000 3049 5053 ἔσται
3085 4999 3146 5052 τὸ
3176 5000 3395 5070 χωρίον,
3424 4998 3604 5053 καίτοι

2026 5088 2242 5151 εὐτελὲς
2265 5086 2323 5141 ὂν
2351 5087 2467 5140 καί
2491 5086 2715 5159 μικρόνο
2743 5084 3028 5155 Οὐδαμῶς
3050 5083 3172 5156 ιγάρ
3215 5083 3509 5152 ἐλαχίστη
3547 5078 3604 5136 εἰ

2024 5172 2094 5227 ἐν
2117 5171 2241 5239 τοῖς
2263 5172 2558 5244 ἡγεμόσιν
2582 5169 2789 5237 Ἰούδα,
2812 5169 2967 5240 φησί.

2094 5414 2251 5468 Πᾶσα
2285 5413 2466 5465 τοίνυν
2509 5412 2544 5483 ἡ
2577 5410 2867 5481 οἰκουμένη
2905 5407 3184 5479 συντρέχει
3214 5405 3310 5461 νῦν
3345 5407 3472 5461 ἰδεῖν
3502 5403 3602 5475 τὴν

2023 5496 2304 5567 Βηθλεέμ,
2352 5494 2483 5548 ἔνθα
2533 5494 2743 5565 τεχθεὶς
2791 5493 2987 5565 ἐτέθη,
3035 5490 3330 5562 οὐδαμόθεν
3380 5489 3603 5544 ἄλλοθεν

2023 5581 2136 5635 ἀλλ’
2182 5580 2217 5651 ἢ
2263 5578 2511 5633 ἐντεῦθεν
2548 5579 2726 5650 μόνον.
2762 5577 2952 5641 ’Ἄλλος
3000 5576 3158 5630 πάλιν
3196 5576 3290 5629 καὶ
3337 5575 3429 5628 τὸν
3478 5592 3603 5628 και-

2027 5664 2137 5737 ρὸν,
2187 5664 2246 5717 ἐν
2294 5655 2340 5731 ᾧ
2383 5661 2578 5735 ἔμελλε
2623 5660 3062 5733 παραγίνεσθαι,
3106 5659 3373 5730 ἐδήλωσεν
3429 5656 3601 5737 οὕτως

2027 5736 2227 5801 εἰπών·
2291 5747 2414 5801 Οὐκ
2471 5745 2738 5827 ἐκλείψει
2805 5744 3004 5815 ἅρχων
3056 5743 3124 5810 ἐξ
3188 5740 3413 5808 Ἰούδα,
3459 5736 3601 5793 οὐδὲ
