4062 6166
416 331 520 389 8ίἹ

416 447 752 518 ἡγούμενος
790 445 860 499 ἐκ
909 445 1029 500 τῶν
1067 446 1267 516 μερῶν
1311 442 1521 507 αὐτοῦ,
1564 441 1679 506 ἕως
1725 440 1803 494 ἂν
1849 439 1997 508 ἔλθῃ

417 527 464 601 ᾧ
499 531 827 588 ἀπόκειται.
872 529 984 583 Καὶ
1035 528 1219 595 αὐτὸς
1265 525 1597 595 προσδοκία
1643 521 1855 587 ἐθνῶν,
1908 520 2002 574 δε-

416 616 658 685 σμεύων
699 613 848 683 πρὸς
894 612 1168 682 ἄμπελον
1216 618 1325 665 τὸν
1379 607 1588 664 πῶλον
1632 606 1851 671 αὐτοῦ,
1901 602 2001 658 καί

417 698 493 768 τῇ
529 698 686 753 ἕλικι
739 699 847 752 τόν
896 697 1104 749 πῶλον
1149 693 1260 763 τῆς
1314 693 1459 747 ὄνου
1503 692 1689 747 αὑτοῦ
1715 706 1731 721 ο
1783 688 2009 744 πλυνεῖ

416 783 487 835 ἐν
517 782 660 848 οἴνῳ
689 781 805 848 τὴν
830 779 1066 846 στολὴν
1094 777 1301 839 αὑτοῦ,
1328 777 1425 830 καὶ
1447 776 1518 828 ἐν
1540 774 1741 845 αἵματι
1770 786 2001 841 σταφυ-

414 863 535 933 λῆς
572 865 687 932 τὴν
730 861 1058 932 περιϐολὴν
1089 861 1309 916 αὐτοῦ·
1341 859 1651 928 χοροποιοί
1690 861 1744 913 οἱ
1777 859 2002 927 ὀφθαλ-

415 948 513 1016 μοί
537 948 723 1002 αὐτοῦ
747 947 866 1001 ἀπὸ
888 947 1079 1010 οἴνου,
1105 944 1203 999 καί
1224 944 1433 1000 λευκοὶ
1460 947 1513 998 οἱ
1544 944 1789 1011 ὀδόντες
1814 942 2000 998 αὑτοῦ

414 1032 454 1098 ἢ
494 1028 669 1099 γάλα.
692 1031 835 1101 Ὅρα
873 1030 966 1083 καὶ
1006 1028 1210 1101 ταύτην
1252 1029 1352 1098 τὴν
1404 1027 1738 1099 προφητείαν
1775 1026 2001 1097 διαπρέ-

415 1128 640 1168 πουσαν.
696 1112 830 1167 Τότε
883 1112 992 1183 γὰρ
1038 1109 1419 1182 παραγίνεται,
1463 1110 1550 1163 ὅτε
1593 1109 1777 1165 λοιπὸν
1817 1110 2001 1164 ἐπέλι-

415 1212 517 1250 πον
540 1198 587 1250 οί
616 1195 877 1269 ἄρχοντες
911 1196 961 1248 οί
1004 1194 1306 1254 Ἰουδαῖκοὶ,
1347 1195 1442 1246 καὶ
1484 1192 1589 1247 ὑπὸ
1632 1193 1701 1247 τὰ
1742 1193 1999 1265 σκῆπτρα

415 1280 524 1334 τῶν
560 1279 845 1351 Ῥωμαίων
884 1279 1132 1348 ἐγένοντο
1151 1294 1164 1308 ο
1191 1278 1285 1331 καὶ¹
1314 1277 1484 1340 οὕτως
1512 1276 1814 1349 ἐπληροῦτο
1841 1277 1936 1330 καὶ
1961 1279 1994 1348 ή

416 1365 723 1436 προφητεία
763 1366 796 1434 ἡ
832 1364 1087 1432 λέγουσα,
1120 1363 1201 1416 ὅτι
1227 1364 1350 1416 Οὐκ
1378 1362 1647 1429 ἐκλείψει
1687 1361 1888 1430 ἄρχων
1928 1360 1999 1426 ἐξ

427 1446 643 1512 Ἰούδα,
666 1445 809 1501 οὐδὲ
835 1446 1167 1515 ἡγούμενος
1187 1445 1257 1498 ἐκ
1285 1443 1403 1497 τῶν
1427 1441 1634 1514 μηρῶν
1658 1441 1866 1506 αὐτοῦ,
1888 1443 2000 1507 ἕως

417 1529 494 1585 ἂν
523 1531 671 1598 ἔλθη
692 1523 740 1595 ᾧ
762 1530 1093 1593 ἀπόκειται,
1126 1529 1217 1582 τὸν
1243 1528 1479 1599 Χριστὸν
1517 1527 1769 1596 λέγουσα.
1832 1526 1997 1597 Ὁμοῦ

416 1632 477 1667 τε
498 1615 607 1686 γὰρ
638 1614 855 1685 ἐτέχθη,
886 1614 982 1667 καὶ
1003 1613 1299 1683 ἀπογραφὴ
1331 1611 1547 1679 ἐγένετο
1577 1611 1759 1682 ἐκείνη
1780 1609 1996 1682 πρώτη,

417 1697 806 1768 κρατησάντων
867 1697 1153 1766 Ῥωμαίων
1193 1694 1285 1748 τοῦ
1349 1695 1617 1750 Ἰουδαίων
1660 1692 1865 1757 ἔθνους,
1902 1693 1999 1746 καὶ⁸

416 1779 521 1831 ὑπὸ
550 1778 712 1846 ζυγὸν
739 1779 839 1848 τῆς
867 1779 1073 1843 οίκείας
1117 1778 1395 1848 βασιλείας
1426 1777 1743 1846 ἀγαγόντων
1777 1776 1995 1839 αὐτούς.

416 1858 547 1914 Εἶτα
576 1861 669 1914 καὶ
700 1860 829 1914 ἄλλο
860 1862 1341 1933 παρασημαίνεται
1389 1861 1467 1931 τῷ
1505 1860 1713 1928 λέγειν’
1745 1858 1856 1913 Καὶ
1890 1862 1998 1913 αὺ-

417 1946 517 2013 τὸς
537 1945 869 2014 προσδοκία
893 1945 1084 1999 ἐθνῶν
1103 1962 1115 1975 ο
1146 1944 1595 2019 παραγενόμενος
1621 1943 1732 2013 γάρ
1764 1943 1833 1996 τά
1868 1942 1995 2014 ἐθνη

416 2032 592 2086 πάντα
630 2030 1000 2085 ἐπεσπάσατο.
1042 2029 1308 2099 Ἐμελλεν
1347 2032 1375 2083 6
1419 2027 1686 2100 Ἡρώδης,
1722 2027 1997 2098 ἐπιζητῶν

413 2114 573 2168 αὐτὸν
600 2114 879 2184 τεχθέντα,
911 2114 1155 2185 ἀναιρεῖν
1182 2113 1252 2167 τά
1282 2112 1469 2166 αὐτόθι
1500 2113 1710 2166 παιδία.
1739 2113 1848 2165 ΚαὶΙ
1875 2112 1997 2166 οὐδὲ

413 2200 571 2253 τοῦτο
599 2199 860 2268 ἐσίγησαν
880 2200 929 2250 οί
961 2197 1262 2268 προφῆται,
1290 2198 1425 2251 άλλά
1463 2197 1569 2268 πρὸ
1611 2196 1822 2251 πολλῶν
1866 2214 1998 2268 προ-

413 2281 767 2352 ανεφώνησαν
814 2279 964 2351 [562]
1010 2280 1119 2332 τῶν
1161 2280 1369 2351 χρόνων
1404 2280 1670 2344 εἰπόντες,
1723 2279 1894 2348 Φωνὴ
1927 2279 1999 2334 ἐν

426 2362 612 2433 Ῥαμᾷ
637 2363 934 2430 ἠκούσθη,
968 2361 1191 2430 θρῆνος
1215 2362 1313 2415 καί
1344 2364 1651 2431 κλαυθμὸς
1696 2363 1793 2418 καί
1822 2364 1998 2432 ὀδυρ-

413 2448 526 2518 μὸς
564 2447 793 2512 πολύςο
840 2446 1069 2515 Ῥαχὴλ
1118 2446 1418 2500 κλαίουσα
1453 2445 1528 2499 τὰ
1554 2446 1739 2501 τέκνα
1788 2446 1996 2514 αὐτῆς,

296 2542 305 2552 ‘
413 2531 514 2584 καί
528 2532 639 2586 οὐκ
660 2529 841 2598 ἤθελε
858 2527 1336 2597 παρακληθῆναι,
1355 2529 1445 2583 ὅτι
1469 2532 1581 2584 οὐκ
1595 2531 1774 2584 είσίν.
1796 2531 1861 2583 Ἐ
1870 2530 1998 2601 μελ-

413 2615 502 2669 λεν
530 2615 589 2682 ἐξ
620 2614 896 2683 Αἰγύπτου
927 2613 1169 2667 ἀνιέναι·
1197 2615 1291 2667 καὶ
1323 2613 1484 2667 τοῦτο
1514 2614 1792 2685 ἐδήλωσαν
1819 2613 2001 2667 εἰπόν-

412 2718 503 2763 τες
522 2716 537 2730 ο
566 2699 671 2763 Ἐξ
692 2699 996 2768 Αἰγύπτου
1029 2696 1297 2752 ἐκάλεσα
1329 2697 1437 2752 τὸν
1482 2698 1619 2752 Υὶόν
1644 2715 1787 2767 μου.
1839 2695 2001 2750 Ἀλλά

413 2785 509 2838 καὶ
531 2784 588 2836 ἐν
603 2783 786 2845 τόποις
810 2784 1063 2852 φανεροῖς
1088 2782 1534 2853 παραγενόμενος
1551 2780 1775 2850 ἔμελλεν
1799 2780 1999 2846 εὐθέως

413 2883 482 2938 ση
492 2868 617 2937 μεῖα
652 2868 829 2917 ποιεῖν
849 2864 943 2918 καὶ
962 2864 1236 2918 διδάσκειν
1258 2881 1273 2897 ·
1303 2864 1581 2919 καὶτοῦτο
1612 2864 2001 2936 προανεφωνή-

414 2950 505 3019 θη.
528 2949 727 3001 ’Ἄκουε
759 2947 869 3015 γὰρ
910 2948 1133 3002 Ἡσαΐου
1154 2947 1409 3016 λέγοντος
1431 2964 1446 2979 ·
1461 2946 1631 3015 Χώρα
1655 2945 1996 3010 Ζαϐουλὼν,

413 3032 490 3104 τῆ
512 3034 873 3103 Νεφθαλείμ,
902 3034 935 3087 ό
962 3032 1110 3099 λαός
1134 3036 1167 3086 ό
1188 3030 1524 3101 καθήμενος
1554 3032 1625 3085 ἐν
1652 3032 1855 3085 σκότει
1878 3026 2000 3084 εἶδε

412 3118 539 3189 φῶς
555 3118 728 3189 μέγα,
750 3119 849 3172 καί
876 3116 999 3183 τοῖς
1021 3116 1376 3185 καθημένοις
1397 3116 1469 3169 ἑν
1498 3117 1701 3169 σκότει
1727 3114 1824 3168 καὶ
1854 3112 1999 3181 σκιᾷ

413 3202 675 3260 θανάτου
702 3202 828 3273 φῶς
848 3201 1157 3256 ἀνέτειλεν
1181 3200 1413 3266 αὐτοῖς’
1448 3200 1550 3271 τὴν
1582 3198 1886 3268 παρουσίαν
1908 3198 2001 3252 αὐ-

411 3286 508 3339 τοῦ
546 3285 791 3340 ἐντεῦθεν
842 3283 1016 3356 δηλῶν
1046 3283 1147 3356 τὴν
1176 3284 1357 3336 ἐκεῖσε
1404 3281 1540 3355 [τὴν
1572 3280 1922 3336 διδασκαλίαν
1944 3279 1957 3353 |
1979 3320 1995 3346 ,

412 3370 510 3443 τὴν
541 3371 650 3425 ἀπὸ
676 3370 783 3423 τῶν
811 3369 1105 3440 θαυμάτων
1133 3366 1434 3438 γενομένην
1463 3368 1647 3430 αὐτοῖς
1678 3366 1994 3434 ἐπίγνωσιν.

413 3451 550 3509 Εἶτα
581 3453 741 3508 πάλιν
777 3453 940 3523 ἐτερα
979 3451 1233 3522 θαύματα
1263 3450 1639 3521 διηγούμενος,
1678 3449 1772 3503 καὶ
1785 3449 1999 3513 δεικνὺς

415 3538 534 3599 πῶς
552 3536 761 3607 χωλοὺς
809 3534 1169 3605 ἐθεράπευσε,
1202 3534 1320 3596 πῶς
1343 3533 1582 3601 τυφλοὺς
1635 3531 1845 3593 ίάσατο,
1882 3530 1999 3594 πῶς

415 3617 649 3681 ἀλάλους
670 3618 1056 3690 παρεσκεύασε
1089 3617 1291 3671 λαλεῖν.
1329 3620 1467 3670 Τότε
1505 3615 1995 3685 ἀνοιχθήσονται,

414 3702 599 3773 φησὶν,
636 3701 931 3769 ὀφθαλμοὶ
973 3698 1239 3768 τυφλῶν,
1273 3699 1370 3752 καὶ
1409 3694 1530 3753 ὦτα
1561 3696 1776 3766 κωφῶν
1818 3697 1998 3751 ἁκού-

415 3793 646 3839 σονται.
697 3782 806 3835 Καὶ
856 3782 970 3853 μεθ’
1002 3782 1192 3853 ἐτερα·
1234 3783 1370 3835 Τότε
1397 3780 1625 3834 άλεῖται
1653 3781 1734 3847 ὡς
1770 3781 1998 3849 ἔλαφος

415 3871 449 3921 ό
479 3866 693 3936 χωλός,
749 3865 847 3919 καί
895 3865 1083 3935 τρανὴ
1130 3866 1302 3920 ἔσται
1333 3863 1588 3934 ¹γλῶσσα
1613 3865 1992 3935 μογιλάλωνο

413 3954 550 4024 ὅπερ
574 3951 827 4005 οὐδέποτε
850 3951 1091 4019 γέγονεν,
1124 3949 1156 4021 ἢ
1198 3950 1291 4002 ἐπὶ
1320 3951 1420 4020 τῆς
1460 3950 1765 4020 παρουσίας
1809 3949 1993 4004 αὐτοῦ.

427 4036 617 4091 Ἐνίων
641 4034 698 4087 δέ
722 4033 964 4104 σημείων
986 4034 1078 4086 καὶ
1109 4033 1293 4096 ἱδικῶς
1312 4034 1336 4084 ἐ
1345 4050 1451 4104 μνη
1461 4033 1748 4103 μόνευσαν.
1766 4032 1996 4102 Εἰσῆλθε

413 4119 544 4188 γοῦν
573 4135 701 4171 ποτε
727 4119 807 4181 είς
833 4117 895 4170 τὸ
924 4117 1087 4186 ἱερὸν,
1125 4116 1219 4170 καὶ
1256 4116 1325 4169 τά
1364 4116 1553 4170 παιδία
1598 4116 1678 4169 ἐτι
1718 4117 1997 4187 ύπομάζια

413 4204 510 4259 καὶ
539 4201 905 4274 ἀδιάρθρωτον
937 4202 1034 4273 τὴν
1074 4200 1257 4271 φωνὴν
1300 4201 1493 4271 ἔχοντα
1538 4196 1663 4276 ᾖδον
1711 4204 1791 4266 είς
1834 4202 1996 4256 αὐτὸν

416 4287 615 4361 ὕμνους
641 4287 837 4358 ἱεροὺς,
855 4285 999 4340 οὕτω
1030 4284 1257 4355 λέγοντα
1273 4301 1287 4315 ο
1328 4285 1593 4339 Ὡσαννὰ
1617 4287 1688 4339 ἐν
1711 4285 1837 4352 τοῖς
1855 4287 1997 4355 ὑψί-

412 4388 580 4438 στοις
605 4388 617 4402 ’
645 4370 1053 4441 εὐλογημένος
1090 4372 1123 4423 ό
1153 4369 1477 4439 ἐρχόμενος
1509 4370 1580 4423 ἐν
1608 4370 1851 4439 ὀνόματι
1881 4374 1995 4424 Κυ-

410 4456 566 4523 ρίου.
580 4453 750 4506 Τοῦτο
773 4454 978 4507 ἄνωθεν
1000 4456 1263 4525 προεῖπεν
1282 4455 1309 4506 ό
1329 4454 1615 4524 προφήτης
1635 4452 1779 4506 οὕτω
1799 4452 1991 4521 λέγων’

426 4539 530 4592 Ἐκ
558 4537 855 4605 στόματος
890 4537 1124 4603 νηπίων
1146 4535 1241 4590 καὶ
1268 4535 1641 4603 θηλαζόντων
1661 4537 1997 4605 κατηρτίσω

413 4616 611 4684 αἶνον,
628 4619 734 4673 τοῦ
759 4620 1093 4673 καταλῦσαι
1110 4618 1328 4687 ἐχθρὸν
1342 4617 1800 4686 καίέκδικητήν.
1833 4619 1997 4691 Ὁρᾷς

414 4705 536 4769 πῶς
567 4703 688 4759 καθ’
715 4703 913 4775 ἑαυτὴν
955 4707 987 4773 ἠ
1021 4703 1181 4772 φύσις
1213 4702 1593 4774 ἀγωνιζομένη
1635 4705 1730 4757 καὶ
1769 4704 1859 4757 τὸν
1900 4699 1997 4775 δη·
2024 4730 2032 4753 ι

419 4788 677 4858 μιουργδν
702 4785 1151 4860 ἀνακηρύττουσα
1195 4787 1228 4855 ή
1271 4786 1641 4856 ἀπειρόκακος
1685 4786 1869 4857 ἡλικία
1902 4787 1996 4840 καὶ¹

420 4874 588 4944 μήπω
611 4870 903 4943 διαρθροῦν
931 4869 1114 4941 φωνὴν
1142 4868 1414 4939 δυναμένη
1438 4869 1795 4925 ἀποστολικὸν
1822 4870 1997 4925 ἀνεδέ-

419 4957 545 5023 ξατο
572 4962 862 5027 κήρυγμα;

484 5240 545 5294 δ’.
564 5240 785 5312 Ἐπειδὴ
813 5239 870 5294 δέ
900 5238 1282 5311 διαλεγόμενος
1316 5238 1551 5309 ἀλλαχοῦ
1584 5242 1694 5304 τοῖς
1716 5240 1991 5305 Ἰουδαίοις

414 5331 503 5385 διὰ
516 5330 612 5401 τὴν
628 5327 1021 5400 ἀγνωμοσύνην
1038 5329 1217 5381 αὐτῶν
1237 5329 1709 5399 συνεσκιασμὲνως
1733 5329 1801 5383 τὰ
1824 5329 1995 5383 πολλά

416 5417 701 5487 διελέγετο,
737 5417 811 5481 ὡς
837 5418 895 5470 ἐν
912 5416 1195 5486 αἰνίγματι
1225 5417 1320 5469 καὶ
1349 5415 1707 5487 παραϐολαῖς,
1728 5417 1995 5472 καὶτοῦτο

416 5504 619 5560 ἄνωθεν
668 5504 967 5575 πῳελέχθη
989 5519 1004 5534 ⁸
1062 5502 1391 5573 Φθέγξομαι
1436 5505 1826 5575 προϐλήματα
1877 5506 1995 5559 ἀπὸ

416 5592 755 5660 καταϐολῆς
788 5595 1039 5662 κόσμου,
1100 5592 1411 5662 ἐρεύξομαι
1467 5593 1844 5663 κεκρυμμένα
1893 5595 1994 5648 ἀπ’

414 5678 629 5747 ἀρχῆς.
678 5680 840 5735 Ἀλλὰ
873 5681 969 5733 καὶ
996 5680 1094 5750 τὴν
1125 5681 1316 5749 σοφίαν
1339 5682 1437 5752 τὴν
1462 5681 1521 5735 ἐν
1545 5680 1622 5751 τῷ
1661 5680 1995 5755 δημηγορεῖν

414 5764 624 5823 ἄνωθεν
650 5767 1146 5837 προανακηρύττων
1187 5769 1215 5821 ὁ
1256 5769 1540 5841 προφήτης
1590 5769 1810 5840 ἔλεγεν⁹
1866 5770 1991 5837 Ἐξ-

1145 329 1205 386 S.
1243 322 1531 386 JOANNIS
1566 324 1915 381 CHRYSOS'I
1931 325 2049 378 0M:
2089 324 2413 382 ARCHIEP.
2452 323 3001 383 CONSTANTINOP.

3585 329 3686 385 818

2104 442 2289 509 εκῠθη
2306 442 2343 510 ἢ
2362 439 2532 511 χάρις
2554 441 2625 496 ἐν
2651 442 2888 512 χείλεσι
2912 455 3031 496 σου
3049 457 3063 471 ·
3086 441 3180 494 καὶ
3194 436 3380 512 ἐτερος
3404 442 3657 515 προφήτης
3666 460 3691 507 ς

2105 526 2303 579 πάλινο
2352 527 2500 582 Ἰδοὺ
2530 528 2792 597 συνήσει
2814 533 2847 583 ό
2885 528 3026 595 παῖς
3044 546 3185 598 μου,
3230 528 3325 583 καί
3371 529 3689 597 ὑψωθήσεδ

2105 629 2199 667 ται
2223 616 2321 669 καὶ
2346 614 2796 685 δοξασθήσεται
2827 616 2927 671 καὶ
2963 614 3509 687 μετεωρισθήσεται
3540 618 3692 688 σφό-

2105 701 2236 770 δρα.
2266 703 2378 758 Καὶ
2397 704 2497 774 τῆς
2527 703 2831 775 παρουσίας
2860 704 3032 774 αὐτῆς
3063 702 3134 757 τά
3181 701 3591 775 κατορθώματα
3621 705 3691 757 τά

2111 789 2249 860 μετά
2283 791 2391 845 τῶν
2427 790 2670 863 σημείων
2703 791 2967 861 γινόμενα
2986 790 3062 855 ὡς
3094 791 3152 843 ἐν
3183 789 3379 861 βραχεί
3397 791 3690 863 διηγούμιο

2106 894 2218 943 νος,
2250 879 2412 933 πάλιν
2439 880 2601 945 αὐτὸς
2630 879 2803 943 οὕτως
2830 880 3015 949 ἐλεγεο
3054 877 3299 947 Πνεῦμα
3344 879 3569 947 Κυρίου
3596 875 3691 934 ἐπ’

2106 967 2229 1036 ἐμὲ,
2264 963 2336 1023 οὗ
2362 967 2570 1022 ἕνεκεν
2598 967 2806 1037 ἐχρισέ
2841 985 2937 1038 με,
2988 966 3498 1037 εὐαγγελίσασθαι
3536 984 3691 1021 πτω-

2107 1054 2238 1124 χοῖς
2264 1054 2616 1110 ἀπέσταλκέ
2629 1072 2726 1124 με,
2755 1054 3012 1124 κηρῦξαι
3040 1053 3443 1124 αἰχμαλώτοις
3470 1054 3695 1126 ἄφεσιν

2106 1141 2206 1195 καί
2237 1143 2491 1212 τυφλοῖς
2516 1143 2874 1213 ἀνάϐλεψιν.
2928 1142 3149 1213 Ἐπειδὴ
3186 1142 3282 1195 καὶ
3323 1143 3416 1196 τὸν
3453 1143 3694 1199 τοσαῦτα

2107 1228 2497 1301 εὐεργετοῦντα
2541 1230 2740 1293 αὐτοὺς
2798 1229 3023 1300 ἔμελλον
3078 1229 3521 1300 ἀποστρέφεσθαι
3569 1233 3692 1303 εἰκῇ

2106 1316 2203 1371 καὶ
2234 1316 2432 1387 μάτην,
2463 1317 2523 1370 οὐ
2557 1316 2775 1389 μικρὸν,
2810 1317 2871 1370 οὐ
2902 1318 3049 1388 μέγα
3070 1316 3284 1388 ἔχοντες
3305 1317 3579 1386 ἐγκαλεῖν,
3599 1321 3695 1374 καὶ

2105 1400 2264 1454 τοῦτο
2289 1402 2767 1475 προανεκηρύχθη.
2828 1404 3029 1456 Ἀκουε
3063 1403 3173 1475 γάρ
3210 1404 3306 1458 τοῦ
3336 1403 3502 1459 Δαυῒδ
3533 1405 3694 1462 τοῦτο

2106 1489 2238 1542 αὐτὸ
2264 1490 2723 1562 προθεσπίζοντος
2743 1489 2887 1544 οὕτω
2916 1491 3008 1544 καὶ
3035 1491 3289 1559 λέγοντος
3309 1508 3321 1520 ·
3368 1491 3535 1547 Μετὰ
3571 1492 3695 1547 τῶν

2100 1579 2446 1645 μισούντων
2499 1578 2616 1647 τὴν
2667 1579 2923 1648 εἰρήνην
2955 1578 3120 1648 ἢμην
3155 1581 3490 1647 εἰρηνικός-⁸
3546 1580 3696 1636 ὅταν

2106 1665 2375 1721 ἐλάλουν
2397 1667 2624 1734 αὐτοῖς,
2658 1667 3004 1737 ἐπολέμουν
3032 1685 3112 1738 με
3151 1652 3397 1736 δωρεάν.
3459 1669 3694 1740 Ἔμελλε

2106 1756 2202 1808 καὶ
2235 1755 2329 1808 ἐπὶ
2355 1756 2477 1809 ὄνου
2498 1756 2793 1828 ὀχούμενος
2813 1756 2987 1820 οὕτως
3006 1759 3086 1820 είς
3111 1756 3211 1827 τὴν
3245 1756 3401 1810 πόλιν
3428 1758 3656 1811 είσιέναι
3675 1774 3690 1787 ·

2106 1842 2378 1896 καὶτοῦτο
2408 1843 2615 1898 ἄνωθεν
2640 1843 3100 1915 προανεκηρύχθη
3143 1844 3251 1897 ὑπὸ
3291 1844 3562 1916 Ζαχαρίου
3606 1845 3697 1899 λέ-

2105 1947 2294 2000 γοντος
2313 1929 2475 1984 οὕτωσ
2501 1930 2676 2000 Χαῖρε
2700 1930 2955 2000 σφόδρα,
2975 1931 3230 2000 θύγατερ
3257 1930 3433 1997 Σιὼν,
3459 1932 3691 2001 κήρυσο

2105 2033 2200 2081 σε,
2223 2018 2475 2087 θύγατερ
2514 2018 2943 2087 Ἰερουσαλήμ·
2981 2017 3112 2073 ὶδοὺ
3141 2022 3175 2073 ό
3221 2019 3526 2086 ,βασιλεύς
3571 2036 3692 2075 σου

2104 2104 2341 2175 ἔρχεταί
2368 2120 2469 2159 σοι
2501 2106 2694 2175 πραῢς
2720 2106 2820 2160 καί
2848 2106 3222 2183 ἐπιϐεϐηκὼς
3244 2107 3345 2161 ἐπί
3370 2108 3697 2179 ὑποζύγιον

2105 2193 2205 2246 καὶ
2227 2192 2434 2247 πῶλον
2459 2196 2620 2247 νέον.
2663 2193 2918 2260 Ἐξέὸαλε
2945 2193 3074 2258 τούς
3114 2192 3434 2258 πωλοῦντας
3458 2194 3559 2258 τάς
3597 2211 3698 2248 πε-

2109 2280 2366 2352 ριστερὰς
2394 2281 2634 2345 καὶτοὺς
2657 2266 3037 2346 κολλυϐιστάς.
3069 2280 3275 2334 Ἐποίει
3300 2281 3358 2334 δὲ
3381 2281 3542 2335 τοῦτο
3563 2283 3697 2336 αὐτὸ

2107 2366 2256 2439 ζήλῳ
2284 2367 2363 2439 τῷ
2395 2368 2537 2440 ὑπὲρ
2570 2366 2664 2421 τοῦ
2705 2368 2891 2435 οἴκου,
2931 2368 3029 2422 καὶ
3065 2368 3185 2438 ἀμα
3227 2368 3445 2433 δεικνὺς
3485 2370 3568 2422 ὅτι
3595 2370 3698 2423 οὐκ

2103 2454 2350 2520 ἀντίθὲός
2370 2456 2454 2521 τίς
2476 2458 2644 2521 ἐστιν,
2673 2457 2810 2512 ἀλλά
2842 2458 2938 2511 καὶ
2973 2455 3125 2529 [563]
3154 2456 3445 2528 σύμφωνος
3468 2457 3549 2529 τῷ
3578 2460 3697 2513 Πα-

2104 2544 2196 2615 τρί
2214 2561 2229 2574 ο
2255 2543 2337 2599 διὸ
2365 2545 2459 2599 καὶ
2488 2544 2720 2609 ἐξεδίκει
2743 2545 2835 2599 τὸν
2855 2541 3005 2599 οἷκον
3025 2545 3101 2609 ὡς
3124 2546 3183 2599 ἐν
3208 2545 3359 2617 αὐτῷ
3392 2546 3699 2618 καπηλείας

2104 2630 2374 2703 τοσαύτης
2406 2632 2722 2703 γινομένης.
2761 2632 2898 2687 Οὐδέ
2934 2632 3095 2686 τοῦτο
3128 2632 3458 2704 κατελείφθη
3503 2634 3699 2688 ἀνεπιο

2108 2720 2370 2791 σήματον,
2402 2716 2538 2773 ἀλλά
2570 2721 2666 2774 καὶ
2694 2719 2827 2775 αὐτὸ
2848 2721 2877 2774 6
2912 2722 3203 2793 προφήτης
3246 2719 3411 2774 Δαυῒδ
3460 2738 3703 2793 προαγο-

2111 2805 2305 2876 ρεύων,
2356 2806 2451 2860 καὶ
2494 2807 2594 2879 τὴν
2626 2805 2875 2879 γνώμην,
2922 2807 3041 2879 μεθ’
3076 2803 3145 2879 ἧς
3189 2806 3288 2878 τὴν
3331 2805 3613 2880 ἐκδίκησιν
3643 2807 3702 2861 E-

2107 2912 2334 2968 πραττε,
2392 2896 2802 2968 προαναφωνῶν
2860 2896 3010 2965 λέγει
3031 2911 3046 2927 ⁶
3090 2897 3144 2949 Ὀ
3176 2894 3354 2964 ζῆλος
3380 2896 3489 2951 τοῦ
3524 2897 3701 2953 οἴκου

2106 3001 2222 3040 σου
2249 2983 2547 3055 κατέφαγέ
2565 3001 2663 3055 με.
2697 2985 2762 3038 Τί
2804 2983 2998 3038 τούτου
3036 2984 3241 3054 γένοιτ’
3280 2984 3347 3039 ἂν
3378 2985 3703 3058 ἐναργέστε-

2108 3090 2230 3144 ρον;
2262 3072 2495 3144 Ἔμελλε
2525 3071 2938 3145 παραδίδοσθαι,
2962 3074 3058 3126 καὶ
3082 3074 3110 3125 6
3128 3071 3403 3126 κοινωνῶν
3421 3072 3572 3144 αὐτῷ
3598 3073 3701 3145 τῆς

2106 3159 2383 3232 τραπέζης
2406 3160 2508 3230 τὴν
2536 3159 2828 3230 προδοσίαν
2863 3158 3219 3229 ἐργάζεσθαι.
3261 3159 3408 3230 Ὅρα
3456 3160 3577 3224 πῶς
3603 3163 3699 3217 καὶ

2108 3247 2269 3299 τοῦτο
2306 3247 2720 3319 προηγόρευσεν
2745 3248 2773 3300 ὁ
2801 3247 2966 3313 αὐτὸς
2993 3240 3156 3312 οὗτος
3174 3249 3461 3320 προφήτης
3490 3248 3663 3319 λέγων
3681 3266 3698 3281 ⁸

2119 3335 2180 3388 '0
2210 3335 2431 3389 ἐσθίων
2455 3336 2676 3405 ἄρτους
2697 3353 2812 3405 μου
2846 3336 3223 3405 ἐμεγάλυνεν
3259 3335 3352 3389 ἐπ’
3381 3336 3488 3406 ἐμὲ
3534 3353 3703 3406 πτερ-

2104 3426 2347 3492 νισμόν.
2386 3423 2588 3477 Σκόπει
2617 3423 2676 3476 δὲ
2718 3423 2812 3478 καλ⁵
2848 3423 2944 3477 τοῦ
2988 3422 3379 3493 εὐαγγελιστοῦ
3409 3424 3508 3495 τὴν
3561 3441 3701 3495 συμ-

2107 3512 2334 3581 φωνίαν’
2386 3512 2448 3566 '0
2472 3511 2771 3582 ἐμϐάψας,
2812 3513 2967 3584 φησὶ,
3019 3513 3147 3583 μετ’
3197 3512 3345 3583 ἐμοῦ
3374 3512 3489 3581 τὴν
3531 3513 3701 3583 χεῖρα

2105 3599 2293 3653 αὑτοῦ
2308 3599 2379 3652 ἐν
2402 3598 2483 3665 τῷ
2511 3602 2793 3668 τρυϐλίῳ,
2823 3596 3008 3667 οὗτός
3022 3617 3100 3670 με
3119 3599 3481 3669 παραδώσει.
3498 3601 3703 3673 Ἔμελο

2105 3686 2195 3740 λεν
2229 3688 2258 3740 ό
2290 3688 2619 3760 παραδιδοὺς
2641 3690 2805 3744 αὐτὸν
2824 3691 2925 3761 οὐχ
2944 3689 3137 3754 ἁπλῶς
3171 3690 3546 3762 παραδιδόναι,
3562 3690 3701 3746 ἀλλά

2106 3773 2302 3828 πωλῶν
2333 3776 2395 3829 τὸ
2425 3769 2565 3847 αἷμα
2592 3777 2653 3829 τὸ
2674 3778 2876 3848 τίμιον,
2902 3777 2997 3830 καὶ
3027 3780 3289 3849 χρήματα
3325 3778 3466 3851 ὑπὲρ
3505 3778 3699 3833 τούτου

2103 3864 2416 3936 λαμϐάνων.
2440 3865 2576 3919 Οὐδέ
2590 3864 2747 3920 τοῦτο
2767 3866 3026 3936 ἐσίγησεν
3055 3869 3083 3920 6
3104 3868 3417 3938 προφήτης,
3445 3866 3581 3921 ἀλλά
3601 3869 3700 3921 καὶ

2104 3950 2172 4005 τά
2206 3952 2535 4022 ἀναίσχυντα
2566 3951 2894 4023 συμϐόλαια,
2927 3955 3024 4007 καὶ
3049 3955 3176 4017 τοὺς
3203 3953 3421 4022 λόγους,
3443 3954 3538 4018 οὓς
3560 3955 3699 4026 πρὸς

2102 4040 2365 4112 ἀλλήλους
2383 4040 2684 4109 ἐποιοῦντο,
2716 4042 3021 4113 ἐμφαίνων,
3057 4044 3119 4097 '0
3137 4041 3300 4110 Θεὸς,
3320 4042 3436 4111 τὴν
3456 4044 3702 4098 αίνεσίν

2099 4146 2218 4198 μου
2241 4128 2328 4198 μὴ
2357 4129 2864 4198 παρασιωπήσῃς,
2900 4130 3120 4200 ἔλεγεν,
3158 4130 3249 4184 δτι
3277 4131 3474 4201 στόμα
3513 4132 3701 4201 ἁμαρ»

2103 4218 2297 4273 τωλοῦ
2319 4218 2420 4276 καὶ
2446 4218 2643 4288 στόμα
2672 4218 2886 4275 δολίου
2915 4220 3012 4273 ἐπ’
3049 4219 3156 4287 ἐμὲ
3190 4221 3475 4290 ἠνοίχθη.
3519 4222 3577 4274 '0
3605 4222 3699 4275 αὐ-

2103 4306 2193 4369 τὸς
2223 4305 2489 4378 προδότης
2517 4308 2820 4377 μεταγνοὺς
2854 4306 3081 4380 ὕστερον
3104 4309 3245 4380 ύπέρ
3287 4302 3362 4362 ὧν
3400 4308 3693 4381 ἐτόλμησε,

2102 4394 2171 4447 τά
2188 4410 2247 4445 τε
2273 4392 2514 4466 ἀργύρια
2541 4394 2758 4465 ἔρριψε,
2785 4396 2883 4449 καὶ
2909 4395 3135 4468 δραμὼν
3179 4397 3276 4451 ἐπὶ
3328 4396 3522 4468 βρόχον
3552 4396 3696 4450 οὕτω

2102 4480 2194 4535 τὸν
2227 4481 2342 4552 βίον
2371 4482 2654 4550 κατέλυσε,
2691 4483 2893 4556 χηρείᾳ
2925 4485 3023 4556 τὴν
3056 4488 3293 4554 γυναῖκα
3331 4485 3427 4539 καὶ
3459 4483 3695 4558 ὀρφανίᾳ

2102 4568 2168 4623 τὰ
2193 4569 2360 4625 τέκνα
2376 4569 2673 4643 παραδοὺς,
2690 4572 2786 4625 καὶ
2812 4572 3021 4644 ἐρημίᾳ
3044 4572 3145 4645 τὴν
3174 4572 3376 4627 οίκίαν.
3412 4572 3551 4644 Ὅρα
3571 4571 3694 4636 πῶς

2104 4657 2201 4711 καὶ
2239 4657 2443 4729 ταύτην
2494 4659 2833 4731 ἐκτραγῳδεῖ
2861 4659 2959 4730 τὴν
3002 4660 3291 4732 συμφορὰν
3338 4663 3368 4714 6
3407 4658 3695 4732 προφήτης

2102 4743 2246 4798 οὕτω
2266 4745 2442 4815 λέγων
2458 4761 2472 4777 ο
2496 4746 2941 4815 Γενηθήτωσαν
2968 4748 3023 4801 οι
3044 4746 3165 4800 υἱοὶ
3204 4745 3391 4801 αὐτοῦ
3420 4746 3693 4816 ὀρφανοὶ,

2103 4833 2200 4887 καί
2222 4833 2262 4900 ἡ
2293 4833 2448 4905 γυνὴ
2470 4835 2658 4889 αὑτοῦ
2686 4833 2865 4904 χήρα,
2888 4834 3288 4904 σαλευόμενοι
3320 4832 3695 4903 μεταναστή-

2101 4938 2304 4977 τωσαν
2328 4925 2384 4976 οἱ
2406 4922 2524 4977 υἱοὶ
2553 4922 2759 4987 αὐτοῦ,
2794 4924 2893 4977 καί
2942 4923 3418 4993 ἐκϐληθήτωσαν
3454 4923 3525 4977 ἐκ
3571 4922 3695 4977 τῶν

2103 5010 2434 5066 οἰκοπέδων
2459 5010 2681 5066 αὐτῶν.
2725 5012 2887 5065 Ἀλλά
2912 5012 3010 5066 καὶ
3031 5013 3148 5065 ἀντ’
3169 5012 3381 5065 ἐκείνου
3408 5011 3529 5083 μετ’
3546 5014 3692 5065 ἐκεῖ·

2102 5117 2192 5154 νον
2222 5100 2409 5168 γέγονέ
2438 5118 2523 5163 τις
2548 5101 2843 5166 ἀπόστολος
2863 5104 2893 5156 ό
2913 5100 3184 5165 Ματθίας.
3208 5101 3319 5155 Καὶ
3339 5100 3497 5155 τοῦτο
3527 5100 3691 5154 πάλιν

2100 5190 2130 5241 6
2165 5188 2328 5252 αὐτὸς
2352 5192 2733 5260 προαναφωνεῖ
2749 5190 2923 5259 λέγων
2943 5205 2957 5219 ⁸
2987 5189 3107 5259 Τὴν
3129 5190 3479 5257 ἐπισκοπὴν
3500 5190 3693 5243 αὐτοῦ

2100 5280 2275 5334 λάϐοι
2306 5281 2527 5351 ἕτερος.
2561 5282 2923 5354 Προδοθιὲντος
2951 5284 3119 5338 αὐτοῦ
3154 5285 3249 5339 καὶ
3293 5283 3691 5355 συλληφθέντας

2102 5379 2338 5447 ἐκόντος,
2374 5380 2691 5435 συνίσταται
2712 5381 3066 5454 δικαστήριον
3096 5382 3296 5453 πολλῆς
3313 5383 3482 5452 γέμον
3512 5398 3695 5453 παρα-

2101 5478 2314 5550 νομίας,
2375 5478 2647 5533 Ἰουδαίων
2684 5495 2745 5531 τε
2790 5480 2885 5533 καὶ
2924 5479 3036 5533 τῶν
3068 5480 3128 5547 ἐξ
3168 5480 3358 5538 ἐθνῶν.
3400 5480 3544 5552 Ὅρα
3570 5478 3688 5542 πῶς

2101 5576 2194 5629 καὶ
2244 5576 2375 5631 αὐτὸ
2419 5575 2775 5646 προθεσπίζει
2812 5579 2841 5631 6
2891 5579 3191 5651 Προφήτης
3244 5577 3450 5649 λέγων·
3504 5579 3691 5633 Ἰνατί

2100 5673 2409 5742 ἐφρύαξαν
2433 5674 2605 5743 ἔθνη,
2653 5674 2755 5730 καὶ
2785 5676 2921 5729 λαοί
2959 5675 3337 5745 ἐμελέτησαν
3388 5674 3566 5740 κενάς
3607 5674 3691 5731 Οὐ

2100 5769 2273 5825 ταῦτα
2304 5769 2359 5823 δὲ
2384 5769 2546 5843 μόνον
2576 5771 3034 5843 προανεφώνησαν
3051 5789 3067 5805 '
3097 5771 3233 5827 ἀλλὰ
3257 5772 3351 5829 καὶ
3375 5772 3475 5845 τήν
3501 5768 3689 5846 σιγὴν,
