4062 6166
391 228 494 282 817

395 365 458 416 de
489 357 762 430 fautoribus
802 356 908 427 ejus
928 397 944 420 ,
985 356 1141 408 donec
1179 353 1343 407 veniat
1372 352 1451 405 cui
1481 352 1753 422 repositum
1781 361 1886 415 est,
1916 361 1965 405 et

387 455 496 521 ipse
534 448 838 517 exspectatio
890 444 1124 500 Gentium
1156 460 1175 499 :
1203 445 1366 514 ligans
1413 445 1481 496 ad
1530 440 1721 496 vineam
1769 442 1964 512 pullum

386 558 553 607 suum,
580 549 625 594 ct
650 538 717 591 ad
745 538 955 591 helicem
980 537 1178 606 pullum
1205 534 1361 588 asinis
1384 549 1510 587 suae.
1540 531 1750 586 Lavabit
1777 536 1828 585 in
1850 532 1964 585 vino

386 633 566 687 stolam
591 645 756 696 suam,
786 638 832 682 et
855 628 908 682 in
933 626 1180 698 sanguine
1203 640 1312 678 uva:
1337 624 1547 694 pallium
1571 639 1738 676 suum.
1764 621 1964 675 lucun-

386 726 550 777 diores
588 719 723 775 oculi
761 720 870 790 ejus
902 718 1044 780 vino,
1085 725 1130 769 et
1168 715 1484 768 candidiores
1509 713 1678 766 dentes
1702 712 1808 782 ejus
1837 712 1965 765 lacte

389 814 537 885 (Gen.
567 813 655 867 49.
687 811 754 866 10
780 811 926 880 42).
953 809 1084 864 Vide
1123 807 1260 862 hanc
1286 807 1443 860 etiam
1476 804 1801 874 prophetiam
1831 819 1962 858 con-

387 919 594 973 gruere.
627 902 757 955 Nam
800 910 926 954 tunc
957 897 1188 961 advenit,
1218 911 1338 950 cum
1363 895 1471 965 jam
1503 893 1792 950 deﬁcerent
1817 893 1963 963 prin-

387 997 530 1064 cipes
555 993 760 1076 J‘udaici
787 1034 800 1056 ,
847 1000 899 1046 et
944 999 1154 1060 sceptro
1185 989 1540 1043 Romanorum
1571 985 1924 1040 subderentur
1949 1003 1964 1040 :

388 1098 442 1143 et
483 1089 558 1141 sic
588 1075 913 1156 ituplcbatur
943 1082 1218 1155 prophetia
1241 1124 1255 1148 ,
1283 1096 1400 1150 qua:
1426 1079 1550 1134 dicit
1575 1118 1589 1142 ,
1622 1077 1744 1131 Non
1771 1075 1966 1144 deﬁciet

393 1180 620 1248 princeps
646 1177 707 1228 de
733 1175 896 1241 Juda,
928 1184 974 1227 et
1004 1175 1112 1226 dux
1137 1175 1198 1225 de
1228 1170 1498 1243 femoribus
1527 1171 1655 1241 ejus,
1686 1169 1841 1222 donec
1878 1184 1963 1220 ve-

390 1271 494 1322 niat
517 1310 531 1334 ,
563 1270 644 1322 cui
678 1267 952 1338 repositum
993 1275 1086 1330 est,
1129 1264 1197 1320 de
1245 1263 1456 1318 Christo
1481 1263 1681 1318 scilicet
1719 1261 1961 1330 loquens.

389 1361 517 1414 Nam
559 1361 736 1413 statim
765 1369 922 1428 atque
954 1367 1106 1411 natus
1131 1365 1242 1420 est,
1271 1364 1325 1410 et
1351 1354 1637 1424 descriptio
1663 1353 1750 1408 illa
1797 1352 1964 1422 prima

390 1453 523 1508 facta
570 1460 689 1517 cst,
739 1449 1119 1519 imperantibus
1146 1446 1400 1501 Romanis
1439 1445 1742 1499 Judmorum
1789 1443 1961 1513 genti,

390 1559 506 1598 cum
536 1557 629 1597 cos
653 1541 750 1596 sub
770 1541 971 1608 imperii
1001 1541 1079 1593 sui
1097 1539 1279 1608 jugum
1302 1538 1550 1606 cgiSSent.
1571 1536 1803 1606 Itemque
1824 1533 1964 1588 aliud

390 1635 714 1706 signiﬁcatur
733 1633 812 1687 his
831 1632 1023 1696 verbis,
1047 1641 1091 1684 et
1112 1631 1219 1698 ipse
1241 1629 1542 1699 exspectatio
1557 1625 1805 1681 Gentium.
1831 1624 1962 1679 Cum

389 1728 684 1782 advenisset
725 1725 895 1789 enim,
943 1736 1129 1776 omnes
1173 1721 1371 1776 Gentes
1412 1720 1652 1776 attraxit.
1693 1717 1961 1784 Herodes,

389 1819 566 1872 vanm
605 1825 782 1870 natum
810 1815 1120 1884 perquirens
1139 1853 1154 1877 ,
1189 1827 1380 1880 pueros
1399 1826 1465 1865 eo
1493 1811 1542 1863 in
1571 1810 1688 1864 loco
1716 1809 1965 1862 interem-

391 1919 576 1979 pturus
609 1917 722 1963 erat
745 1924 758 1960 :
783 1917 834 1962 et
881 1920 1053 1975 neque
1099 1903 1200 1957 hoc
1243 1904 1503 1957 siluerunt
1533 1902 1803 1971 propheta:
1823 1941 1838 1962 ,
1871 1899 1964 1954 sed

391 2003 571 2054 multis
598 2008 748 2052 antea
777 1997 1103 2066 temporibus
1131 1995 1488 2064 praedixerunt
1516 1993 1599 2046 his
1628 1993 1831 2046 verbis:
1855 1990 1967 2046 Vox

391 2094 443 2145 in
484 2091 645 2144 Rama
680 2091 854 2143 audita
879 2099 951 2144 est
973 2129 987 2152 ,
1031 2090 1194 2142 luctus
1219 2129 1233 2153 ,
1277 2088 1426 2156 fletus
1455 2095 1501 2140 et
1528 2087 1718 2140 clamor
1743 2085 1927 2138 utullus
1947 2100 1966 2138 :

394 2182 590 2238 Rachel
605 2184 808 2252 plorans
834 2182 965 2249 ﬁlios
985 2197 1120 2244 suos,
1153 2189 1200 2232 et
1230 2179 1390 2231 noluit
1423 2178 1691 2242 consolari,
1721 2178 1836 2246 quia
1863 2193 1965 2230 non

387 2286 504 2331 sunt
539 2274 670 2346 (Jer.
700 2275 786 2329 3|.
821 2273 930 2342 15).
963 2272 1042 2326 Ex
1074 2271 1302 2342 {Egypto
1328 2270 1594 2325 rediturus
1623 2278 1758 2334 erat,
1791 2280 1845 2322 et
1865 2268 1966 2323 hoc

389 2367 810 2437 prmnuntiarunt
859 2364 1098 2418 dicentes
1132 2381 1144 2415 :
1178 2361 1263 2414 Ex
1309 2360 1537 2430 ZEgypto
1581 2361 1752 2412 vocavi
1800 2359 1966 2426 ﬁlium

389 2477 553 2515 meum
576 2458 726 2528 (Osee
777 2459 863 2512 11.
896 2457 972 2527 1).
1001 2455 1300 2524 Conspicua
1329 2454 1379 2507 in
1407 2454 1519 2507 loca
1546 2461 1801 2506 venturus
1827 2460 1963 2516 erat,

391 2561 446 2606 ut
480 2551 654 2605 statim
686 2550 754 2604 ibi
785 2549 932 2618 signa
972 2547 1173 2601 faceret
1199 2553 1254 2599 et
1278 2545 1524 2598 doceret:
1547 2551 1602 2598 et
1625 2542 1728 2596 hoc
1757 2557 1966 2612 quoque

390 2639 800 2710 prmnuntiatum
848 2636 1134 2701 est;_<tudi
1180 2636 1320 2689 enim
1374 2633 1616 2687 llesaiam
1663 2631 1962 2686 dicentem:

390 2727 548 2800 Regio
571 2728 823 2792 Z..bulon,
853 2737 984 2780 terra
1012 2723 1366 2794 Nephtltalim,
1395 2722 1632 2793 populus,
1659 2721 1745 2793 qui
1766 2721 1967 2775 sedebat

388 2825 439 2877 in
469 2821 700 2886 tenebris,
730 2821 852 2873 vidit
880 2820 1042 2874 lucem
1071 2832 1306 2888 magnam
1329 2832 1347 2870 :
1369 2815 1650 2868 sedentibus
1670 2814 1723 2866 in
1753 2813 1967 2867 tenebris

392 2928 438 2970 et
467 2916 521 2969 in
555 2916 734 2968 umbra
769 2913 944 2966 mortis
987 2911 1079 2965 lux
1103 2919 1213 2964 orta
1241 2919 1313 2964 est
1342 2906 1546 2977 (Hesai.
1575 2905 1629 2961 9.
1653 2907 1728 2976 1).
1765 2906 1968 2973 Quibus

388 3007 713 3077 signiﬁcatur
729 3003 985 3058 adventus
1003 3002 1118 3072 ejus
1134 3002 1187 3054 in
1208 3001 1297 3054 illa
1317 3000 1452 3063 loca,
1474 2998 1710 3053 doctrina
1734 3013 1962 3068 quoque,

389 3098 618 3166 cognitio
639 3136 655 3162 ,
701 3111 857 3166 quam
886 3111 915 3147 a
945 3091 1214 3146 miraculis
1241 3099 1580 3159 acceperunt.
1625 3089 1828 3150 Deinde
1867 3089 1967 3142 alia

388 3204 644 3245 enarrans
685 3187 973 3252 miracula,
1003 3183 1394 3251 ostendensque
1439 3180 1704 3250 quomodo
1750 3179 1967 3234 claudos

388 3279 688 3342 curaverit,
731 3289 903 3330 caecos
931 3272 1216 3337 sanaverit,
1249 3279 1423 3348 mutos
1454 3270 1594 3339 loqui
1621 3268 1822 3334 iecerit,
1854 3269 1966 3322 ait:

388 3369 532 3425 Tunc
560 3369 845 3438 aperientur
869 3363 1002 3418 oculi
1025 3378 1292 3426 caecorum,
1331 3369 1378 3414 et
1405 3376 1555 3413 aures
1575 3358 1845 3412 surdorum
1869 3374 1966 3410 au-

388 3460 525 3514 dient
570 3457 722 3526 (Hes.
751 3457 841 3518 55.
863 3455 957 3524 5);
987 3453 1210 3523 aliisque
1247 3448 1602 3520 interpositis,
1633 3447 1773 3510 Tunc
1800 3447 1966 3515 saliet,

388 3551 580 3620 inquit,
609 3551 732 3603 sicut
758 3563 929 3601 ceruus
957 3545 1185 3610 claudus,
1217 3552 1262 3597 et
1287 3542 1428 3597 clara
1452 3544 1542 3595 erit
1566 3557 1662 3596 vox
1685 3541 1968 3595 balbutien-

390 3641 518 3693 tiuut
558 3637 662 3709 (Ib.
693 3653 740 3690 v.
773 3635 827 3705 6)
855 3653 866 3688 :
891 3634 1034 3705 quod
1065 3634 1268 3688 scilicet
1297 3647 1582 3701 numquam
1623 3631 1817 3686 factum
1847 3639 1963 3696 est,

389 3731 493 3786 nisi
524 3731 575 3785 in
603 3730 829 3784 adventu
855 3727 1017 3781 illius.
1060 3725 1343 3796 Signorum
1371 3725 1496 3778 item
1523 3723 1818 3792 aliquorum
1843 3737 1968 3791 spe-

390 3823 570 3876 ciatim
604 3819 1000 3875 meminerunt:
1025 3817 1295 3886 ingressus
1321 3821 1404 3868 est
1432 3814 1572 3868 enim
1602 3811 1884 3882 aliquando
1914 3811 1968 3866 in

391 3914 645 3984 templum
667 3955 682 3978 ,
719 3923 774 3967 et
802 3911 946 3982 pueri
973 3909 1147 3964 adhuc
1173 3909 1426 3962 lactentes
1447 3947 1463 3970 ,
1508 3905 1969 3974 inexpeditamque

388 4007 563 4061 adhuc
596 4005 852 4059 habentes
879 4003 1108 4072 linguam
1133 4001 1440 4055 cecinerunt
1463 3999 1514 4052 in
1543 3998 1690 4052 illum
1714 3998 1962 4068 hymnos,

389 4101 469 4155 sic
498 4100 756 4163 dicentes,
790 4094 1038 4149 Hosanna
1069 4095 1122 4147 in
1151 4092 1361 4146 excelsis
1382 4108 1400 4145 :
1422 4091 1704 4145 benedictus
1728 4090 1812 4161 qui
1838 4089 1969 4144 venit

387 4195 442 4245 in
465 4191 664 4244 nomine
680 4187 882 4240 Domini
904 4184 1112 4256 (Matth.
1130 4184 1220 4238 21.
1242 4184 1296 4253 9)
1316 4201 1328 4234 :
1345 4183 1446 4236 hoc
1466 4182 1631 4236 multo
1657 4191 1812 4234 antea
1835 4195 1970 4250 prm-

390 4281 602 4335 dixerat
627 4276 877 4346 prapbela
899 4317 913 4341 ,
947 4273 1031 4329 Ex
1059 4291 1143 4328 ore
1164 4313 1181 4340 ,
1213 4274 1491 4341 inquiens,
1521 4272 1792 4341 infantium
1816 4281 1860 4324 et
1887 4271 1968 4324 la-

389 4371 628 4426 ctentium
669 4368 917 4440 perfecisti
966 4365 1198 4430 laudent,
1244 4373 1301 4417 ut
1339 4364 1569 4416 destruas
1617 4362 1876 4416 inimicum
1922 4370 1969 4415 et

389 4465 606 4518 ultorem
630 4459 850 4534 (Psalm.
874 4460 928 4515 8.
952 4458 1028 4523 '5).
1049 4457 1236 4512 Viden’
1251 4455 1516 4526 quomodo
1538 4463 1721 4510 contra
1739 4455 1967 4522 seipsam

389 4554 670 4609 decertans
715 4560 903 4606 natura
947 4549 1191 4618 opiﬁcem
1233 4546 1578 4616 prtedicaret,
1622 4555 1676 4600 et
1714 4545 1969 4599 innocens

391 4656 541 4713 aetas,
584 4642 812 4697 necdum
859 4639 1189 4694 articulatam
1234 4652 1417 4691 vocem
1459 4635 1703 4692 emittere
1746 4634 1966 4704 valens,

391 4738 732 4809 apostolicam
755 4733 1183 4805 praedicationem
1211 4730 1545 4800 susciperet?

413 4833 416 4836 ’
459 4831 512 4884 4.
551 4828 762 4882 Judteos
787 4827 1010 4896 ingratos
1038 4827 1146 4896 fore
1168 4821 1464 4893 prtcdictum
1481 4831 1572 4875 est.
1594 4851 1664 4860 —
1683 4819 1817 4887 Quia
1838 4833 1966 4873 vero

389 4937 511 4976 cum
542 4919 743 4976 Judaeis
768 4916 1052 4986 aliquando
1079 4915 1351 4970 disserens
1391 4913 1461 4968 ob
1485 4913 1750 4983 ingratum
1780 4926 1965 4966 eorum

387 5014 624 5067 animum
663 5010 830 5064 multa
857 5007 1186 5063 subobscure
1215 5005 1364 5075 quasi
1393 5006 1446 5058 in
1472 5005 1752 5074 amigmate
1779 5012 1833 5058 et
1871 5018 1965 5071 pa-

388 5106 570 5160 rabola
619 5103 935 5174 loquuturus
961 5110 1095 5166 erat,
1144 5097 1372 5169 idipsum‘
1418 5111 1629 5168 quoque
1675 5097 1766 5151 diu
1811 5105 1967 5150 antea

391 5196 701 5268 praedictum
749 5201 832 5248 est
872 5208 886 5245 :
940 5190 1143 5260 Loquar
1195 5187 1556 5259 prepositiones
1601 5203 1632 5240 a
1675 5186 1969 5258 fundatione

389 5289 586 5353 mundi,
619 5284 851 5338 eructabo
897 5281 1190 5335 abscondita
1214 5279 1274 5331 ab
1317 5278 1460 5331 initio
1497 5276 1718 5346 (Psalm.
1754 5277 1841 5329 77.
1886 5275 1966 5346 2).

387 5377 529 5444 Quin
555 5384 609 5430 et
635 5373 947 5445 sapientiam
976 5371 1094 5440 ejus
1121 5371 1176 5425 in
1218 5367 1583 5424 concionando
1609 5367 1782 5438 longis
1812 5377 1967 5421 antea

386 5465 719 5536 temporibus
767 5462 1128 5532 prrenuntians
1170 5458 1425 5529 propheta
1465 5457 1718 5512 dicebat:
1764 5453 1968 5522 Di/Tusa

382 5566 456 5611 est
480 5557 648 5628 gratia
667 5555 720 5609 in
742 5553 888 5608 labiis
914 5553 1010 5607 tuis
1038 5551 1263 5626 (Psalm.
1288 5551 1377 5605 44.
1401 5551 1459 5620 ’5)
1485 5558 1586 5604 ειθῑ
1609 5549 1745 5602 alius
1771 5547 1964 5602 iterum

386 5646 687 5719 propheta:
719 5646 852 5703 Ecce
876 5645 1118 5718 intelliget
1154 5661 1279 5716 puer
1302 5659 1460 5711 meus,
1489 5652 1536 5698 et
1563 5641 1886 5708 exaltabitur,
1914 5649 1961 5697 et

958 238 1229 296 CONTRA
1268 239 1552 296 JUDIEOS
1588 240 1675 296 ET
1714 239 2071 309 GENTILES,
2114 243 2297 312 QUOD
2335 245 2664 306 CHRISTUS
2700 250 2808 308 SIT
2845 252 3045 310 DEUS.

3543 263 3646 318 8l8

2075 355 2462 445 gloriﬁeabitur,
2503 374 2551 412 et
2593 361 2739 416 valde
2777 363 3003 420 sublimis
3030 367 3123 420 erit
3171 367 3370 436 (llesai.
3401 372 3490 426 52.
3534 376 3644 445 15).

2078 444 2354 501 Adventus
2401 458 2578 504 autem
2625 452 2792 522 ipsius
2836 456 3089 523 praeclara
3135 469 3281 529 gesta
3321 477 3440 516 cum
3484 466 3650 534 signis

2069 539 2236 604 edita,
2253 545 2404 610 quasi
2425 548 2749 613 compendio
2770 562 3050 612 enarrtms,
3073 552 3262 603 iterum
3283 553 3327 604 is
3347 553 3464 622 ipse
3482 557 3636 610 dixit:

2067 629 2298 700 Spiritus
2313 632 2523 689 Domini
2545 654 2699 705 super
2721 655 2820 698 me.
2839 649 3114 707 propterea
3134 644 3284 696 unxit
3305 659 3407 708 me,
3428 662 3644 719 evange-

2067 723 2233 778 lizare
2243 726 2560 796 pauperibus
2580 731 2717 782 misit
2731 748 2812 784 me
2828 746 2843 784 :
2858 733 3147 800 prmdicare
3158 737 3375 804 captivis
3387 740 3642 794 remissio-

2065 834 2200 881 nem,
2227 827 2277 870 et
2297 821 2447 872 caecis
2466 820 2608 872 visus
2637 823 3021 876 restitutionem
3045 824 3246 888 (Hesai.
3267 828 3356 879 61.
3386 834 3460 895 ι).
3489 828 3640 892 Quo-

2061 909 2206 963 niam
2225 908 2398 963 .ludaai
2421 918 2498 963 tot
2515 909 2582 963 ab
2612 925 2677 964 eo
2694 910 2970 967 beneﬁciis
2992 913 3169 968 aﬁ‘ecti
3189 913 3212 967 l
3213 925 3386 970 rustra
3408 927 3642 972 temere-

2060 1013 2166 1066 que
2193 999 2368 1089 ipsum
2405 999 2703 1052 aversaturi
2734 1009 2912 1056 erant.
2935 1002 3059 1055 licet
3079 1018 3202 1056 eum
3224 1004 3392 1058 necin
3419 1021 3638 1076 magno,

2070 1091 2169 1130 nec
2197 1087 2247 1131 in
2281 1093 2445 1148 parvo
2490 1090 2709 1148 possent
2734 1097 2979 1153 arguere,
3009 1087 3136 1142 illud
3190 1106 3400 1161 quoque
3446 1096 3641 1163 praedi-

2069 1177 2213 1222 ctum
2241 1169 2374 1246 luit:
2405 1171 2527 1225 audi
2552 1173 2805 1228 Davidem
2835 1175 2934 1230 hoc
2965 1178 3137 1248 ipsum
3165 1184 3540 1241 vaticinantem
3566 1189 3649 1242 his

2069 1259 2248 1315 verbis
2288 1278 2302 1316 τ
2335 1261 2461 1316 Cum
2501 1264 2582 1330 iis,
2628 1267 2715 1335 qui
2741 1267 2951 1322 oderant
2997 1288 3190 1339 pacem,
3219 1293 3354 1328 eram
3385 1281 3646 1347 paciﬁcus,

2057 1367 2183 1404 cum
2208 1353 2445 1418 loquebar
2472 1355 2593 1420 illis,
2633 1357 3001 1429 impugnabant
3024 1379 3101 1417 me
3128 1366 3288 1434 gratis
3321 1367 3492 1436 (Psal.
3525 1361 3631 1426 119

2071 1441 2146 1514 7).
2177 1443 2346 1499 Asino
2391 1455 2576 1502 vectus
2618 1448 2955 1520 ingressurus
2980 1465 3094 1507 erat
3118 1455 3409 1524 civitatem,
3442 1470 3493 1514 et
3522 1461 3650 1515 illuo'

2069 1549 2282 1602 quoque
2321 1535 2525 1604 jamdiu
2562 1542 2974 1607 praenuntiatum
3004 1542 3175 1599 fuerat
3220 1561 3248 1599 a
3288 1547 3540 1606 Zacharia
3576 1552 3653 1606 sic

2069 1625 2327 1694 loquente
2365 1645 2379 1682 :
2432 1627 2612 1685 Gaude
2650 1633 2883 1698 multum,
2933 1635 3044 1702 ﬁlia
3074 1635 3243 1702 Sion;
3273 1640 3515 1708 pra-dico,
3545 1643 3653 1709 ﬁlia

2069 1714 2357 1772 Jerusalem
2398 1734 2418 1773 :
2444 1737 2557 1775 ecce
2579 1738 2671 1776 rex
2695 1733 2811 1776 tuus
2835 1725 2965 1778 venit
3016 1725 3104 1778 tibi
3132 1740 3438 1796 mansuetus,
3490 1743 3653 1787 vectus

2068 1824 2224 1876 supra
2263 1811 2579 1881 subjugalem
2626 1824 2672 1866 et
2718 1815 2912 1885 pullum
2945 1817 3183 1887 juvenem
3241 1819 3426 1889 (Zach.
3474 1822 3528 1876 9.
3572 1824 3652 1892 9).

2075 1897 2239 1967 Ejeeit
2265 1902 2556 1956 vendentes
2581 1904 2857 1960 columbas
2890 1917 2942 1960 ct
2968 1911 3375 1978 nummularios,
3403 1915 3541 1982 quod
3565 1915 3654 1972 ille

2071 1989 2298 2044 faciebat
2337 1994 2454 2048 zelo
2501 1995 2692 2052 domus
2737 1999 2945 2053 Domini
2975 2001 3182 2068 ductus,
3216 2013 3268 2058 et
3295 2014 3352 2059 ut
3378 2007 3532 2064 simul
3561 2025 3654 2063 os-

2071 2081 2315 2137 tenderet
2350 2099 2407 2138 se
2435 2102 2540 2140 non
2566 2103 2685 2142 esse
2715 2092 3041 2145 contrarium
3071 2093 3201 2159 Deo,
3229 2097 3322 2150 sed
3351 2112 3471 2152 cum
3500 2098 3656 2155 Patre

2071 2177 2490 2231 consentientem
2518 2195 2531 2232 :
2555 2193 2719 2248 quare
2742 2179 2958 2235 domum
2987 2183 3307 2248 vindicabat,
3341 2189 3481 2257 quod
3513 2189 3565 2242 in
3588 2206 3650 2244 ea

2071 2263 2374 2335 hujusmodi
2406 2269 2690 2337 negotiatio
2715 2269 2866 2325 ﬁeret
2891 2287 2907 2326 :
2951 2289 3123 2342 neque
3150 2275 3252 2330 hoc
3276 2277 3490 2333 silentio
3513 2295 3654 2347 pra:-

2073 2358 2372 2443 termissnm
2404 2369 2504 2424 est,
2538 2359 2633 2415 sed
2661 2361 2888 2431 idipsum
2920 2364 3173 2434 propheta
3205 2367 3367 2421 David
3399 2370 3652 2425 vaticina-

2075 2455 2158 2502 tus
2188 2458 2289 2514 est,
2312 2460 2365 2503 et
2390 2465 2490 2519 qua
2521 2460 2698 2506 mente
2719 2451 2857 2507 hanc
2878 2465 3186 2522 sumpturus
3201 2458 3484 2514 vindictam
3501 2470 3646 2516 esset

2074 2541 2448 2608 prmnuntiavit
2485 2540 2668 2596 dicens
2711 2559 2726 2596 :
2773 2541 2927 2597 Zelus
2969 2544 3146 2598 domus
3191 2554 3290 2600 tute
3325 2549 3539 2602 comedit
3579 2566 3655 2606 me

2076 2631 2292 2703 (Psalm.
2322 2633 2408 2688 68.
2443 2633 2551 2704 10).
2577 2633 2715 2702 Quid
2755 2634 2858 2690 hoc
2890 2637 3222 2693 manifestius
3247 2637 3450 2694 fuerit?
3487 2639 3654 2696 Futu-

2071 2740 2188 2778 rum
2210 2735 2402 2779 eratut
2433 2725 2766 2794 proderetur,
2797 2735 2852 2782 et
2877 2743 3078 2783 mensre
3103 2730 3243 2784 illius
3273 2745 3495 2787 consors
3524 2749 3650 2801 pro-

2071 2814 2328 2869 ditionem
2353 2817 2568 2870 laceret.
2598 2817 2728 2871 Vide
2748 2819 3016 2888 quomodo
3039 2820 3142 2875 hoc
3169 2822 3327 2876 etiam
3352 2823 3656 2892 praedixerit

2074 2906 2159 2960 hic
2185 2906 2299 2975 ipse
2323 2907 2578 2976 propheta
2604 2907 2790 2962 dicens
2813 2926 2827 2962 :
2860 2909 2961 2976 Qui
2985 2911 3160 2964 edebat
3182 2929 3338 2981 panes
3360 2931 3515 2978 meos,
3548 2931 3656 2967 ma-

2071 2997 2327 3068 gni/icavit
2362 3013 2515 3065 super
2539 3013 2618 3051 me
2657 2996 3121 3068 supplantationem
3157 3000 3378 3073 (Psalm.
3408 3004 3496 3058 40.
3525 3005 3613 3075 10)
3639 3023 3654 3071 ;

2072 3087 2434 3142 animadverte
2479 3088 2604 3142 item
2658 3090 2998 3158 evangelista:
3052 3095 3502 3148 consonantiam:
3557 3096 3656 3163 Qui

2073 3178 2297 3240 intinxit,
2327 3178 2516 3247 inquit,
2545 3194 2741 3231 mecum
2770 3196 2975 3232 manum
3009 3196 3154 3234 suam
3175 3182 3228 3234 in
3253 3183 3442 3248 catino,
3477 3185 3556 3238 hic
3580 3202 3655 3238 me

2075 3267 2235 3320 tradet
2265 3266 2474 3341 (Matth.
2503 3266 2596 3322 26.
2622 3267 2735 3336 23).
2761 3267 2878 3322 Νοη
2913 3269 3072 3323 modo
3102 3270 3324 3325 traditor
3354 3272 3443 3328 ille
3483 3273 3653 3344 ipsum

2074 3359 2377 3428 proditurus
2402 3367 2536 3426 erat,
2569 3359 2662 3414 sed
2683 3360 2842 3414 etiam
2867 3361 3181 3430 sanguinem
3207 3364 3496 3432 pretiosum
3526 3382 3655 3421 ven-

2073 3449 2300 3514 diturus,
2334 3459 2554 3520 accepta
2586 3466 2680 3519 pro
2701 3449 2800 3505 hac
2827 3467 2884 3504 re
2911 3453 3134 3522 pecunia
3161 3469 3175 3506 :
3216 3457 3548 3524 neque'illud
3573 3468 3656 3512 ta-

2073 3538 2181 3593 cuit
2224 3539 2500 3609 propheta,
2539 3541 2634 3596 sed
2680 3541 3005 3611 impudentia
3041 3543 3246 3598 illorum
3276 3555 3426 3614 pacta
3454 3557 3509 3603 et
3537 3564 3654 3604 ser—

2074 3645 2261 3686 mones
2287 3671 2303 3697 ,
2352 3647 2487 3701 quos
2517 3632 2654 3687 inter
2706 3647 2766 3688 se
2809 3632 3161 3690 conferebant
3187 3677 3203 3703 ,
3247 3638 3448 3694 retulit.
3503 3639 3655 3712 [Nam

2073 3723 2164 3777 ille
2187 3724 2417 3790 dicebat,
2454 3724 2590 3792 Quid
2613 3725 2762 3779 vultis
2801 3726 2924 3779 mihi
2963 3727 3106 3792 dare,
3149 3736 3196 3781 et
3222 3744 3312 3798 ego
3337 3731 3473 3785 vobis
3509 3731 3655 3786 illum

2073 3814 2315 3884 tradam;
2355 3815 2440 3870 isti
2489 3831 2618 3870 vero
2647 3817 3059 3885 responderunt,
3104 3817 3336 3888 Triginta
3374 3833 3652 3893 argenteos.

2074 3906 2132 3960 In
2159 3908 2438 3976 :enigmate
2463 3907 2592 3962 dicit
2620 3907 2684 3981 ¹,]
2711 3907 2852 3962 Deus
2890 3909 3093 3962 laudem
3139 3927 3300 3963 meam
3325 3929 3386 3966 ne
3415 3916 3648 3980 tacueris,

2071 3998 2190 4068 quia
2228 4014 2284 4052 os
2313 4001 2587 4067 peccatoris
2631 4008 2678 4052 et
2722 4015 2777 4052 os
2807 3998 2972 4052 dolosi
3009 4016 3162 4070 super
3187 4017 3266 4054 me
3307 4013 3535 4072 apertum
3581 4017 3654 4060 est

2073 4090 2298 4150 (Psalm.
2333 4091 2454 4146 108.
2485 4092 2559 4160 1).
2592 4090 2640 4144 is
2668 4090 2784 4160 ipse
2810 4093 3048 4160 proditor
3071 4093 3283 4146 demum
3311 4095 3379 4153 ob
3411 4104 3553 4151 tanta
3577 4096 3651 4150 fa-

2076 4181 2257 4235 cinora
2305 4182 2538 4252 seipsum
2585 4181 2876 4248 damnans,
2909 4197 3029 4237 cum
3074 4193 3356 4253 argenteos
3405 4186 3648 4259 projecit,

2073 4280 2185 4326 tum
2217 4272 2282 4326 ad
2312 4273 2556 4341 laqueum
2587 4287 2829 4336 currens,
2861 4275 2933 4328 ita
2962 4274 3126 4328 vitam
3153 4274 3341 4330 clausit
3367 4294 3380 4331 :
3408 4277 3650 4332 viduam-

2073 4377 2178 4431 que
2223 4377 2466 4428 uxorem,
2513 4372 2568 4418 et
2611 4363 2748 4417 ﬁlios
2786 4365 3015 4434 pupillos
3045 4365 3293 4435 reliquit,
3325 4367 3649 4440 domumque

2073 4453 2361 4508 desertam.
2395 4453 2525 4508 Vide
2561 4454 2828 4523 quomodo
2872 4463 2927 4510 et
2957 4457 3093 4510 hanc
3134 4457 3490 4514 calamitatem
3541 4469 3625 4517 tra

2073 4544 2188 4614 gice
2233 4545 2489 4613 propheta
2518 4544 2832 4614 praenuntiet
2861 4545 2944 4601 his
2983 4548 3158 4602 verbis
3190 4565 3205 4602 :
3234 4547 3392 4604 Fiant
3415 4529 3650 4624 ﬁlii‘ejus

2073 4635 2311 4703 orphani,
2338 4642 2384 4688 et
2404 4650 2533 4689 uxor
2556 4637 2664 4702 eius
2689 4635 2840 4689 vidua
2866 4651 2883 4691 :
2905 4646 3136 4692 nutantes
3163 4644 3536 4712 transferantur
3555 4643 3650 4709 filit

2073 4727 2200 4796 ejus,
2218 4736 2262 4779 et
2278 4726 2546 4796 ejiciantur
2564 4725 2627 4781 de
2641 4727 3026 4784 habitationibus
3041 4732 3145 4784 suis
3159 4731 3176 4800 (
3186 4731 3330 4786 Psal.
3352 4732 3650 4806 108.9.10).

2074 4817 2198 4870 Post
2221 4817 2366 4870 illum
2394 4815 2639 4871 Matthias
2659 4816 2828 4873 factus
2854 4828 2937 4874 est
2955 4820 3245 4889 apostolus,
3269 4830 3324 4877 et
3348 4822 3448 4878 hoc
3471 4823 3646 4893 ipsum

2072 4909 2162 4963 ille
2189 4909 2436 4978 prmiatus
2457 4918 2537 4964 est
2563 4909 2646 4963 his
2674 4910 2852 4966 verbis
2877 4930 2892 4966 :
2915 4910 3277 4980 Epismpatum
3303 4915 3412 4980 eius
3435 4916 3652 4984 accipiat

2073 5002 2199 5055 alter
2225 4999 2328 5073 (Ib.
2361 5018 2409 5056 υ.
2446 5003 2524 5074 8).
2559 5003 2778 5058 Tradito
2805 5011 2860 5058 et
2885 5005 3276 5076 comprehenso
3301 5007 3426 5062 Jesu
3455 5009 3653 5065 libente

2072 5110 2136 5148 ac
2159 5096 2393 5159 volente,
2419 5104 2661 5150 coactum
2694 5107 2775 5150 est
2800 5096 3086 5151 concilium
3114 5098 3389 5166 iniquitate
3412 5099 3650 5167 plenum,

2072 5185 2376 5241 Judamrum
2417 5187 2575 5242 simul
2614 5201 2677 5242 ac
2717 5187 3004 5242 Gentilium
3053 5205 3066 5240 :
3122 5187 3248 5242 vide
3284 5189 3552 5257 quomodo
3601 5191 3652 5246 id

2072 5278 2231 5331 etiam
2264 5277 2568 5347 praedixerit
2596 5277 2854 5346 propheta
2886 5275 3071 5331 dicens
3101 5294 3114 5329 :
3150 5277 3320 5341 Quare
3347 5279 3654 5345 fremuerunt

2074 5366 2276 5431 Gentes,
2322 5380 2367 5423 et
2405 5368 2586 5437 pOpuli
2629 5367 2854 5419 meditati
2892 5375 3010 5420 sunt
3051 5367 3223 5420 inania
3263 5367 3431 5439 (Psal.
3472 5369 3526 5421 2.
3562 5369 3656 5441 i)?

2136 5526 2152 5557 ι
2188 5533 2299 5582 Qua:
2321 5522 2600 5572 clauduntur
2623 5522 2700 5572 hic
2715 5523 2902 5585 uncinis
2924 5535 3157 5585 nusrptam
3185 5522 3425 5575 habentur
3445 5528 3491 5576 in
3517 5536 3656 5578 textu

2071 5593 2402 5697 fraecqﬁ‘nec
2442 5587 2492 5633 in
2534 5585 2749 5635 editione
2788 5584 2926 5635 savii.
2969 5584 3060 5634 sed
3104 5585 3181 5634 illa
3230 5597 3371 5638 vetus
3413 5595 3656 5651 Interpres

2095 5662 2212 5711 eger
2267 5682 2281 5697 .
