4062 6166
440 326 546 382 819

443 441 625 510 Neque
652 447 855 496 tantum
887 439 986 494 ista
1030 437 1473 508 praenuntiarunt,
1520 438 1616 490 sed
1659 435 1817 489 etiam
1859 435 2018 490 sileno

445 534 596 599 tium,
621 531 761 603 quod
783 531 962 587 multis
983 531 1176 585 habitis
1204 528 1568 594 sermonibus,
1592 529 1891 597 oblatisque
1919 529 2025 582 cri-

444 625 822 682 minationibus
847 623 937 680 ille
962 623 1227 688 servabat,
1275 622 1523 693 praedixit
1548 620 1768 676 Hesaias
1794 620 1878 676 his
1901 635 2025 674 ver-

443 716 569 775 bis:
600 709 750 777 Sicut
776 716 881 771 ovis
907 716 977 770 ad
1002 715 1303 771 occisionem
1328 713 1509 768 ductus
1535 721 1628 778 est,
1652 722 1701 766 et
1719 712 1846 766 sicut
1866 727 2027 779 agnus

438 824 616 864 coram
639 806 877 864 tondente
900 816 1089 871 mutus,
1120 806 1194 859 sic
1218 821 1320 859 non
1340 803 1542 874 aperuit
1563 820 1619 857 os
1647 819 1796 856 suum
1818 800 2022 873 (Hesai.

446 902 535 956 5'5.
567 901 646 972 7).
673 899 864 954 Postea
894 895 1484 966 corruptumrjudicium
1513 893 1814 958 declarans,
1839 890 1906 945 In
1932 891 2028 944 hu-

363 1002 366 1006 ‘
443 991 675 1057 utilitate,
723 987 914 1058 inquit,
956 988 1214 1058 judicium
1251 988 1362 1058 ejus
1402 983 1657 1040 sublatum
1685 993 1800 1049 est;
1840 982 1893 1037 id
1920 991 2025 1047 est,

443 1081 621 1140 nullus
649 1079 716 1133 de
748 1078 862 1147 ipso
887 1078 1031 1147 juste
1071 1077 1348 1146 judicavit.
1381 1074 1582 1130 Deinde
1621 1088 1837 1129 causam
1867 1068 2050 1127 caedis'

447 1171 719 1242 patefacit.
748 1169 882 1225 Nam
909 1169 1032 1238 quia
1073 1183 1181 1221 non
1224 1175 1562 1236 peccatorum
1605 1179 1822 1219 suorum
1869 1176 2029 1217 causa

444 1278 638 1335 passus
656 1271 756 1329 est,
788 1261 1090 1330 inculpatus
1117 1260 1261 1315 enim
1292 1268 1346 1313 et
1376 1257 1628 1311 innoxius
1648 1265 1784 1320 erat,
1816 1253 1910 1308 sed
1935 1267 2029 1322 pro

443 1354 629 1410 mundi
661 1355 815 1408 malis
846 1353 1073 1407 traditus
1098 1360 1218 1416 est;
1267 1349 1391 1405 vide
1418 1349 1687 1419 quomodo
1728 1347 1842 1401 haec
1870 1346 2030 1399 ambo

444 1446 883 1511 subindicaverit,
927 1460 1047 1498 cum
1078 1443 1210 1497 dixit
1248 1459 1260 1494 :
1313 1441 1415 1508 Qui
1457 1450 1717 1510 peccatum
1746 1454 1848 1511 non
1891 1438 2026 1509 fecit,

445 1557 539 1596 nec
562 1541 790 1594 inventus
816 1546 889 1592 est
923 1536 1072 1590 dolus
1094 1537 1149 1589 in
1168 1551 1254 1588 ore
1279 1535 1389 1605 ejus
1432 1533 1635 1604 (Hesai.
1672 1533 1762 1588 55.
1794 1531 1852 1602 9)
1893 1548 1906 1583 :
1937 1545 2032 1599 per

447 1635 553 1688 hoc
597 1633 737 1687 enim
779 1630 932 1700 cujus
958 1630 1033 1684 rei
1065 1643 1223 1683 causa
1250 1629 1462 1682 occisus
1505 1627 1575 1681 sit
1598 1625 1908 1680 declaravit.
1938 1622 2033 1677 Se-

448 1723 630 1794 quitur
652 1729 707 1775 et
733 1720 835 1773 alia
866 1734 1027 1773 causa
1053 1720 1077 1772 :'
1108 1716 1216 1771 Pro
1236 1716 1603 1785 iniquitatibus,
1637 1715 1826 1785 inquit,
1857 1713 2033 1785 populi

449 1815 548 1868 uici
575 1812 643 1865 ad
667 1820 878 1865 mortem
907 1810 1042 1864 venit
1078 1808 1283 1879 (Hesai.
1310 1809 1399 1863 55.
1440 1807 1521 1880 5).
1553 1807 1737 1877 Neque
1761 1821 1891 1860 vero
1919 1814 2036 1859 tan-

452 1914 568 1960 tum
594 1917 806 1958 causam
835 1900 1017 1966 cat-dis,
1041 1898 1135 1954 sed
1152 1900 1312 1954 etiam
1334 1899 1457 1969 quid
1482 1899 1619 1953 lucri
1640 1913 1705 1953 ex
1717 1911 1877 1952 cruce
1896 1905 1948 1950 et
1967 1910 2033 1950 ex

455 1995 604 2051 cattle
630 1993 719 2049 illa
735 1990 1024 2048 accesserit
1036 1989 1322 2045 ostendere
1334 1989 1540 2054 volens,
1557 1988 1677 2043 vide
1695 1985 1963 2057 quomodo
1981 1985 2034 2040 id

448 2087 769 2159 prmnuntiet
809 2084 892 2138 his
921 2083 1138 2139 verbis:
1176 2081 1361 2135 Omnes
1394 2081 1520 2135 sicut
1556 2096 1669 2134 oves
1710 2079 1988 2133 erravimus
2010 2092 2030 2131 :

451 2182 601 2232 homo
629 2178 684 2231 in
710 2178 791 2230 via
815 2192 908 2231 sua
948 2174 1196 2229 aberravit
1219 2189 1237 2226 :
1262 2173 1530 2242 disciplina
1562 2172 1700 2242 pacis
1728 2179 1912 2225 nostra
1952 2186 2039 2223 su-

451 2286 540 2341 per
576 2284 689 2323 eum
713 2283 730 2322 :
757 2268 912 2321 livore
951 2269 1061 2336 ejus
1085 2281 1176 2318 nos
1202 2279 1376 2318 omnes
1401 2263 1567 2317 sanati
1594 2278 1787 2316 sumus.
1819 2258 2028 2315 Deinde

449 2363 573 2432 quia
594 2375 780 2430 poenas
801 2358 977 2413 daturi
1003 2366 1155 2413 erant
1170 2356 1340 2411 Judmi
1362 2355 1678 2426 ﬂagitiorum
1706 2353 2027 2424 hujusmodi,

451 2452 578 2509 illud
600 2466 811 2523 quoque
835 2450 1070 2506 declarat
1098 2449 1237 2503 idem
1264 2447 1533 2518 propheta
1549 2461 1671 2501 cum
1692 2446 1857 2500 dicit:
1891 2442 2033 2497 Dabo

450 2544 705 2615 improbos
747 2558 839 2613 pro
881 2542 1140 2612 sepultura
1169 2541 1300 2610 ejus,
1341 2548 1387 2593 et
1412 2539 1587 2593 divites
1628 2555 1718 2608 pro
1742 2550 1901 2591 morte
1927 2538 2036 2607 ejus

451 2637 572 2706 (Id.
617 2652 668 2690 υ.
712 2636 800 2703 9).
832 2633 1036 2687 Rursus
1064 2631 1229 2686 David
1254 2646 1375 2686 cum
1404 2630 1642 2692 dixisset,
1672 2629 1982 2698 Abjiciamus
2002 2645 2034 2682 a

451 2726 792 2795 nobisjugum
819 2726 1046 2794 ipsorum
1073 2723 1245 2794 (Psal.
1281 2722 1338 2777 2.
1368 2724 1448 2795 5),
1477 2723 1691 2793 adjecit,
1721 2723 1822 2789 Qui
1849 2724 2037 2777 habitat

456 2820 512 2872 in
526 2818 664 2872 cretis
682 2816 910 2870 irridebit
938 2833 1021 2871 eos
1045 2832 1064 2870 :
1085 2825 1202 2870 tunc
1227 2816 1453 2887 loquetur
1478 2816 1546 2869 ad
1567 2832 1651 2870 eos
1670 2817 1722 2869 in
1744 2817 1822 2869 ira
1846 2832 1958 2882 sua,
1991 2825 2037 2870 et

458 2910 513 2962 in
529 2911 704 2978 furore
729 2923 820 2963 suo
841 2907 1155 2961 conturbabit
1178 2923 1264 2961 eos
1287 2922 1306 2961 :
1329 2907 1520 2977 quibus
1539 2905 1800 2977 significat
1830 2906 2059 2976 disper-,

457 2999 658 3054 sionem
680 3011 866 3053 eorum
892 3012 988 3068 per
1014 3006 1179 3052 totum
1200 3006 1459 3052 terrarum
1476 2996 1696 3063 orbem;
1720 2998 1860 3067 quod
1877 2998 2036 3053 etiam

457 3092 571 3162 ipse
609 3086 852 3145 Christus
893 3089 945 3144 in
982 3090 1283 3159 Evangeliis
1310 3090 1587 3145 declarans
1631 3089 1882 3145 dicebat:
1931 3089 2037 3146 Eos

449 3197 621 3241 autem
636 3182 727 3267 qui
755 3198 834 3236 me
858 3182 1125 3237 uoluerunt
1148 3199 1359 3255 regnare
1386 3199 1536 3254 super
1557 3198 1629 3249 se,
1659 3182 1890 3237 abducite
1914 3182 2032 3251 huc,

451 3282 502 3328 et
541 3273 750 3327 occidite
792 3289 877 3327 eos
927 3272 1077 3344 (Luc.
1109 3273 1197 3328 19.
1240 3273 1354 3342 27).
1398 3273 1663 3327 Praeterea
1686 3272 1754 3328 de
1781 3272 1929 3329 caede
1952 3273 2035 3327 lo-

451 3365 625 3433 quuti,
655 3365 871 3420 modum
898 3367 1016 3433 ejus
1045 3380 1150 3419 non
1180 3366 1465 3432 siluerunt,
1493 3364 1586 3419 sed
1614 3365 2039 3419 illumindicavit

454 3458 617 3513 David
659 3459 729 3513 ita
782 3459 1007 3527 loquens
1047 3476 1061 3513 :
1112 3457 1375 3511 Foderunt
1415 3474 1592 3513 manus
1630 3473 1769 3511 meas
1798 3466 1844 3512 et
1888 3459 2038 3528 pedes

452 3564 609 3612 meos,
654 3547 1091 3601 dinumeraverunt
1112 3547 1282 3600 omnia
1304 3563 1418 3600 ossa
1440 3562 1552 3601 mea
1587 3542 2037 3616 (Ρδ.21.17,18);

454 3653 554 3692 nec
584 3637 914 3707 iniquitatem
942 3644 1062 3705 post
1098 3645 1325 3690 mortem
1358 3646 1737 3706 consequutam
1778 3636 1989 3690 reticuit
2018 3651 2034 3690 :

452 3741 577 3782 nam
622 3725 794 3780 dicit:
842 3725 1129 3778 Diviserunt
1175 3725 1269 3777 sibi
1298 3726 1585 3778 uestimenta
1629 3741 1760 3789 mea,
1799 3735 1847 3779 et
1886 3742 2038 3796 super

453 3825 635 3873 vestem
662 3832 827 3870 meant
852 3818 1095 3869 miserunt
1121 3825 1304 3869 sortem
1333 3815 1508 3886 (Psal.
1529 3816 1621 3871 21.
1648 3818 1760 3888 19).

529 3905 807 3975 Sepultura
854 3905 1039 3960 Christi
1060 3905 1629 3975 mediam—Deinde
1671 3909 1810 3978 quod
1855 3909 2035 3979 sepul-

458 4010 593 4057 tura:
618 4001 903 4056 tradendus
929 4009 1073 4056 esset
1100 4000 1386 4055 declaravit
1411 4001 1492 4055 his
1512 4001 1688 4057 verbis
1713 4020 1725 4056 :
1750 4001 2037 4056 Posuerunt
2106 3996 2107 3999 “

446 4086 534 4150 ‘me
576 4100 629 4149 in
673 4095 789 4149 lacu
832 4093 1096 4164 inferiori,
1127 4093 1180 4146 in
1203 4093 1469 4147 tenebrosis
1497 4103 1542 4147 et
1567 4094 1620 4147 in
1657 4094 1837 4148 umbra
1864 4095 2039 4148 mortis

454 4187 629 4259 (Psal.
658 4187 747 4242 87.
781 4187 870 4257 7).
918 4186 1050 4240 Cum
1089 4194 1267 4239 autem
1294 4194 1685 4240 resurrecturus
1711 4195 1887 4252 esset,
1917 4186 2038 4241 vide

454 4278 728 4350 quomodo
779 4278 882 4332 hoc
925 4276 1334 4346 pramuntiarit:
1368 4275 1492 4330 Non
1543 4276 1888 4348 derelinques,
1926 4278 2033 4343 ait,

459 4374 683 4426 animant
701 4387 862 4424 meam
879 4371 931 4424 in
948 4370 1169 4440 inferno,
1195 4385 1283 4422 nec
1299 4368 1440 4422 dabis
1463 4378 1694 4422 sanctum
1712 4380 1852 4422 tuum
1870 4369 2038 4424 videre

456 4465 828 4532 corruptionem
876 4460 1045 4535 (Psal.
1073 4462 1161 4517 15.
1192 4460 1299 4532 10)
1334 4479 1347 4513 :
1379 4460 1482 4515 alio
1510 4461 1634 4515 item
1665 4460 1824 4516 modo
1853 4460 1904 4514 id
1933 4460 2038 4516 [Ie-

457 4555 601 4609 saias
626 4554 861 4608 declarat
893 4570 907 4605 :
940 4552 1004 4606 Et
1047 4551 1331 4617 Dominus,
1364 4552 1565 4622 inquit,
1615 4553 1781 4621 ipsum
1808 4552 1910 4606 vult
1938 4568 2036 4622 pu-

456 4645 661 4715 riﬁcare
679 4660 714 4697 a
734 4644 911 4714 plaga,
932 4644 1191 4698 ostendere
1210 4645 1254 4696 ei
1283 4646 1449 4698 lumen
1473 4685 1489 4709 ,
1511 4644 1796 4712 justiﬁcare
1818 4643 2034 4713 justum,

457 4739 568 4807 quis
594 4736 768 4791 multis
809 4736 928 4789 bene
964 4735 1147 4789 serviat
1194 4733 1400 4805 (Ilesai.
1443 4735 1531 4789 55.
1581 4735 1667 4789 10.
1705 4732 1826 4806 11).
1884 4734 2036 4800 Quod

457 4829 575 4898 ejus
614 4829 792 4882 caules
831 4835 1170 4896 peccatorum
1212 4828 1484 4880 hominum
1518 4825 1711 4881 solutio
1736 4824 1922 4893 fuerit,
1954 4826 2036 4879 id-

455 4923 630 4992 ipsum
656 4921 814 4975 etiam
838 4918 1089 4974 indicavit
1114 4919 1196 4973 his
1220 4918 1397 4973 verbis
1429 4937 1443 4972 :
1466 4917 1533 4972 Et
1557 4919 1664 4990 ipse
1683 4928 1885 4989 peccata
1907 4918 2039 4971 mul-

456 5024 624 5068 torum
674 5012 786 5065 tulit
814 5008 993 5083 (Ibid.
1048 5026 1096 5063 v.
1144 5009 1256 5079 l2).
1309 5009 1460 5078 Quod
1506 5010 1745 5064 homines
1773 5025 1802 5064 a
1831 5010 2035 5065 dromo—

456 5105 612 5160 nibus
652 5102 890 5157 liberarit
933 5119 947 5155 :
980 5100 1045 5154 Et
1076 5101 1319 5171 fortium,
1368 5099 1578 5170 inquit,
1628 5100 1822 5154 dividet
1848 5101 2031 5170 spolia.

454 5194 608 5261 Quod
651 5192 780 5247 illud
823 5192 996 5263 ipsum
1025 5205 1119 5261 per
1160 5200 1388 5245 mortem
1419 5190 1692 5256 effecerit,
1721 5191 1772 5245 id
1803 5205 1907 5244 non
1953 5201 2034 5244 ta-

454 5288 599 5350 cuit,
630 5285 722 5340 sed
747 5285 820 5339 ait
852 5302 866 5338 :
903 5282 1006 5337 Pro
1036 5300 1093 5337 eo
1119 5281 1253 5354 quod
1280 5284 1333 5336 in
1370 5290 1578 5336 mortem
1605 5283 1790 5336 tradita
1817 5292 1891 5336 est
1917 5283 2032 5335 ani-

454 5395 537 5430 ma
564 5379 672 5448 ejus
697 5378 717 5448 (
738 5376 901 5447 Ibid.)
930 5376 1081 5443 Quod
1110 5375 1203 5430 toti
1233 5375 1347 5431 orbi
1386 5374 1751 5445 praeﬁciendus
1776 5384 1917 5430 esset
1957 5376 2035 5431 sic

454 5468 781 5523 declaravit:
815 5469 879 5522 Et
908 5473 1016 5538 ipse
1044 5467 1318 5521 hereditate
1347 5466 1615 5537 possidebit
1641 5467 1821 5521 multos
1843 5465 2029 5537 (Ibid.)

457 5559 659 5616 Deinde
682 5560 929 5629 quoniam
972 5574 1092 5613 cum
1124 5559 1175 5614 in
1203 5558 1466 5613 infernum
1493 5558 1886 5624 descendisset,
1915 5574 2032 5612 om-

456 5651 541 5705 nia
567 5650 828 5714 turbavit,
871 5653 1094 5719 strepitu
1131 5662 1288 5722 atque
1317 5652 1541 5706 tumultu
1586 5652 1827 5707 universa
1856 5652 2031 5722 reple-

463 5739 567 5806 vit,
594 5753 878 5808 arcemque
903 5740 1195 5808 destruxit;
1229 5744 1365 5797 hanc
1389 5756 1500 5798 rem
1525 5755 1629 5799 non
1660 5742 1871 5798 silentio
1895 5757 2032 5813 prae-

1183 324 1241 380 S.
1271 321 1547 381 JOANNIS
1581 320 2056 377 CllRYSOSTOMl
2095 321 2416 377 ARCIIIEP.
2443 320 2980 379 CONSTANTINOP.

2130 441 2358 501 tcrcunt,
2403 435 2497 489 sed
2544 436 2704 490 modo
2726 436 2889 491 David
2910 435 3079 492 dicit:
3107 435 3331 493 Attollitc
3356 448 3526 507 portas
3565 443 3710 509 prin-

2130 526 2265 596 cipes
2309 534 2518 590 vestras,
2547 536 2596 581 et
2620 527 2882 581 elevamini
2910 538 3071 598 porta:
3096 535 3377 595 wternates,
3407 538 3457 584 et
3490 530 3714 585 introibit

2128 632 2219 671 rea:
2239 616 2416 687 gloria!
2441 615 2610 686 (Psal.
2633 616 2722 673 25.
2752 615 2819 688 7)
2844 634 2858 683 ;
2887 618 3045 673 modo
3074 618 3293 674 llesaias
3318 621 3468 675 aliter
3486 662 3501 687 ,
3526 620 3713 676 Portus

2132 724 2291 761 areas
2317 708 2633 778 confringant
2663 749 2677 772 ,
2707 718 2755 763 et
2791 720 2948 763 vectes
2986 712 3174 781 [meos
3200 720 3482 777 conteram,
3507 722 3555 767 et
3591 730 3712 784 ape-

2130 799 2262 852 riam
2283 798 2371 851 tibi
2395 800 2657 853 thesauros
2680 800 2980 865 tenebrosos,
3003 803 3243 866 occultos,
3263 802 3530 858 invisibiles
3550 816 3717 859 osle‘tt-
3807 868 3810 872 ,

2133 889 2251 942 dam
2278 890 2366 944 tibi
2392 888 2597 961 (IIesai.
2627 890 2719 945 45.
2747 889 2805 962 2)
2836 909 2848 945 :
2878 892 2953 945 sic
2979 892 3253 963 appellans
3276 894 3561 949 infernum.
3582 896 3713 951 Nam

2132 981 2340 1036 etiamsi
2370 981 2609 1036 infernus
2627 991 2800 1047 esset,
2838 993 2893 1037 at
2920 995 3130 1039 sanctas
3152 986 3355 1041 animas
3374 996 3427 1041 ct
3445 1003 3569 1042 vasa
3591 1005 3684 1060 pre
3702 1023 3715 1031 -

2135 1075 2269 1129 tiosa
2324 1075 2598 1141 servabat,
2650 1091 2842 1147 nempe
2896 1078 3199 1146 Abraham,
3228 1079 3371 1136 Isaac
3418 1093 3471 1136 et
3511 1082 3714 1141 Jacob.

2133 1176 2420 1239 propterea
2452 1168 2734 1224 thesauros
2761 1170 3094 1239 appellabat,
3140 1172 3450 1229 tenebrosus
3493 1185 3669 1229 autem
3697 1219 3713 1238 ,

2134 1260 2256 1328 quia
2282 1260 2518 1315 nondum
2539 1260 2617 1314 sol
2642 1260 2861 1329 justitice
2887 1263 2956 1316 ibi
2980 1262 3223 1327 fulserat,
3256 1280 3426 1333 neque
3446 1264 3514 1320 de
3536 1282 3718 1321 resur-

2135 1351 2370 1406 rectione
2394 1350 2794 1422 prardicaverat.
2818 1352 2969 1419 Quod
2996 1360 3115 1422 post
3144 1356 3588 1411 resurrectionem
3610 1374 3719 1412 nnn

2135 1458 2257 1497 cum
2285 1443 2485 1514 angelis
2517 1444 2850 1499 constiturus
2872 1454 3047 1512 esset,
3082 1462 3186 1501 non
3211 1462 3333 1502 cum
3362 1447 3718 1519 arcltangelis,

2136 1551 2242 1589 non
2270 1550 2391 1589 cum
2418 1536 2519 1588 alia
2551 1534 3001 1592 administratoria
3027 1537 3223 1591 virtute
3249 1578 3265 1603 ,
3292 1538 3387 1592 sed
3434 1538 3486 1592 in
3526 1539 3721 1594 throno

2138 1626 2284 1696 regio
2307 1640 2555 1680 sessurus
2580 1666 2595 1691 ,
2643 1626 2766 1680 audi
2794 1626 3061 1696 quomodo
3089 1627 3251 1682 David
3276 1627 3511 1683 declaret
3537 1647 3550 1683 :
3577 1629 3720 1684 Dia‘it

2140 1714 2385 1769 Dominus
2440 1714 2659 1769 Domino
2707 1731 2849 1779 meo.
2893 1714 3028 1770 Sede
3066 1733 3099 1770 a
3138 1718 3328 1771 dextris
3347 1720 3531 1783 \meis,
3564 1720 3721 1774 donec

2139 1824 2324 1878 ponam
2349 1807 2580 1862 inimicos
2620 1817 2731 1863 tuos
2766 1808 3043 1863 scabellum
3076 1811 3266 1880 pedum
3295 1819 3496 1864 tuorum
3526 1814 3544 1882 (
3573 1812 3716 1866 Psal.

2139 1898 2262 1954 too.
2292 1900 2367 1969 1).

2218 1995 2272 2050 5.
2295 1992 2471 2048 Missio
2489 1995 2611 2048 item
2635 1990 3351 2061 apostolorum.—Missurus
3382 2005 3563 2065 postea
3606 2010 3721 2051 erat

2141 2084 2449 2153 apostolos,
2489 2092 2542 2137 et
2588 2083 2689 2138 hoc
2725 2083 2969 2152 prmdixit
3016 2084 3237 2142 Hesaias
3271 2086 3455 2141 dicens
3494 2106 3508 2142 :
3552 2087 3718 2155 Quam

2142 2175 2353 2245 speciosi
2379 2173 2529 2243 pedes
2555 2175 3001 2245 euangelizandum
3027 2191 3201 2245 pacem
3224 2216 3239 2241 ,
3267 2178 3719 2247 euangelizandum

2142 2265 2272 2318 bona
2297 2265 2315 2335 (
2336 2264 2516 2319 Hesai.
2540 2264 2628 2320 52.
2656 2266 2736 2335 7).
2782 2265 2863 2320 En
2892 2265 3099 2335 qualem
3131 2264 3309 2320 laudat
3332 2269 3572 2338 corporis
3598 2284 3718 2337 par-

2142 2367 2284 2421 tem,
2333 2355 2528 2425 pedes,
2576 2355 2665 2426 qui
2720 2356 2838 2411 illos
2883 2357 3076 2427 ubique
3123 2360 3426 2427 portabant.
3473 2361 3555 2415 Ad
3610 2361 3723 2416 lucc

2141 2456 2523 2502 commemorat
2552 2447 2716 2501 David
2745 2447 3010 2517 quomodo
3041 2448 3413 2518 praevaluerint
3453 2451 3677 2519 apostoli
3702 2492 3718 2515 ,

2142 2537 2327 2594 dicens
2352 2558 2364 2594 :
2394 2538 2646 2592 Dominus
2669 2539 2806 2592 dabit
2832 2539 3034 2593 verbum
3064 2540 3518 2610 euangelizantibus
3542 2542 3724 2597 virtute

2142 2631 2301 2707 multa
2332 2629 2350 2701 (
2367 2628 2514 2685 Psal.
2547 2630 2637 2684 67.
2665 2629 2779 2701 12).
2803 2629 2918 2684 Νοη
2939 2630 3081 2684 enim
3109 2632 3271 2685 armis
3289 2673 3304 2698 ,
3329 2646 3433 2685 non
3465 2634 3721 2701 pecuniis,

2143 2736 2248 2775 non
2277 2721 2469 2775 robore
2500 2720 2740 2789 corporis
2764 2760 2778 2786 ,
2814 2734 2920 2775 non
2952 2720 3291 2776 exercituum
3319 2723 3489 2791 c0piis
3508 2764 3522 2784 ,
3553 2738 3723 2792 neque

2141 2811 2244 2866 alio
2268 2811 2426 2864 simili
2456 2810 2617 2865 modo
2655 2820 3010 2880 superarunt,
3056 2810 3151 2866 sed
3179 2813 3345 2867 verbo
3372 2813 3634 2882 simplici,
3662 2821 3715 2867 et

2141 2904 2363 2958 multam
2395 2903 2626 2958 habente
2662 2905 2918 2958 virtutem
2942 2944 2958 2969 ,
2995 2903 3369 2959 miraculorum
3400 2920 3590 2974 nempe
3630 2921 3721 2959 os-

2143 3003 2367 3050 tentum.
2417 2994 2745 3050 Cruciiixum
2777 2996 2924 3050 enim
2957 2995 3339 3065 prmdicantes,
3372 3007 3427 3052 et
3473 2999 3721 3053 miracula

2142 3094 2417 3155 patrantes
2437 3125 2453 3151 ,
2484 3086 2563 3141 sie
2583 3086 2768 3141 orbem
2801 3086 3146 3157 subegerunt.
3178 3086 3302 3143 ideo
3327 3090 3401 3143 ait
3429 3107 3443 3143 :
3475 3088 3723 3145 Dominus

2142 3176 2281 3230 dabit
2306 3176 2506 3231 verbum
2547 3177 3002 3247 euangelizantibus
3031 3179 3211 3232 virtute
3235 3180 3423 3247 multa,
3454 3181 3533 3235 sic
3560 3181 3724 3235 mira-

2141 3270 2258 3325 cula
2285 3284 2503 3325 vocans.
2522 3268 2653 3325 Nam
2684 3269 2964 3341 ineﬂ'abilis
2989 3271 3157 3326 virtus
3197 3282 3331 3337 erat,
3365 3273 3679 3342 piscatorem
3698 3315 3712 3337 ,

2145 3364 2524 3433 publicanum,
2566 3365 2913 3418 tentoriorum
2960 3364 3235 3434 opiﬁcem.
3282 3366 3397 3420 solo
3457 3375 3725 3436 pra-cepto

2142 3464 2383 3510 mortuos
2421 3456 2706 3521 suscitare,
2737 3456 3008 3512 dmmones
3033 3458 3295 3528 expellere
3320 3500 3336 3525 ,
3361 3468 3586 3514 mortem
3606 3461 3723 3513 abi-

2141 3560 2304 3614 gere,
2337 3545 2773 3617 philosophorum
2818 3547 3047 3617 linguam
3098 3548 3404 3614 refrenare,
3447 3549 3720 3605 rhetorum

2142 3652 2235 3692 ora
2262 3652 2525 3693 consuere
2545 3680 2560 3703 ,
2582 3653 2735 3709 reges
2763 3654 2826 3693 ac
2861 3640 3128 3710 principes
3155 3640 3368 3695 vincere
3391 3682 3405 3706 ,
3436 3640 3676 3696 barbaris
3702 3683 3719 3705 .

2140 3727 2378 3795 Graecis,
2425 3729 2675 3799 omnique
2717 3729 2915 3784 nationi
2957 3730 3239 3801 imperare.
3280 3732 3346 3786 Et
3382 3733 3624 3800 apposite
3648 3734 3726 3786 sic

2142 3817 2391 3888 loquutus
2415 3829 2498 3874 est
2520 3835 2533 3872 :
2558 3835 2680 3874 nam
2709 3819 2823 3874 lucc
2848 3819 3027 3874 omnia
3056 3822 3218 3877 verbo
3247 3822 3338 3877 illo
3367 3821 3722 3891 perfecerunt,

2142 3920 2197 3965 et
2221 3910 2419 3966 virtute
2447 3912 2609 3965 multa
2646 3921 2883 3966 mortuos
2910 3913 2961 3967 in
3006 3913 3154 3968 vivos
3196 3923 3502 3980 mutarunt,
3536 3929 3725 3984 pecca-

2146 4012 2290 4058 tores
2317 4004 2367 4057 in
2389 4004 2562 4072 justos
2585 4045 2598 4067 ,
2625 4018 2798 4058 carens
2821 4005 2873 4058 in
2904 4004 3144 4060 videntes
3162 4045 3177 4070 ,
3209 4004 3424 4060 morbos
3449 4016 3649 4060 natura:
3664 4015 3723 4058 et

2142 4097 2335 4150 animae
2379 4096 2666 4165 nequitiam
2699 4097 3045 4165 exponentes.
3075 4096 3273 4151 Deinde
3300 4097 3439 4166 quod
3468 4097 3579 4151 lucc
3614 4097 3726 4150 vir-

2146 4199 2230 4244 tus
2257 4188 2362 4242 illis
2386 4203 2414 4241 a
2440 4176 2641 4257 Spiritd
2671 4198 2856 4243 sancto
2876 4188 3187 4251 accederet,
3222 4187 3344 4241 hinc
3368 4186 3672 4242 declaratur
3704 4204 3718 4239 :

2143 4282 2342 4352 Spiritu
2361 4320 2377 4346 ,
2405 4280 2615 4351 inquit,
2659 4291 2832 4334 sancto
2878 4280 3054 4352 repleti
3080 4289 3219 4335 erant
3251 4280 3397 4346 (Act.
3424 4280 3479 4334 2.
3509 4279 3581 4351 4)
3611 4294 3626 4345 ;
3665 4289 3721 4334 et

2145 4375 2243 4429 viri
2274 4374 2431 4428 simul
2457 4382 2614 4444 atque
2644 4373 2894 4428 mulieres
2917 4372 3321 4444 prophetabant.
3344 4372 3558 4442 Linguae
3585 4373 3721 4442 ignis

2141 4464 2309 4519 forma
2356 4464 2484 4519 visa:
2526 4463 2778 4518 sederunt
2816 4479 2975 4533 supra
3018 4478 3443 4535 unumquemque
3485 4477 3670 4517 eorum
3705 4481 3720 4517 :

2141 4555 2322 4611 ethoc
2345 4554 2462 4610 Joel
2492 4554 2581 4609 diu
2625 4563 2747 4609 ante
2784 4553 3153 4623 praenuntiavit
3180 4553 3405 4608 dicens:
3445 4552 3719 4620 Effundam

2141 4648 2203 4700 de
2224 4646 2420 4717 Spiritu
2448 4662 2555 4699 meo
2593 4662 2744 4714 super
2771 4661 2968 4698 onmem
2992 4661 3192 4699 carnem
3210 4686 3225 4709 ,
3254 4654 3302 4698 et
3346 4645 3717 4716 prophetabuut

2142 4741 2238 4809 lilii
2259 4741 2439 4805 vestri,
2484 4750 2532 4793 et
2566 4741 2691 4810 ﬁlia:
2726 4750 2901 4793 vestra:
2937 4740 3151 4794 visiones
3178 4739 3447 4805 videbunt,
3474 4749 3522 4794 et
3547 4740 3723 4794 adole2

2140 4840 2329 4884 scentes
2355 4830 2504 4884 vestri
2527 4831 2719 4884 somnia
2746 4830 3063 4905 somniabunt
3094 4847 3111 4884 :
3134 4839 3181 4884 et
3205 4831 3407 4900 quidem
3434 4847 3588 4901 super
3612 4847 3722 4884 ser-

2142 4937 2227 4975 vos
2256 4937 2420 4988 meos,
2448 4930 2492 4976 et
2533 4938 2686 4991 super
2729 4922 2942 4975 ancillas
2980 4921 3275 4992 effundam,
3299 4922 3595 4991 priusquam
3641 4938 3724 4975 ve-

2140 5015 2248 5067 niat
2288 5013 2394 5065 dies
2424 5011 2627 5066 Domini
2673 5029 2884 5083 ntagnus
2934 5022 2979 5065 et
3020 5012 3232 5066 illustris
3256 5009 3432 5082 (Joel.
3453 5010 3508 5064 2.
3551 5009 3669 5081 28)
3705 5028 3719 5064 :

2141 5118 2388 5173 magnum
2420 5113 2475 5156 et
2503 5103 2762 5157 illustrem
2804 5116 3002 5157 vocans
3027 5101 3167 5157 diem
3194 5102 3453 5157 adventus
3487 5101 3722 5171 Spiritus

2140 5195 2309 5250 sancti
2328 5236 2347 5262 ,
2376 5210 2475 5250 nec
2503 5209 2608 5249 non
2651 5210 2770 5250 eum
2792 5236 2807 5260 ,
2858 5195 2948 5265 qui
2987 5195 3040 5249 in
3068 5195 3527 5250 consummatione
3549 5209 3719 5248 saecu-

2141 5285 2314 5340 lorum
2336 5285 2545 5339 futurus
2572 5295 2673 5340 est.
2720 5284 2863 5339 idem
2893 5300 3021 5339 vero
3048 5285 3160 5355 ipse
3193 5284 3445 5355 propheta
3490 5285 3718 5338 salutem

2140 5391 2235 5446 per
2265 5376 2421 5431 ﬁdem
2471 5377 2869 5446 prmnuntians,
2916 5391 3089 5446 neque
3127 5377 3269 5432 enim
3318 5377 3463 5431 illam
3511 5375 3714 5441 tacuit,

2139 5468 2213 5521 ait
2244 5483 2257 5518 :
2286 5466 2353 5521 Et
2383 5468 2477 5521 erit
2494 5509 2508 5531 ,
2535 5468 2696 5521 omnis
2723 5470 2809 5537 qui
2832 5470 3129 5524 invocaverit
3153 5486 3331 5523 nomen
3357 5466 3585 5531 Domini,
3606 5467 3715 5521 sal-

2138 5574 2227 5611 vus
2248 5559 2338 5610 erit
2365 5557 2384 5627 (
2408 5556 2544 5610 Ibid.
2568 5573 2615 5611 v.
2648 5558 2760 5627 5‘2).

2210 5649 2262 5704 6.
2297 5648 2479 5704 Petrus
2505 5660 2553 5705 et
2581 5648 2777 5702 Paulus
2794 5650 2992 5721 regibus
3016 5651 3253 5722 majores.
3275 5681 3346 5691 —
3374 5649 3576 5720 Ubique
3604 5655 3709 5702 ter.

2141 5756 2320 5799 rarum
2346 5756 2622 5813 praecones
2644 5741 2833 5812 mittit,
2860 5756 2923 5799 ac
2945 5758 3102 5799 nemo
3126 5751 3209 5799 est
3233 5743 3358 5814 quin
3378 5742 3553 5797 audiat
3569 5753 3709 5807 pra:-
