4062 6166
366 273 471 328 819

366 386 435 457 ἢν
463 376 673 434 πολλῶν
698 372 902 448 μεταξὺ
934 372 1109 442 λόγων
1131 369 1441 457 γενομένων
1475 367 1571 422 καὶ
1591 362 1941 457 Δκατηγοριῶν

366 449 609 536 ε’ἰστήκει
635 460 825 530 σιγῶν,
856 458 1030 530 δηλῶν
1054 459 1082 511 6
1136 455 1363 517 Ἡσαΐας
1402 452 1553 536 ἔφη·
1591 451 1688 515 Ὠς
1730 449 1947 536 πρόϐαζ

368 565 475 604 τον
497 530 594 601 ἐπὶ
621 543 869 614 σφαγὴν
888 541 1066 610 ἤχθη,
1100 539 1199 593 καὶ
1220 538 1301 603 ὡς
1324 537 1513 607 ἀμνὸς
1534 532 1806 588 ἐναντίον
1842 530 1948 614 τοῦ

371 612 678 699 κείροντος
704 612 891 680 αὐτὸν
941 622 1199 693 ἄφωνος,
1236 621 1425 685 οὕτως
1459 621 1573 674 οὐκ
1607 616 1835 686 ἀνοίγει
1864 612 1950 699 ,τό

371 697 565 783 στόμα
599 707 808 764 αὐτοῦ.
831 703 964 763 Εἶτα
990 706 1205 768 δεικνὺς
1232 705 1293 758 τὺ
1308 701 1703 774 διεφθαρμένον
1726 699 1828 770 τῆς
1846 697 1954 783 ψήο

374 782 780 869 φουίὲπήγαγεν
798 810 813 823 ·
861 793 963 846 Ἐν
987 790 1062 860 τῇ
1082 787 1434 843 ταπεινώσει
1462 783 1720 869 αὐτοῦνή
1754 782 1953 869 κρίσις

372 864 562 936 αὐτοῦ
596 864 773 947 ἤρθη,
795 874 1096 936 τουτέστιν,
1129 872 1319 936 Οὐδεὶς
1351 869 1502 942 αὐτῷ
1528 869 1596 924 τὰ
1624 868 1808 922 δίκαια
1842 864 1950 919 ἐδίο

376 983 560 1021 κασεν.
580 958 715 1016 Εἶτα
741 960 836 1015 καὶ
849 959 949 1030 τὴν
977 959 1158 1012 αἰτίαν
1173 955 1322 1024 λέγει
1350 954 1451 1024 τῆς
1477 951 1710 1023 σφαγῆς.
1732 947 1953 1018 Ἐπειδὴ

376 1048 483 1121 γὰρ
512 1045 923 1119 ἁμαρτημάτων
938 1041 1124 1095 ἐνεκεν
1139 1039 1240 1093 οὐκ
1265 1038 1503 1121 ἔπασχεν
1524 1034 1668 1121 ειπερ
1692 1032 1954 1121 ἔπασχεν,

376 1115 603 1204 άμωμος
632 1115 728 1183 καί
760 1126 1001 1198 ἄληπτος
1028 1125 1124 1191 ὢν,
1158 1125 1299 1195 ὑπὲρ
1319 1122 1376 1177 δὲ
1414 1120 1524 1204 τῶν
1556 1115 1957 1204 τῆςᾉοίκουμές

378 1197 476 1287 νής
507 1197 700 1268 κακῶν
740 1209 1058 1280 παρεδίδοτο
1082 1248 1097 1270 ,
1152 1207 1346 1261 σκόπει
1392 1202 1510 1268 πῶς
1535 1202 1822 1287 ἀμφότερα
1860 1197 1957 1251 καὶ

376 1284 547 1354 ταῦτα
570 1297 792 1369 ᾐνίξατο
813 1293 1009 1348 εἰπών·
1048 1294 1153 1358 Ὃς
1179 1288 1472 1362 ἁμαρτίαν
1493 1289 1605 1341 οὐκ
1648 1284 1955 1369 ἐποίησεν,

378 1383 520 1439 οὐδὲ
544 1365 756 1451 εὐρέθη
793 1378 975 1444 δόλος
1001 1377 1071 1431 ἐν
1094 1374 1174 1442 τῷ
1204 1374 1455 1444 στόματι
1482 1369 1690 1451 αὐτρῦ.
1718 1367 1818 1451 Διὰ
1848 1365 1958 1451 γάρ

380 1467 566 1521 τούτου
596 1447 853 1536 ἐδήλωσε,
881 1461 1029 1524 τίνος
1059 1459 1222 1513 ἕνεκα
1250 1455 1515 1530 ἀνῃρέθη.
1547 1448 1683 1536 Εἶτα
1704 1449 1801 1504 καὶ
1823 1447 1958 1536 άλλη

380 1550 527 1604 αἰτία
541 1566 555 1580 ·
600 1531 700 1602 Ἐκ
722 1544 839 1600 τῶν
865 1541 1186 1614 ἁμαρτιῶν,
1212 1541 1369 1610 φησί,
1390 1536 1497 1591 τοῦ
1518 1535 1672 1589 λαοῦ
1683 1551 1802 1604 μου
1826 1531 1961 1600 ἣκει

381 1637 467 1700 εἰς
503 1631 781 1687 θάνατον.
837 1627 915 1684 Ού
950 1628 1110 1699 μόνον
1147 1626 1204 1679 δέ
1250 1624 1349 1695 τὴν
1379 1620 1556 1676 αἰτίαν
1588 1620 1689 1691 τῆς
1725 1617 1958 1687 σφαγῆς,

383 1717 518 1772 ἁλλὰ
544 1715 640 1770 καὶ
658 1715 712 1768 τί
744 1712 932 1785 κέρδος
958 1711 1066 1765 ἀπὸ
1097 1708 1192 1763 τοῦ
1222 1705 1459 1777 σταυροῦ
1492 1706 1584 1759 καὶ
1616 1703 1717 1773 τῆς
1747 1700 1963 1770 σφαγῆς

385 1801 598 1870 ἐκείνης
624 1798 815 1868 γέγονε
855 1796 1024 1850 θέλων
1055 1793 1247 1859 δεῖξαι,
1279 1792 1383 1863 ὅρα
1422 1790 1541 1853 πῶς
1583 1785 1966 1860 προαναφωνεῖ

384 1886 543 1939 τοῦτο
570 1884 744 1953 λέγων
763 1900 776 1914 ·
810 1881 1041 1945 Πάντες
1070 1879 1151 1944 ὡς
1198 1877 1465 1945 πρόϐατα
1495 1870 1931 1953 ἑπλανήθημεν
1947 1884 1961 1899 ·

387 1952 696 2035 ἄνθρωπος
719 1963 795 2033 τῇ
826 1963 944 2029 ὀδῷ
963 1961 1149 2017 αὐτοῦ
1174 1957 1510 2025 ἐπλανήθη.
1537 1954 1783 2009 Παιδεία
1808 1952 1967 2022 ειρή-

388 2070 504 2120 νης
522 2049 688 2121 ἡμῶν
706 2049 798 2103 ἐπ’
822 2046 1012 2112 αὐτῷ·
1040 2042 1120 2111 τῷ
1135 2041 1380 2113 μώλωπι
1402 2039 1589 2095 αὐτοῦ
1618 2036 1772 2110 [εει]
1799 2035 1969 2121 iulg...

392 2120 616 2201 πάντες
642 2131 909 2202 ίάθημεν.
942 2125 1078 2183 Εἶτα
1106 2127 1228 2181 ἐπεὶ
1259 2126 1354 2181 καὶ
1386 2125 1542 2188 δίκας
1570 2123 1794 2194 ἔμελλον
1840 2120 1971 2175 διδό-

391 2234 479 2270 ναι
511 2216 652 2286 ὐπὲρ
683 2216 790 2268 τῶν
822 2212 1188 2284 τολμημάτων
1230 2210 1436 2265 τούτων
1481 2209 1531 2262 οί
1572 2206 1844 2270 Ἰουδαῖοι,
1875 2204 1970 2258 καὶ

390 2298 548 2352 τοῦτο
594 2298 745 2370 δηλοῖ
774 2298 802 2350 6
834 2297 996 2360 αὐτὸς
1034 2296 1319 2368 προφήτης
1363 2295 1420 2346 ἐν
1452 2287 1534 2357 οἷς
1571 2291 1752 2361 λέγει·
1793 2289 1972 2344 Δώσω

393 2381 533 2448 τούς
555 2380 858 2449 πονηροὺς
889 2380 1023 2434 ἀντὶ
1057 2379 1173 2448 τῆς
1199 2376 1397 2447 ταφῆς
1430 2375 1650 2440 αὐτοῦ,
1685 2374 1784 2428 καὶ
1827 2372 1973 2439 τοὺς

393 2465 731 2529 πλουσίους
764 2462 898 2518 ἀντὶ
919 2462 1025 2517 τοῦ
1052 2460 1311 2516 θανάτου
1342 2458 1547 2514 αὐτοῦ.
1593 2457 1703 2511 Kal
1743 2459 1772 2510 6
1808 2454 1973 2509 Δαυῖδ

396 2549 556 2605 πάλιν
585 2547 775 2612 εἰπὼν,
815 2546 1256 2615 Ἁποῤῥίψωμεν
1291 2544 1399 2597 τὸν
1442 2542 1621 2612 ζυγὸν
1655 2539 1844 2596 αὐτοῦ
1871 2538 1972 2609 ἀφ’

396 2633 584 2702 ¹ἡμῶν,
607 2632 918 2704 ἐπήγαγεν·
962 2631 1025 2682 '0
1058 2627 1351 2682 κατοικῶν
1378 2626 1449 2680 ἐν
1488 2625 1764 2693 οὐρανοῖς
1795 2624 1976 2697 ἐκγο-

394 2716 647 2772 λὰσεται
697 2713 919 2780 αὐτούς
942 2729 956 2743 ·
988 2712 1122 2767 τότε
1165 2711 1428 2780 λαλήσει
1465 2710 1615 2779 πρὸς
1644 2708 1867 2777 αὐτοὺς
1904 2708 1978 2765 ἐν

398 2798 547 2869 ὁρτῇ
578 2798 785 2862 αὐτοῦ,
820 2795 920 2851 καί
955 2796 1025 2849 ἐν
1051 2794 1132 2860 τῷ
1180 2793 1342 2864 θυμῷ
1384 2792 1571 2847 αὐτοῦ
1604 2790 1842 2862 ταράξει
1868 2793 1977 2846 αὐ-

398 2883 575 2950 τούς·
619 2882 719 2952 τὴν
761 2877 1035 2951 πανταχοῦ
1068 2877 1170 2949 τῆς
1201 2874 1527 2947 οἰκουμένης
1557 2873 1858 2945 διασπορὰν
1889 2871 1978 2927 λέ·-

401 2982 513 3034 γων
543 2963 741 3019 αὐτῶν.
776 2965 842 3017 Ὃ
871 2962 966 3016 καὶ
988 2960 1148 3024 αὐτὸς
1180 2961 1209 3012 6
1236 2958 1471 3031 Χριστὸς
1497 2959 1556 3012 ὲν
1587 2961 1701 3022 τοῖς
1732 2958 1980 3027 Εὐαγγε-

401 3047 536 3111 λίοις
557 3045 732 3118 δηλῶν
757 3044 907 3114 ἔλεγε
929 3062 943 3076 ·
977 3044 1121 3110 Τοὺς
1147 3043 1218 3097 δὲ
1239 3042 1326 3113 μὴ
1367 3040 1748 3108 θελήσαντάς
1766 3057 1843 3110 με
1873 3041 1982 3105 ,Βα-

400 3132 685 3188 σιλεῦσαι
709 3131 801 3186 ἐπ’
823 3129 1022 3185 αὐτῶν
1046 3127 1295 3200 ἀγάγετε
1310 3120 1449 3190 ὧδε,
1474 3126 1573 3179 καὶ
1603 3123 1984 3193 κατασφάξα-

402 3233 470 3272 τε
487 3216 729 3280 αὐτούς.
761 3209 897 3267 Εἶτα
925 3211 1112 3280 ἐπειδὴ
1144 3209 1242 3282 τὴν
1277 3208 1491 3280 σφαγὴν
1514 3205 1667 3261 εἷπον
1685 3248 1700 3273 ,
1731 3207 1852 3260 οὐδὲ
1890 3207 1982 3260 τὸν

405 3299 606 3373 τρόπον
626 3298 725 3369 τῆς
746 3297 961 3368 σφαγῆς
1001 3294 1465 3365 παρεσιώπησαν,
1505 3291 1641 3346 ἀλλὰ
1684 3290 1780 3344 καὶ
1814 3289 1983 3361 αὐτὴν

406 3383 791 3456 παρεδήλωσεν
820 3382 849 3433 6
867 3378 1029 3434 Δαυῗδ
1066 3377 1239 3441 οὕτως
1271 3375 1462 3440 εἰπὼν,
1495 3373 1758 3443 Ὠρυξαν
1781 3373 1985 3444 χεῖράς

402 3486 523 3537 μου
548 3465 648 3519 καί
673 3465 864 3528 πόδας
879 3480 1000 3532 μου
1020 3478 1034 3493 ·
1062 3460 1474 3529 ἐξηρίθμησαν
1503 3457 1700 3511 πάντα
1726 3456 1799 3511 τὰ
1834 3456 1986 3511 ὀστᾶ

404 3569 527 3621 μου
544 3567 555 3580 ³
581 3549 700 3602 οὐδὲ
719 3548 818 3619 τὴν
861 3546 999 3618 μετὰ
1028 3545 1120 3599 τὸν
1146 3543 1377 3614 σταυρὸν
1401 3541 1743 3613 παρανομίαν
1763 3541 1984 3611 ἐσίγησε

410 3635 575 3690 πάλιν
594 3633 783 3696 εἰπὼν,
813 3630 1231 3701 Διεμερίσαντο
1264 3629 1338 3682 τὰ
1356 3625 1555 3696 ἱμάτιά
1582 3644 1703 3695 μου
1730 3625 1984 3691 ἑαυτοῖς,

411 3718 509 3774 καὶ
536 3716 637 3771 ἐπὶ
661 3715 772 3770 τὸν
794 3716 1113 3786 ἱματισμόν
1130 3730 1249 3783 μου
1278 3712 1500 3766 ἔϐαλον
1530 3708 1781 3780 κλῆρον.

481 3846 616 3904 Εἶτα
644 3849 737 3902 καί
764 3848 845 3902 ὅτι
881 3845 1183 3902 θάπτεσθαι
1220 3845 1435 3917 ἔμελλε,
1474 3844 1569 3899 καὶ
1600 3843 1758 3898 τοῦτο
1785 3843 1990 3916 ἐδήλω-

416 3950 508 3987 σεν
532 3932 725 3999 εἰπὼν,
746 3931 990 3985 Ἕθεντό
1004 3948 1083 4000 με
1103 3930 1173 3985 ἐν
1194 3929 1400 3997 λάκκῳ
1420 3927 1734 3994 κατωτάτω
1758 3928 1828 3983 ἐν
1845 3945 1990 3983 σκο-

413 4017 630 4082 τεινοῖς
682 4016 780 4069 καί
809 4015 879 4069 ἐν
911 4012 1056 4081 σκιᾷ
1079 4013 1357 4069 θανάτου.
1405 4013 1516 4065 Καὶ
1548 4012 1629 4066 ὅτι
1672 4012 1992 4067 ἀνίστασθαι

415 4099 662 4171 ἔμελλεν,
701 4100 801 4169 ὅρα
831 4097 949 4161 πῶς
988 4097 1080 4152 καὶ
1131 4095 1289 4150 τοῦτο
1322 4095 1746 4168 προανεφώνησε
1784 4095 1957 4166 λέγων
1980 4112 1992 4125 ³

413 4184 537 4236 Οὐκ
563 4181 1015 4252 ἐγκαταλείψεις
1044 4179 1157 4248 τὴν
1177 4177 1390 4248 ψυχήν
1403 4196 1522 4249 μου
1544 4182 1631 4245 εἰς
1651 4178 1820 4246 ᾅδου,
1853 4178 1996 4234 οὐδὲ

298 4332 307 4343 1
417 4265 633 4331 δώσεις
657 4266 761 4319 τὸν
787 4264 959 4319 ὅσιόν
982 4281 1099 4318 σου
1122 4263 1269 4317 ὶδεῖν
1289 4262 1637 4332 διαφθοράν.
1670 4263 1904 4333 Ἑτέρως
1940 4263 1996 4316 δέ

419 4351 450 4400 6
485 4349 714 4411 Ἡσαΐας
740 4348 801 4401 τὸ
830 4347 962 4401 αὐτὸ
990 4345 1144 4400 τοῦτο
1166 4345 1327 4400 πάλιν
1353 4346 1607 4417 ἐμφαίνει
1647 4347 1822 4415 λέγων
1839 4363 1853 4377 ⁸
1884 4346 1997 4400 Kal

419 4434 641 4502 Κύριος
654 4430 839 4497 αὐτὸν
847 4430 1134 4495 ,βούλεται
1147 4429 1463 4497 καθαρίσαι
1478 4429 1596 4484 ἀπὸ
1612 4429 1723 4497 τῆς
1734 4428 1994 4500 πληγῆς,

421 4516 613 4581 δεῖξαι
646 4514 806 4581 αὐτῷ
835 4511 982 4583 φῶς,
1020 4513 1330 4567 δικαιῶσαι
1365 4513 1599 4568 δίκαιον
1644 4510 1711 4570 εὗ
1750 4514 1998 4569 δουλεύ-

421 4616 622 4655 σαντα
650 4597 924 4664 πολλοῖς.
948 4597 1070 4651 Ὀτι
1099 4595 1206 4649 τῶν
1229 4596 1643 4669 ἁμαρτημάτων
1669 4596 1776 4651 τῶν
1793 4596 2001 4670 ἀνθρω-

424 4683 596 4736 πίνων
619 4681 774 4745 λύσις
804 4681 1025 4749 γέγονεν
1058 4679 1279 4751 αὐτοῦὴ
1307 4680 1511 4751 σφαγὴ,
1543 4682 1637 4734 καὶ
1671 4678 1832 4733 τοῦτο
1864 4698 2002 4751 παρ-

425 4769 621 4837 έστησε
670 4765 749 4836 τῷ
785 4766 988 4818 εἰπεῖν·
1029 4764 1136 4818 Kal
1186 4763 1367 4830 αὐτὸς
1418 4763 1704 4832 ἁμαρτίας
1755 4763 2004 4819 πολλῶν

426 4851 779 4918 ἀνήνεγκεν.
806 4848 927 4900 *Οτι
947 4845 1056 4901 τῶν
1076 4846 1343 4917 δαιμόνων
1364 4845 1639 4917 ἀπήλλαξε
1658 4845 1783 4909 τοὺς
1797 4845 2005 4917 ἀνθρώ-

429 4952 585 4997 πους,
623 4933 718 4984 καὶ
748 4929 928 4992 τοῦτο,
960 4930 1071 4984 Kal
1106 4929 1214 4983 τοῦ
1242 4930 1519 4999 ἰσχυροῦ,
1551 4930 2005 4998 φησὶ,μεριεῖται

426 5016 656 5071 σκῦλα.
693 5016 815 5068 Ὅτι
857 5014 944 5067 διὰ
981 5012 1073 5066 τού
1103 5012 1334 5066 θανὰτου
1367 5013 1523 5067 τούτο
1564 5014 1839 5085 ἐποίησεν,
1884 5014 2005 5067 οὐδὲ

429 5100 559 5153 αὐτὸ
582 5099 859 5169 ἐσίγησεν,
894 5096 1029 5151 ἀλλὰ
1056 5095 1205 5165 λέγει
1224 5111 1238 5126 ·
1288 5095 1435 5150 Ἀνθ’
1464 5090 1549 5149 ὧν
1576 5095 1877 5165 παρεδόθη
1919 5101 2007 5164 εἰς

431 5183 693 5238 θάνατον
719 5184 757 5251 η
782 5180 952 5250 ψυχὴ
984 5181 1190 5235 αὐτοῦ.
1226 5180 1348 5232 Ὀτι
1381 5179 1785 5251 προστήσεσθαι
1813 5180 2007 5251 ἔμελλε

434 5270 530 5338 τῆς
563 5265 906 5336 οἰκουμένης,
938 5267 1033 5318 καὶ
1060 5264 1218 5317 τοῦτο
1248 5264 1484 5335 ἐδήλωσε
1516 5263 1582 5316 δι’
1607 5257 1682 5318 ὧν
1722 5263 1824 5337 ἐφη
1851 5282 1865 5297 ⁸
1899 5266 2009 5320 Kal

429 5350 616 5416 αὐτὸς
640 5348 1083 5417 κληρονομήσει
1114 5348 1404 5412 πολλούς.
1447 5343 1579 5400 Εἶτα
1617 5347 1739 5401 ἐπεὶ
1766 5349 2009 5413 καταϐὰς

436 5436 514 5498 εἰς
552 5433 643 5486 τὸν
674 5432 806 5503 ᾅδην
839 5431 1055 5485 ἅπαντα
1083 5429 1388 5499 διετάραξε,
1416 5431 1512 5484 καὶ
1538 5430 1768 5503 θορύϐου
1792 5434 1885 5487 καὶ
1915 5452 2011 5488 τα-

437 5517 612 5589 ραχῆς
650 5516 935 5586 ἐνέπλησε,
965 5513 1060 5566 καὶ
1089 5513 1187 5583 τὴν
1220 5513 1516 5583 ἀκρόπολιν
1545 5513 1858 5581 κατέλυσεν,
1889 5518 2010 5572 οὐδὲ

432 5600 595 5654 τοῦτο
628 5598 889 5669 σιγῶσιν,
928 5596 1066 5650 ἀλλὰ
1093 5596 1188 5650 νῦν
1220 5597 1319 5666 μὲν
1349 5598 1377 5649 6
1407 5597 1569 5651 Δαυΐὸ
1602 5598 1747 5652 οὕτω
1791 5599 1891 5672 βοᾷ
1920 5601 2010 5654 λέ-

437 5701 571 5753 γων,
607 5686 812 5753 Ἄρατε
831 5683 1051 5751 πύλας,
1079 5685 1133 5737 οἱ
1152 5680 1439 5750 ἄρχοντες
1488 5682 1672 5751 ὑμῶν,
1702 5684 1797 5739 καί
1826 5684 2006 5755 ἐπάρ-

756 5786 1023 5846 ΡΑτιιοι.
1072 5784 1187 5844 Gn.
1238 5780 1516 5843 XLVIII.

898 258 1178 318 CONTRA
1217 255 1509 314 JUDEOS
1546 260 1633 308 ΕΤ
1677 250 2043 316 GE‘STILES,
2081 246 2269 317 QUOD
2316 241 2662 302 CHRISTUS
2699 239 2807 297 SIT
2850 237 3050 296 DEUS.

3513 233 3621 291 820

2060 380 2202 445 θητε
2234 375 2419 429 πύλαι
2443 371 2683 437 αἰώνιοι,
2710 371 2809 426 καὶ
2839 369 3251 424 εισελεύσεται
3279 370 3311 422 ό
3326 367 3630 436 ,βασιλεὺς

2050 459 2163 529 τῆς
2182 459 2388 528 δόξης·
2418 457 2514 511 νῦν
2536 458 2593 511 δέ
2613 458 2816 529 ἑτέρως
2836 456 2865 510 6
2893 454 3139 519 Ἡσαΐας,
3170 454 3376 519 Πύλας
3399 451 3634 521 χαλκᾶς

2050 542 2391 607 συνθλάσω,
2427 540 2525 595 καὶ
2550 539 2825 611 μοχλοὺς
2854 536 3143 606 σιδηροῦς
3163 537 3494 605 συντρίψω,
3531 533 3634 588 καὶ

2051 626 2273 692 άνοίξω
2301 643 2402 680 σοι
2427 624 2776 693 θησαυροὺς
2801 622 3173 688 σκοτεινοὺςχ
3207 621 3632 690 ἀποκρύφους,

2052 708 2346 778 άοράτους
2395 708 2691 773 ἀναδείξω
2754 723 2877 772 σοι,
2927 706 3020 760 τὸν
3065 705 3201 777 ᾅδην
3239 703 3386 757 οὕτω
3429 702 3633 758 καλῶν.
3660 768 3671 779 ε

2055 794 2120 848 Εἰ
2144 794 2253 865 γὰρ
2285 793 2380 846 καὶ
2409 791 2543 864 ᾅδης
2579 786 2669 862 ἦν,
2707 789 2845 845 ἀλλά
2875 789 3054 860 ψυχὰς
3096 789 3314 860 ἐκράτει
3346 786 3510 855 ἁγίας
3538 787 3636 841 καὶ

2055 877 2223 948 σκεύη
2248 876 2430 946 τίμια,
2469 875 2560 929 τὸν
2602 874 2875 946 Ἀϐραὰμ,
2906 873 2998 927 τδν
3044 872 3250 935 Ἰσαάκ,
3284 871 3377 924 τὸν
3419 868 3634 924 Ἰακώῦ.

2056 960 2148 1015 Διὸ
2190 961 2286 1015 καὶ
2336 959 2648 1030 θησαυροὺς
2697 957 2947 1023 ἐκάλεσε,
2988 957 3297 1020 σκοτεινοὺς
3332 955 3409 1011 δὲ.
3446 955 3637 1026 ἐπειδὴ

2058 1046 2268 1100 οὐδέπω
2303 1045 2332 1097 6
2365 1043 2466 1113 τῆς
2485 1041 2835 1105 δικαιοσύνης
2863 1041 3017 1113 ἥλιος
3049 1037 3117 1114 ἦν
3148 1039 3511 1111 καταλάμψας
3540 1040 3641 1093 αὑ-

2056 1129 2195 1196 τόθι,
2237 1127 2358 1183 οὐδέ
2391 1128 2518 1194 τοὺς
2558 1127 2687 1200 περὶ
2728 1126 3084 1188 ἀναστάσεως
3132 1124 3376 1196 κηρύξας
3419 1122 3636 1192 λόγους.

2062 1214 2184 1267 Ὅτι
2207 1213 2264 1267 δέ
2289 1211 2527 1277 ἀναστὰς
2551 1209 2773 1282 ἔμελλεν
2789 1209 2850 1263 06
2878 1209 3016 1280 μετὰ
3035 1208 3284 1278 ἀγγέλων
3316 1207 3636 1279 στήσεσθαι,

2060 1297 2182 1352 ούδέ
2219 1295 2359 1368 μετὰ
2376 1294 2770 1369 ⁴ἐιρχαγγέλων,
2810 1292 2932 1347 ούδέ
2970 1291 3111 1363 μετὰ
3140 1290 3308 1362 ἄλλης
3349 1290 3497 1355 τινὸς
3529 1289 3639 1343 λει-

2058 1382 2355 1454 τουργικῆς
2389 1380 2694 1452 δυνάμεως,
2727 1376 2841 1432 ἁλλ’
2872 1375 2967 1430 ἐπὶ
2995 1376 3088 1430 τὸν
3123 1374 3310 1446 θρόνον
3333 1373 3642 1428 καθιεῖσθαι

2059 1467 2150 1521 τὸν
2180 1465 2476 1538 βασιλικὸν,
2499 1466 2730 1520 ἄκουσον
2754 1462 2806 1516 τί
2831 1478 2964 1533 φησι
2992 1460 3153 1514 πάλιν
3172 1460 3201 1512 6
3236 1457 3400 1511 Aau'l6
3419 1476 3432 1489 ·
3459 1454 3645 1511 Εἶπεν

2063 1555 2096 1605 ό
2127 1551 2343 1618 Κύριος
2374 1546 2455 1614 τῷ
2483 1548 2677 1615 Κυρίῳ
2707 1564 2827 1616 μου
2848 1587 2862 1612 ,
2897 1544 3096 1600 Κάθου
3133 1543 3201 1597 ἐκ
3242 1538 3460 1607 δεξιῶν
3483 1557 3604 1610 μου
3625 1578 3643 1606 ,

2061 1635 2173 1702 ἕως
2192 1634 2269 1689 ἂν
2288 1633 2369 1689 θῶ
2389 1632 2533 1699 τοὺς
2548 1632 2801 1703 ἐχθρούς
2820 1646 2937 1685 σου
2952 1626 3288 1684 ὑποπόδιον
3301 1625 3423 1680 τῶν
3443 1623 3650 1679 ποδῶν

2064 1734 2202 1775 σου.

2135 1834 2291 1888 Μετὰ
2335 1834 2508 1888 ταῦτα
2563 1832 2788 1905 ἔμελλεν
2838 1830 3167 1895 ἀποστόλους
3214 1831 3490 1901 πέμπειν·
3554 1832 3646 1884 καὶ

2065 1917 2224 1972 τοῦτο
2256 1916 2712 1988 προανεφιὶΝησεν
2749 1916 2978 1980 Ἡσαΐας
3012 1914 3202 1980 εἰπὼν,
3245 1915 3342 1980 Ὡς
3367 1913 3567 1982 ὡραῖοι
3592 1918 3647 1970 οί

2069 2000 2221 2073 [565]
2268 2000 2452 2067 πόδες
2484 2000 2603 2054 τῶν
2642 1998 3180 2069 εὐαγγελιζομένων
3228 1998 3498 2067 εἰρήνην,
3533 1995 3651 2051 τῶν

2067 2084 2605 2156 εὐαγγελιζομένων
2629 2083 2704 2138 τὰ
2732 2082 2940 2153 ἀγαθά.
2976 2083 3086 2136 Kal
3122 2083 3225 2154 ὅρα
3258 2084 3409 2137 ποῖον
3434 2084 3646 2135 ἐπαινεί

2067 2167 2162 2223 τοῦ
2190 2168 2442 2239 σώματος
2478 2167 2662 2239 μέρος,
2695 2166 2821 2230 τοὺς
2851 2166 3047 2230 πόδας,
3087 2167 3214 2230 τοὺς
3248 2164 3522 2237 πανταχοῦ
3554 2168 3656 2221 αύ-

2068 2252 2195 2315 τοὺς
2227 2250 2666 2322 διακομίζοντας.
2702 2244 2839 2304 Εἶτα
2878 2248 3094 2303 καὶτὸν
3141 2248 3342 2321 τρόπον
3374 2249 3472 2320 τῆς
3520 2265 3656 2321 κραμ-

2071 2337 2282 2408 τήσεως
2315 2333 2495 2388 αὐτῶν
2523 2333 2805 2403 ἐμφαίνων
2833 2333 2861 2385 6
2889 2332 3052 2387 Δαυῒδ
3079 2332 3231 2402 λέγει
3249 2348 3264 2363 ·
3296 2330 3516 2402 Κύριος
3543 2331 3651 2384 δὼς

2073 2434 2169 2474 σει
2199 2417 2368 2488 ,όῆμα
2393 2416 2517 2484 τοῖς
2561 2415 3106 2488 εὐαγγελιζομένοις
3142 2415 3391 2485 δυνάμει
3429 2413 3655 2485 πολλῇ.

2074 2504 2150 2561 Οὐ
2180 2503 2289 2573 γὰρ
2316 2501 2380 2573 δὴ
2404 2501 2545 2556 ὅπλα
2568 2502 2911 2574 κινήσαντες,
2936 2502 2996 2554 06
3027 2504 3287 2575 χρήματα
3314 2502 3660 2572 δαπανήσαν-

2074 2606 2186 2653 τες,
2217 2587 2337 2641 οὐδὲ
2366 2585 2524 2657 ῥώμῃ
2558 2585 2828 2656 σώματος,
2869 2585 2990 2639 οὐδὲ
3022 2584 3400 2656 στρατοπέδων
3438 2586 3657 2658 πλήθει,

2075 2672 2195 2739 ούδέ
2243 2671 2388 2742 ἁλλῳ
2430 2671 2538 2724 τινὶ
2579 2669 2804 2741 τοιούτῳ
2837 2670 3239 2741 περιεγένοντο,
3279 2670 3416 2724 ἀλλὰ
3451 2672 3660 2742 ῥήματι

2075 2755 2236 2828 ψιλῷ,
2273 2757 2479 2826 ῥήματι
2519 2753 2722 2825 πολλὴν
2764 2751 2944 2823 ἔχοντι
2980 2752 3236 2825 δύναμιν,
3269 2753 3368 2827 τὴν
3402 2754 3510 2808 τῶν
3560 2772 3660 2826 ση-

2083 2839 2248 2912 μείων
2270 2836 2550 2902 ἐπίδειξιν.
2575 2837 2677 2890 Τὸν
2698 2836 2808 2906 γὰρ
2832 2838 3251 2910 ἐσταυρωμένον
3271 2838 3659 2910 κηρύσσοντες,

2081 2922 2177 2976 καὶ
2200 2923 2397 2993 σημεῖα
2430 2918 2808 2992 ἐργαζόμενοι,
2838 2919 2982 2973 οὕτω
3013 2920 3115 2991 τῆς
3143 2921 3469 2994 οἰκουμένης
3497 2923 3665 2996 ἐκρά-
3700 2980 3715 2987 λ

2081 3020 2271 3075 τησαν.
2310 3003 2409 3056 Διὰ
2446 3002 2604 3056 τοῦτό
2653 3018 2823 3073 φησι,
2859 3004 3076 3071 Κύριος
3115 3003 3295 3058 δώσει
3331 3005 3502 3076 ῥῆμα
3540 3006 3666 3073 τοῖς

2080 3087 2624 3160 εὐαγγελιζομένοις
2643 3084 2893 3156 δυνάμει
2918 3086 3140 3156 πολλῇ,
3164 3087 3233 3141 τὰ
3265 3093 3467 3159 σημεῖα
3490 3090 3668 3166 ταύτῃ

2083 3172 2283 3228 καλῶν.
2303 3170 2413 3225 Καὶ
2437 3168 2546 3241 γὰρ
2562 3169 2769 3239 ἄφατος
2790 3167 3020 3241 δύναμις
3043 3166 3132 3242 ἦν,
3157 3171 3250 3225 τὸν
3276 3172 3433 3226 ἁλιέα
3459 3176 3553 3228 καὶ
3575 3175 3668 3230 τὸν

2082 3256 2319 3326 τελώνην
2346 3254 2442 3306 καὶ
2477 3252 2570 3305 τὸν
2598 3251 2922 3325 σκηνοποιὸν
2956 3252 3064 3306 ἀπὸ
3087 3253 3257 3322 ψιλῶν
3277 3255 3668 3327 ἐπιταγμάτων

2084 3341 2311 3411 νεκροὺς
2337 3335 2594 3407 ἐγείρειν,
2634 3335 2895 3407 δαίμονας
2932 3334 3279 3402 ἀπελαύνειν,
3314 3339 3406 3394 τὸν
3438 3340 3670 3396 θάνατον

2087 3421 2346 3485 ἀπωθεῖν,
2381 3418 2689 3490 φιλοσόφων
2717 3418 3090 3489 ἐπιστομίζειν
3115 3419 3388 3490 γλῶσσαν,
3421 3423 3669 3496 ρητόρων

2087 3504 2462 3579 ἀπορράπτειν
2492 3504 2758 3573 στόματα,
2792 3502 3059 3574 βασιλέων
3087 3507 3183 3560 καὶ
3210 3505 3488 3579 ἀρχόντων
3512 3525 3671 3581 περι-

2087 3593 2355 3667 γίνεσθαι,
2393 3591 2702 3664 βαρϐάρων,
2750 3591 3041 3664 Ἑλλήνων,
3071 3596 3270 3660 παντὸς
3301 3597 3495 3666 γένους
3521 3615 3672 3671 κρα-

2088 3681 2222 3734 τεῖν.
2255 3678 2364 3731 Καὶ
2389 3675 2571 3741 καλῶς
2595 3677 2769 3743 οὕτως
2798 3674 2941 3732 εἷπε.
2971 3678 3163 3736 Πάντα
3185 3681 3298 3752 γὰρ
3316 3681 3487 3736 ταῦτα
3510 3684 3672 3755 ἤνυον

2089 3762 2282 3834 ἐκείνῳ
2310 3760 2393 3831 τῷ
2424 3761 2653 3833 ῥήματι,
2687 3761 2784 3814 καὶ
2811 3765 2877 3833 τῇ
2914 3762 3082 3835 πολλῇ
3123 3764 3353 3836 δυνάμει
3396 3766 3675 3836 μετετίθε-

2093 3865 2193 3902 σαν
2221 3845 2448 3918 νεκροὺς
2488 3846 2568 3909 εἰς
2608 3842 2847 3910 ζῶντας,
2887 3845 3246 3916 ἁμαρτωλοὺς
3296 3849 3377 3912 εἰς
3409 3848 3672 3918 δικαίους,

2094 3930 2302 4003 πηροὺς
2339 3930 2419 3993 εἰς
2447 3927 2762 3999 βλέποντας,
2800 3926 2868 3980 τὰ
2894 3930 3174 3998 νοσήματα
3202 3930 3302 4000 τῆς
3334 3931 3550 4000 φύσεως
3579 3934 3674 3988 καὶ

2092 4014 2191 4085 τὴν
2216 4013 2411 4067 κακίαν
2442 4012 2543 4082 τῆς
2566 4010 2744 4082 ψυχῆς
2770 4008 3186 4074 ἀπελαύνοντες.
3216 4009 3351 4067 Εἶτα
3378 4017 3410 4085 ἡ
3443 4014 3675 4088 δύναμις

2094 4096 2237 4167 α’ύτη
2259 4095 2423 4150 πόθεν
2455 4093 2637 4158 αὐτοῖς
2672 4093 3035 4166 παρεγένετο;
3071 4095 3189 4148 ’Ότι
3216 4095 3323 4149 ἀπὸ
3357 4096 3677 4169 Πνεύματος

2098 4181 2276 4250 ἁγίου,
2313 4180 2409 4234 καὶ
2434 4178 2592 4233 τοῦτο
2619 4177 2868 4232 ἐντεῦθεν
2895 4177 3169 4247 δηλοῦται·
3195 4181 3540 4249 Πνεύματος
3566 4182 3677 4255 γὰρ

2096 4260 2262 4336 ⁴ἦσαν
2299 4261 2781 4332 πεπληρωμένοι,
2812 4261 2967 4332 φησί,
3010 4260 3104 4314 καὶ
3133 4261 3323 4334 ἄνδρες
3356 4265 3555 4334 ὁμοίως
3583 4266 3679 4320 καὶ

2098 4350 2354 4417 γυναῖκες
2387 4346 2791 4417 προεφήτευον·
2833 4345 3003 4416 πυρὸς
3030 4346 3088 4398 ἐν
3128 4345 3256 4399 εῖδει
3292 4346 3537 4416 γλῶσσαι
3571 4367 3678 4419 φα-

2099 4434 2273 4487 νεϊσαι
2314 4429 2576 4484 ἐκάθισαν
2610 4430 2696 4498 ἐφ’
2737 4428 2835 4482 Eva
2863 4428 3094 4483 ἕκαστον
3136 4429 3336 4484 αὐτῶν.
3374 4432 3484 4486 Καὶ
3521 4434 3681 4487 τοῦτο

2114 4514 2268 4585 Ἰωὴλ
2295 4511 2501 4568 ἄνωθεν
2535 4510 2994 4583 προανεφῶνησεν
3028 4511 3172 4567 οὕτω
3203 4513 3377 4584 λέγων
3402 4533 3414 4547 ·
3466 4518 3683 4588 Ἐκχεῶ

2101 4598 2219 4654 ἀπὸ
2253 4597 2362 4652 τοῦ
2401 4597 2747 4666 Πνεύματός
2781 4613 2903 4665 μου
2934 4595 3033 4650 ἐπὶ
3066 4596 3277 4653 πᾶσαν
3317 4599 3515 4668 σάρκα
3535 4641 3549 4665 ,
3580 4603 3681 4657 καί

2103 4682 2635 4752 προφητεύσουσιν
2667 4682 2722 4734 οί
2752 4679 2872 4734 υἱοὶ
2916 4678 3104 4749 ὑμῶν,
3139 4682 3237 4735 καὶ
3273 4686 3333 4735 αι
3363 4685 3679 4753 θυγατέρες

2103 4764 2271 4836 ὑμῶν
2310 4763 2551 4834 ὁράσεις
2592 4764 2847 4833 ὄψονται
2871 4807 2886 4830 ,
2937 4766 3037 4819 καὶ
3076 4768 3131 4819 οἱ
3163 4767 3474 4822 νεανίσκοι
3515 4770 3685 4838 ὑμῶν

2103 4847 2360 4903 ἐνύπνια
2386 4847 2996 4914 ἐνυπνιασθήσονται.
3019 4850 3132 4902 Καί
3157 4866 3224 4918 τε
3255 4850 3354 4904 ἐπὶ
3384 4850 3527 4917 τοὺς
3546 4851 3683 4906 δού-

2104 4937 2256 5000 λους
2279 4952 2430 5004 μου,
2460 4933 2557 4988 καὶ
2586 4932 2686 4987 ἐπὶ
2715 4932 2825 4997 τὰς
2851 4932 3077 5000 δούλας
3095 4952 3221 5003 μου
3238 4934 3445 5004 ἐκχεῶ,
3470 4932 3623 5004 ¹πρὶν
3644 4937 3683 5004 ἢ

2106 5019 2306 5073 ἐλθεῖν
2338 5017 2452 5087 τὴν
2487 5018 2713 5088 ἡμέραν
2741 5018 2964 5086 Κυρίου
2992 5018 3108 5085 τὴν
3136 5020 3409 5089 μεγάλην
3429 5019 3528 5073 καί
3555 5021 3687 5074 ἐπι-

2107 5100 2306 5171 φανῆ·
2372 5102 2613 5173 μεγάλην
2659 5101 2874 5174 ἡμέραν
2912 5102 3008 5154 καὶ
3061 5102 3301 5173 ἐπιφανῆ
3350 5102 3446 5155 καὶ
3481 5102 3687 5175 ταύτην

2107 5186 2250 5241 οὕτω
2288 5185 2464 5254 δηλῶν
2502 5186 2600 5256 τὴν
2635 5184 2731 5238 τοῦ
2771 5185 3086 5257 Πνεύματος
3117 5187 3213 5240 καὶ¹
3253 5187 3354 5258 τὴν
3390 5186 3688 5258 μέλλουσαν

2110 5270 2204 5324 ἐπὶ
2234 5269 2511 5341 συντελείᾳ
2536 5269 2893 5340 φανήσεσθαι.
2933 5270 2989 5325 '0
3016 5271 3178 5335 αὐτὸς
3204 5270 3262 5326 δὲ
3293 5266 3448 5334 οὗτος
3475 5275 3690 5343 προφήο

2110 5371 2211 5424 της
2260 5353 2354 5406 καὶ
2404 5353 2501 5423 τὴν
2547 5352 2636 5405 διὰ
2676 5352 2911 5417 πίστεως
2956 5355 3231 5425 σωτηρίαν
3280 5356 3689 5427 προαναφωνῶν

2112 5436 2265 5507 (οὐδὲ
2295 5436 2404 5507 γὰρ
2431 5435 2589 5488 τοῦτο
2613 5435 2875 5506 ἐσιγήθη)
2902 5477 2916 5501 ,
2948 5438 3057 5491 Kal
3085 5438 3278 5502 ἔσται,
3304 5439 3488 5511 φησὶν,
3518 5437 3586 5505 ὃς
3615 5437 3692 5493 ἂν

2111 5520 2539 5587 ἐπικαλέσηται
2569 5520 2635 5573 τὸ
2665 5518 2852 5589 ὄνομα
2875 5521 3114 5587 Κυρίου,
3154 5522 3511 5590 σωθήσεται.

2185 5609 2260 5667 ς’.
2290 5600 2574 5672 Πανταχοῦ
2612 5603 2713 5672 τῆς
2738 5603 3057 5674 οἰκουμένης
3095 5606 3343 5677 κήρυκας
3382 5603 3690 5667 ἀποστελεῖ,

2118 5688 2211 5742 καὶ
2232 5688 2406 5752 οὐδεὶς
2429 5689 2658 5760 ἀνήκοος
2687 5687 2839 5743 ἔσται
2874 5687 2964 5742 τοῦ
2997 5690 3353 5763 κηρύγματος
3373 5708 3385 5723 ·
3414 5690 3507 5745 καὶ
3535 5690 3692 5744 τοῦτο

3296 5784 3371 5844 19
