4062 6166
416 337 515 392 ιρι

413 448 963 523 προαναπεφώνηται.
1017 451 1214 506 Ἀκουε
1259 449 1367 521 γὰρ
1410 448 1502 504 τοῦ
1539 448 1704 504 Δαυτδ
1741 449 1994 520 λέγοντος

412 535 571 591 τοῦτο
593 535 690 589 καὶ
712 534 1166 609 προφητεύοντος·
1194 537 1299 601 Εὶς
1318 533 1526 589 πᾶσαν
1540 533 1658 603 τὴν
1677 533 1796 605 γῆν
1814 533 1998 602 ἐξῆλ-

412 622 518 675 θεν
555 624 589 675 ό
614 622 876 691 φθόγγος
902 617 1123 685 αὐτῶν,
1158 619 1256 673 καί
1283 620 1370 684 εἰς
1408 617 1482 671 τὰ
1509 617 1738 686 πέρατα
1767 615 1878 685 τῆς
1909 618 1995 670 οἰ-

411 704 715 774 κουμένης
748 702 821 757 τὰ
849 700 1093 771 ῥήματα
1130 700 1350 760 αὐτῶν.
1383 696 1516 754 Εἶτα
1544 702 1758 765 δεικνὺς
1794 700 1888 755 καὶ
1913 699 1996 753 ὅτι

302 792 305 795 ’
414 789 555 861 μετὰ
586 787 834 855 ἐξουσίας
863 788 1181 858 ἐκήρυττον,
1212 786 1442 842 καὶτῶν
1464 784 1533 840 τὰ
1568 786 1869 858 διαδήματα
1898 803 1998 840 πε-

413 872 819 945 ριϐεϐλημένων
868 870 1230 943 δυνατώτεροι
1274 867 1437 943 ἦσαν,
1490 869 1724 942 ἀλλαχοῦ
1765 870 1927 924 πάλιν
1968 870 1996 923 ὁ

409 958 569 1022 αὐτὸς
624 958 803 1026 λέγει·
851 956 1271 1024 Καταστήσεις
1318 955 1541 1022 αὐτοὺς
1571 954 1870 1025 ἄρχοντας
1896 953 1997 1009 ἐπὶ

408 1041 616 1098 πᾶσαν
650 1041 767 1111 τὴν
804 1040 943 1112 γῆν.
975 1041 1099 1095 Ὅτι
1122 1040 1193 1095 -δέ
1236 1039 1332 1096 καὶ
1362 1039 1626 1110 βασιλέων
1672 1039 1872 1110 μᾶλλον
1901 1039 1997 1094 καὶ

408 1128 685 1199 ἀρχόντων
741 1126 1025 1196 κρείττους
1074 1125 1320 1197 ὑπῆρχον
1362 1124 1570 1197 Πέτρος
1618 1124 1714 1178 καὶ
1758 1121 1992 1190 Παῦλος,

405 1211 554 1282 δηλοῖ
584 1211 647 1264 τὰ
680 1210 1007 1283 πράγματα.
1034 1210 1097 1263 Ol
1122 1208 1253 1277 γοῦν
1278 1207 1388 1262 τῶν
1423 1207 1688 1279 βασιλέων
1713 1206 1871 1277 νόμοι
1900 1207 1995 1262 καὶ

406 1294 624 1360 ζώντων
643 1295 825 1349 αὐτῶν
845 1293 1229 1358 καταλύονται,
1256 1295 1305 1346 οἰ
1324 1293 1383 1347 δὲ
1404 1291 1514 1347 τῶν
1544 1292 1745 1347 ἀλιέων
1770 1291 1995 1346 ἐκείνων

406 1378 503 1433 καὶ
535 1378 920 1434 ἀποθανόντων
960 1378 1244 1447 πεπήγασι
1279 1376 1376 1431 καὶ
1410 1377 1667 1448 μένουσιν
1710 1375 1991 1448 ἀκίνητοι,

404 1463 502 1518 καὶ
537 1462 713 1518 ταῦτα
742 1462 837 1517 καὶ
873 1462 1145 1533 δαιμόνων
1186 1461 1281 1515 καὶ
1312 1460 1602 1531 συνηθείας
1625 1458 1865 1532 χρονίου,
1899 1460 1995 1514 καὶ

406 1546 604 1611 κακίας
625 1546 718 1600 καὶ
738 1545 931 1618 ἡδονῆς
954 1544 1049 1599 καὶ
1065 1544 1277 1616 μυρίων
1299 1544 1503 1616 ἐτέρων
1526 1543 1994 1614 ἐπιχειρησάντων

406 1630 604 1694 αὐτοὺς
620 1630 723 1683 ἀνα
731 1628 1041 1701 μοχλεῦσαι.
1062 1628 1252 1700 Δηλῶν
1271 1628 1328 1682 δέ
1344 1628 1508 1682 πάλιν
1528 1628 1610 1682 ὅτι
1627 1627 1994 1691 καταστάντες

404 1714 664 1787 ἄρχοντες
694 1714 849 1768 αὐτοὶ
868 1713 933 1785 δὴ
961 1706 1111 1767 οῦτοι
1135 1712 1432 1785 ἐπέραστοι
1464 1713 1600 1766 πᾶσι
1629 1712 1725 1767 καὶ
1754 1710 1995 1765 ποθεινοὶ

405 1796 638 1862 ἔσονται,
673 1797 921 1869 ἐπήγαγε
959 1796 1157 1865 λέγων,
1192 1796 1297 1849 Διά
1332 1794 1511 1850 τοῦτο
1540 1796 1678 1850 λαοί
1710 1794 1995 1863 ἐξομολο-

403 1880 699 1951 γήσονταί
729 1896 829 1934 σοι
856 1881 945 1948 εἰς
980 1881 1088 1935 τόν
1114 1877 1324 1943 αἰῶνα,
1372 1878 1673 1943 τουτέστιν,
1708 1874 1861 1950 [566]
1907 1877 1996 1929 εὐ-

404 1963 796 2038 χαριστήσουσί
843 1980 955 2025 σοι,
1012 1964 1107 2017 καὶ
1153 1963 1315 2035 χάριν
1356 1961 1594 2016 εἴσονται
1643 1959 1868 2030 πολλὴν,
1912 1960 1994 2013 ὅτι

404 2047 681 2110 τοιούτους
713 2047 982 2118 ἄρχοντας
1008 2046 1236 2111 ἔδωκας.
1274 2047 1398 2100 Ὅτι
1424 2045 1481 2099 δέ
1511 2044 1607 2098 καὶ
1640 2043 1701 2097 τὸ
1729 2045 1995 2116 κήρυγμα

405 2130 684 2201 πανταχοῦ
730 2129 1025 2203 κρατήσει,
1085 2128 1651 2200 προαναπεφώνηται.
1709 2128 1853 2199 Ὅρα
1900 2127 1993 2182 τὸν

406 2214 571 2269 Δαυτδ
601 2213 762 2267 τοῦτό
805 2231 884 2267 σοι
930 2212 1286 2284 παριστῶντα
1331 2213 1397 2266 δι’
1431 2205 1505 2265 ὧν
1538 2210 1720 2281 λέγει·
1740 2213 1994 2281 Αίτησαι

405 2300 543 2370 παρ’
574 2298 742 2369 ἐμοῦ.
776 2298 873 2351 καί
913 2294 1085 2349 δώσω
1116 2313 1216 2350 σοι
1259 2296 1403 2364 ἔθνη
1439 2295 1556 2364 τὴν
1584 2298 1996 2367 κληρονομίαν

406 2400 543 2445 σου,
569 2381 667 2435 καί
690 2380 806 2449 τὴν
834 2378 1211 2449 κατάσχεσιν
1231 2392 1348 2433 σου
1369 2378 1441 2433 τὰ
1470 2378 1698 2449 πέρατα
1720 2379 1830 2450 τῆς
1859 2379 1990 2451 τῆς.

406 2467 517 2519 Kal
550 2464 713 2518 πάλιν
758 2462 994 2533 ἀλλαχοῦ
1029 2463 1219 2534 ἔτερος
1267 2463 1559 2535 προφήτης
1599 2463 1733 2534 φησὶ
1764 2463 1825 2517 τὸ
1863 2465 1995 2519 αὐτὸ

405 2549 608 2620 δηλῶν·
641 2546 1072 2616 Πλησθήσεται
1104 2548 1143 2616 ἡ
1175 2548 1474 2616 σύμπασα
1514 2545 1593 2617 γῆ
1625 2545 1734 2601 τοῦ
1773 2547 1995 2619 γνῶναι

405 2634 514 2688 τόν
541 2634 781 2702 Κύριον,
814 2632 897 2699 ώς
929 2632 1088 2701 ὕδωρ
1116 2631 1274 2685 πολὺ
1312 2632 1734 2700 κατακαλύψαι
1765 2630 1994 2686 θαλάσ-

406 2733 544 2784 σας.
569 2717 769 2770 Σκόπει
796 2716 894 2769 καὶ
923 2715 986 2768 τὸ
1016 2714 1236 2769 εὔκολον
1261 2716 1363 2785 τῆς
1389 2716 1637 2786 ὑπακοῆς
1658 2733 1672 2748 ·
1698 2717 1782 2771 Οὐ
1800 2714 1887 2786 ph
1908 2715 1995 2770 δι-

406 2802 673 2866 δάξωσιν
710 2799 970 2865 ἕκαστος
1013 2798 1124 2853 τόν
1158 2800 1428 2871 πλησίον
1465 2799 1673 2864 αὐτοῦ,
1726 2800 1824 2853 καὶ
1858 2799 1995 2853 ἔκα-

406 2900 553 2951 στος
572 2883 679 2938 τόν
695 2882 964 2953 ἀδελφόν
984 2881 1169 2936 αὐτοῦ
1189 2880 1409 2952 λέγωνξ
1419 2881 1614 2936 Γνῶθι
1634 2881 1740 2936 τὸν
1754 2883 1992 2951 Κύριον,

407 2968 497 3023 ὅτι
530 2966 753 3033 πάντες
774 2965 1098 3035 είδήσουσί
1108 2982 1186 3035 με
1211 2965 1331 3020 ἀπὸ
1358 2964 1569 3034 μικροῦ
1592 2964 1704 3030 ἕως
1721 2964 1993 3035 μεγάλου

405 3048 623 3107 αὐτῶν.
656 3050 729 3103 Τὸ
757 3048 998 3122 ἀρῤαγές
1018 3048 1117 3119 τῆς
1146 3047 1492 3120 Ἐκκλησίας·
1524 3048 1741 3102 Ἔσται
1764 3047 1834 3103 ἐν
1860 3049 1993 3117 ταῖς

403 3135 692 3205 ἐσχάταις
714 3133 963 3203 ἡμέραις
982 3131 1246 3202 ἐμφανὲς
1263 3131 1329 3186 τὸ
1353 3131 1490 3201 όρος
1506 3130 1749 3199 Κυρίου,
1769 3131 1868 3186 καί
1899 3132 1993 3187 ἐπ’

404 3218 592 3287 ἄκρον
624 3216 742 3271 τῶν
769 3215 954 3286 ὀρέων
990 3219 1023 3271 ό
1047 3212 1211 3282 οἶκος
1245 3215 1465 3284 Κυρίου
1485 3256 1500 3280 ,
1536 3214 1635 3269 καί
1668 3214 1993 3286 ὑψωθήσε-

403 3321 498 3357 ται
525 3300 801 3371 ὑπεράνω
824 3300 943 3354 τῶν
959 3299 1227 3366 βουνῶν,
1252 3300 1349 3354 καὶ
1376 3297 1637 3367 ἥξουσιν
1667 3298 1760 3352 ἐπ’
1792 3299 1939 3355 αὐτὸ
1964 3313 1992 3343 ι

403 3388 542 3443 λαοί
578 3385 802 3441 πολλοὶ
846 3384 945 3438 καί
983 3384 1130 3452 ἔθνη
1171 3381 1393 3437 πολλά.
1426 3383 1537 3437 Kal
1571 3382 1654 3435 ὅτι
1706 3382 1768 3436 οὐ
1817 3383 1991 3452 παγία

405 3471 559 3527 ἐσται
605 3469 767 3542 μόνον
802 3469 899 3522 καὶ
946 3467 1204 3537 ἀκίνητος
1258 3464 1353 3519 καὶ
1404 3465 1677 3538 ἀρραγὴς,
1720 3466 1855 3522 ἀλλὰ
1897 3469 1993 3522 καὶ

406 3556 608 3627 πολλὴν
651 3550 1014 3625 πρυτανεύσει
1057 3553 1124 3623 τῇ
1171 3551 1468 3622 οἰκουμένῃ
1511 3551 1761 3622 εἰρήνην,
1808 3552 1904 3606 καὶ
1933 3554 1991 3607 αἰ

408 3641 507 3711 μὲν
536 3638 680 3692 κατά
710 3637 895 3700 πόλεις
924 3632 1248 3706 πολυαρχίαι
1286 3631 1758 3704 καταλυθήσονται
1804 3634 1900 3689 καὶ
1934 3637 1989 3690 at

410 3719 719 3792 μοναρχίαι,
756 3718 853 3789 μία
878 3718 935 3770 δέ
965 3734 1051 3781 τις
1074 3716 1227 3769 ἐσται
1261 3714 1508 3786 βασιλεία
1536 3716 1616 3779 εἰς
1643 3717 1851 3781 πάντας
1884 3717 1989 3789 ἀρ..

406 3805 585 3867 θεῖσα,
621 3802 716 3857 καὶ
748 3801 807 3855 τὺ
831 3800 992 3854 πλέον
1014 3800 1184 3870 αὐτῆς
1218 3800 1276 3852 ἐν
1299 3799 1490 3871 εἰρήνῃ
1520 3798 1696 3866 ἐσται,
1730 3800 1791 3853 οὐ
1818 3799 1991 3854 καθά-

407 3904 514 3959 περ
556 3885 865 3958 ἔμπροσθεν
893 3900 908 3915 ·
948 3882 1010 3937 τὸ
1054 3883 1153 3954 μὲν
1197 3881 1308 3952 γὰρ
1362 3881 1592 3936 παλαιὸν
1647 3882 1988 3955 χειροτέχναι

408 3972 610 4034 πάντες
638 3969 733 4022 καὶ
767 3969 997 4040 ῥήτορες
1019 3967 1161 4020 ὅπλα
1201 3965 1462 4032 ἐτίθεντο,
1491 3965 1589 4021 καὶ
1618 3967 1711 4020 ἐπὶ
1741 3967 1990 4039 παρατά-

409 4053 543 4120 ξεως
593 4052 958 4123 εἱστήκεσαν·
1010 4048 1105 4104 τοῦ
1148 4048 1386 4120 Χριστοῦ
1431 4049 1488 4104 δέ
1541 4049 1987 4121 παραγενομένου

405 4138 585 4191 πάντα
614 4137 799 4189 ἐκεῖνα
823 4132 1060 4204 διελύθη,
1091 4133 1185 4187 καὶ
1223 4134 1303 4196 είς
1332 4130 1496 4203 μέρος
1532 4132 1889 4203 διωρισμένον
1918 4131 1989 4186 τὰ

403 4221 513 4275 τῶν
542 4219 794 4289 πολέμων
824 4217 1090 4289 περιέστη
1113 4229 1129 4244 ⁸
1158 4215 1253 4269 καὶ
1277 4212 1436 4269 τοῦτο
1463 4213 1527 4287 δὴ
1566 4216 1854 4288 προφήτης
1890 4215 1987 4289 δη-

404 4305 512 4359 λῶν
541 4321 625 4367 τις
649 4302 799 4371 ἔλεγε
821 4319 836 4333 ·
864 4302 974 4355 Καὶ
1000 4301 1389 4370 συγκόψουσι
1418 4298 1526 4365 τὰς
1549 4298 1850 4368 μαχαίρας
1876 4301 1987 4354 αὑ-

404 4386 525 4442 τῶν
556 4388 643 4451 εἰς
671 4385 910 4453 ἄροτρα,
950 4383 1047 4437 καί
1088 4384 1195 4449 τὰς
1231 4381 1468 4448 ζὶόύνας
1502 4379 1703 4437 αὐτῶν
1740 4384 1828 4448 είς
1858 4382 1988 4452 δρέ-

405 4486 587 4532 πανα,
619 4468 715 4522 καὶ
740 4469 813 4523 οὺ
843 4467 1103 4537 λήψεται
1123 4465 1299 4532 ἔθνος
1323 4463 1416 4519 ἐπ’
1450 4465 1627 4531 ἔθνος
1658 4463 1983 4535 μάχαιραν,

404 4554 505 4608 καί
532 4553 603 4605 οὐ
620 4550 705 4619 ph
721 4549 994 4619 μάθωσιν
1015 4550 1103 4621 ἐτι
1123 4548 1429 4619 πολεμεῖν.
1453 4547 1728 4619 Πρότερον
1755 4548 1855 4620 μέν
1877 4549 1986 4621 γὰρ

405 4637 465 4689 ἐν
492 4618 702 4697 τούτοις
724 4618 869 4697 ἔζων
897 4618 1157 4696 ἅπαντες,
1187 4618 1306 4685 νυνὶ
1330 4631 1385 4685 δὲ
1409 4618 1628 4701 καὶτῆς
1665 4618 1859 4700 τέχνης
1884 4618 1984 4685 afr-

402 4719 504 4790 τῆς
534 4715 878 4781 ἐπελάθοντο,
919 4715 1117 4787 μᾶλλον
1143 4713 1199 4767 δέ
1224 4715 1274 4768 οἰ
1297 4713 1515 4776 πλείους
1538 4712 1657 4766 οὐδὲ
1691 4713 1985 4782 ἐγεύσαντο

400 4805 500 4876 τὴν
529 4803 703 4875 ἀρχήν
727 4817 741 4831 ·
779 4803 828 4854 εἰ
858 4800 914 4854 δέ
951 4817 1096 4863 τινες
1133 4799 1229 4851 καὶ
1260 4792 1401 4859 εἷεν.
1429 4798 1597 4866 ὀλίγοι
1642 4797 1738 4852 καὶ
1765 4798 1825 4850 οὐ
1859 4815 1986 4854 συν·-

401 4891 546 4957 εχεϊς
577 4886 698 4940 οὐδέ
742 4883 944 4947 πολλοὶ,
991 4881 1180 4952 ὥσπερ
1225 4883 1282 4935 ἐν
1327 4881 1468 4953 ἀρχῇ
1504 4879 1650 4935 κατά
1682 4883 1787 4935 πᾶν
1835 4881 1986 4946 ἐθνος

406 4970 616 5042 μυρίων
659 4966 1080 5022 ἐπαναστάσεων
1112 4964 1430 5035 γινομένων.
1467 4961 1601 5018 Εἶτα
1634 4963 1848 5030 δεικνὺς
1889 4967 1983 5020 καὶ

402 5054 568 5108 πόθεν
607 5050 1002 5122 συστήσεταιή
1060 5046 1384 5119 Ἐκκλησία,
1434 5046 1708 5119 προλέγει.
1763 5048 1980 5122 Ἐπειδὴ

400 5139 514 5210 γὰρ
544 5138 644 5192 οὐκ
678 5136 940 5198 ἐπιεικεῖς
969 5132 1246 5205 ἄνθρωποι
1280 5132 1460 5203 μόνον,
1489 5132 1611 5185 οὐδέ
1647 5132 1848 5204 ἥμεροι
1882 5134 1979 5187 καὶ

401 5222 651 5294 χρηστοὶ,
684 5220 820 5275 ἀλλά
851 5218 948 5273 καὶ
988 5217 1170 5290 ἄγριοι
1201 5216 1296 5271 καὶ
1326 5215 1705 5287 ἀπάνθρωποι,
1741 5216 1836 5271 καὶ
1869 5212 1980 5271 οἷόν

400 5321 546 5368 τινες
573 5304 725 5359 λύκοι
765 5302 860 5358 καὶ⁷
896 5301 1108 5366 λέοντες
1138 5301 1230 5355 καὶ
1252 5300 1441 5373 ταῦροι
1486 5301 1627 5354 κατὰ
1659 5300 1750 5353 τὸν
1778 5301 1978 5373 τρόπον

402 5388 625 5460 ἔμελλον
654 5383 1119 5455 συναγελάζεσθαι
1152 5384 1354 5451 αὐτοῖς,
1388 5385 1480 5438 καὶ
1514 5383 1713 5447 πάντες
1752 5383 1981 5460 Ἐκκλη-

403 5458 494 5528 σία
524 5471 771 5543 γίνεσθαι
810 5470 928 5543 μία,
960 5470 1191 5525 ἄκουσον
1219 5468 1336 5532 πῶς
1356 5468 1418 5522 τὸ
1449 5467 1691 5521 ποικίλον
1721 5458 1823 5539 τῆς
1847 5467 1972 5536 ἀγέ-

398 5557 499 5627 λης
526 5555 730 5625 ταύτης
748 5557 777 5609 ό
802 5555 1086 5626 προφήτης
1117 5552 1384 5624 ἐδήλωσεν
1409 5550 1577 5605 εἰπών
1602 5567 1613 5581 ·
1648 5550 1789 5605 Τότε
1819 5566 1977 5621 συμ-

398 5638 842 5705 όοσκηθήσεται
895 5638 1084 5704 λύκος
1115 5635 1265 5707 μετὰ
1309 5634 1530 5705 ἀρνός,
1572 5633 1633 5688 τὸ
1688 5634 1831 5689 λιτὸν
1887 5633 1976 5689 διὰ

459 5806 476 5829 ⁸
501 5804 639 5859 Culb.
666 5805 739 5853 ἐπ’
760 5805 905 5869 αὐτῷ.

1115 332 1173 388 S.
1213 330 1495 388 JOANNIS
1532 327 2016 388 CHRYSOSTOMI
2056 329 2376 388 ARCHIEP.
2416 330 2962 393 CONSTANTINOP.

3581 343 3683 401 89'!

2101 450 2293 506 τούτου
2325 456 2426 525 τῆς
2457 454 2667 526 διαίτης
2694 455 2806 508 τῶν
2840 454 3106 526 βασιλέων
3138 456 3439 527 ἐμφαίνων.
3478 457 3602 514 ’Ὅτι
3629 461 3687 518 δὲ

2096 535 2157 589 οὐ
2198 537 2326 608 περὶ
2360 536 2565 609 θηρίων
2606 539 2724 591 ἐστὶ
2764 538 2961 604 ταῦτα,
3003 539 3213 593 είπάτω
3254 541 3509 607 Ἰουδαῖος
3551 545 3687 598 πότε

2095 619 2254 673 τοῦτο
2282 620 2506 689 γέγονεν
2524 637 2539 652 ·
2568 620 2825 676 οὐδέποτε
2858 622 2968 694 γὰρ
2995 621 3159 688 λύκος
3193 623 3333 695 μετά
3364 625 3530 696 ἀρνὸς
3563 627 3686 681 ἐϐο-

2099 701 2274 774 σκήθη
2293 717 2309 734 ·
2335 704 2385 756 εί
2406 702 2465 757 δὲ
2492 703 2587 758 καὶ
2625 703 2820 775 ἔμελλε
2853 704 3179 776 βόσκεσθαι,
3209 707 3264 759 τί
3293 707 3453 761 τοῦτο
3487 709 3548 763 τὸ
3573 709 3684 764 τῶν

2097 783 2399 855 ἀνθρώπων
2419 785 2619 854 ὠφέλει
2644 787 2832 855 γένος;
2874 787 3035 842 Ἀλλά
3063 789 3194 859 περὶ
3224 790 3335 843 τῶν
3359 791 3567 862 ἀγρίων
3592 792 3684 847 τὸν

2096 868 2299 937 τρόπον
2317 867 2625 940 ἀνθρώπων
2644 870 2817 939 λέγει,
2845 872 2976 944 περὶ
3005 872 3248 939 Σκυθῶν,
3276 874 3404 945 περὶ
3429 874 3682 946 Θρᾳκῶν,

2097 962 2229 1033 περὶ
2257 960 2526 1032 Μαύρων,
2558 961 2688 1033 περὶ
2735 961 2933 1030 Ἰνδῶν,
2963 963 3094 1035 περ)⁸
3120 964 3514 1036 Σαυρομάτων,
3549 967 3680 1037 περὶ

2096 1043 2346 1117 Περσῶν.
2380 1044 2506 1101 ’Ότι
2530 1046 2588 1100 δὲ
2611 1044 2784 1100 ταῦτα
2813 1047 2992 1101 πάντα
3027 1046 3096 1100 τά
3121 1046 3248 1118 ἐθνη
3290 1047 3394 1101 ὑπὸ
3426 1047 3523 1101 Eva
3554 1049 3685 1117 ἄγε-

2095 1146 2186 1182 ται
2218 1125 2404 1198 ζυγδν,
2440 1130 2536 1182 καὶ
2580 1127 2737 1192 ἄλλος
2785 1130 3073 1202 προφήτης
3111 1128 3287 1202 δηλῶν
3328 1129 3515 1200 ἔλεγε·
3574 1132 3684 1186 Καὶ

2096 1212 2548 1266 δουλεύσουσιν
2573 1210 2735 1276 αὐτῷ
2760 1212 2877 1267 ὑπὸ
2909 1210 3088 1284 ζυγὸν
3118 1213 3248 1278 ἕνα,
3282 1214 3380 1267 καί
3416 1228 3685 1283 προσκυ-

2095 1293 2406 1362 νήσουσιν
2453 1292 2616 1361 αὐτῷ
2660 1294 2920 1362 ἕκαστος
2962 1296 3032 1350 ἐκ
3081 1297 3191 1351 τοῦ
3235 1298 3425 1351 τόπου
3470 1297 3680 1352 αὑτοῦ.

2096 1378 2318 1443 Οὐκέτι,
2358 1379 2545 1450 φησὶν,
2579 1379 2637 1432 ἐν
2677 1378 3073 1451 Ἱεροσολύμοις
3101 1378 3282 1450 μόνον,
3308 1379 3445 1434 ἀλλά
3478 1398 3683 1436 παντα-

2096 1463 2193 1534 χοῦ
2241 1463 2343 1535 τῆς
2391 1462 2750 1535 οἰκουμένης·
2797 1463 2980 1517 οὐκέτι
3033 1464 3143 1536 γὰρ
3194 1466 3275 1528 εἰς
3337 1465 3682 1537 Ἱεροσόλυμα

2095 1546 2409 1602 κελεύονται
2440 1545 2717 1619 ἄνθρωποι
2751 1546 2995 1611 ἀπιέναι,
3026 1546 3139 1601 ἀλλ’
3169 1547 3401 1612 ἕκαστος
3422 1549 3559 1603 οίκοι
3585 1547 3684 1619 μέν

2095 1649 2223 1696 νων,
2247 1632 2346 1703 τὴν
2373 1622 2632 1703 λατρείαν
2662 1631 2868 1702 ταύτην
2903 1630 3160 1687 ἐπιτελεῖ.

2168 1776 2319 1852 [567]
2361 1777 2427 1842 ζ’.
2455 1777 2574 1831 Ὅτι
2600 1776 2825 1849 ἔμελλον
2863 1777 3108 1832 Ἰουδαῖοι
3138 1775 3496 1831 ἐκϐάλλεσθαι
3513 1818 3529 1843 ,
3558 1776 3683 1832 ούδέ

2095 1862 2255 1917 τοῦτο
2280 1861 2565 1933 σεσίγηται
2589 1878 2605 1891 ·
2634 1861 2730 1914 καὶ
2758 1861 2861 1931 ὅρα
2891 1860 3011 1925 πῶς
3038 1861 3133 1916 καὶ
3160 1860 3319 1914 τοῦτο
3363 1862 3625 1933 προεῖπεν
3652 1862 3683 1913 ό

2099 1948 2410 2019 προφήτης·
2446 1944 2603 1999 Ἰδοὺ
2629 1945 2701 1999 ἐν
2716 1944 2860 2015 ὑμῖν
2870 1944 3458 2015 συγκλεισθήσονται
3478 1946 3646 2012 θύραι
3663 1984 3680 2010 ,

2096 2030 2197 2085 καὶ
2234 2033 2345 2085 οὐκ
2384 2028 2655 2098 ἀνάψετε
2695 2028 2762 2083 τὸ
2791 2027 3231 2097 θυσιαστήριόν
3269 2046 3390 2098 μου
3428 2026 3677 2097 δωρεάν.

2095 2115 2207 2169 Kal
2239 2114 2383 2178 τίνες
2414 2113 2667 2183 μέλλουσι
2701 2111 3052 2184 θεραπεύειν,
3084 2112 3179 2166 καὶ
3207 2112 3338 2166 αὐτὸ
3367 2129 3683 2185 προαναπε-

2097 2198 2360 2269 φώνηται.
2416 2196 2552 2251 Ἀπὸ
2591 2195 2911 2257 ἀνατολῶν
2939 2196 3145 2265 ἡλίου,
3174 2196 3331 2268 φησὶ,
3359 2196 3540 2266 μέχρι
3581 2196 3684 2251 δυο

2095 2280 2266 2349 σμῶν
2286 2280 2352 2336 τό
2369 2279 2558 2349 ὄνομα
2577 2296 2696 2349 μου
2719 2279 3076 2345 δεδόξασται
3100 2279 3307 2347 ἐντοῖς
3325 2282 3527 2335 έθνεσι
3545 2298 3563 2315 ο
3589 2281 3684 2336 καὶ

2097 2363 2280 2430 πάλιν,
2332 2364 2435 2417 Ἐν
2462 2361 2644 2416 παντί
2671 2363 2833 2430 τόπῳ
2876 2364 3141 2433 θυμίαμα
3182 2362 3553 2433 προσάγεται
3576 2381 3681 2435 μοι

2094 2447 2194 2501 καὶ
2226 2446 2408 2501 θυσία
2435 2444 2686 2516 καθαρά.
2718 2441 2873 2510 Εἶδες
2902 2447 3020 2510 πῶς
3054 2447 3155 2518 τῆς
3182 2446 3443 2519 λατρείας
3473 2446 3571 2519 τὴν
3592 2448 3684 2501 εὐ-

2094 2530 2309 2600 γένειαν
2348 2529 2738 2602 παρεδήλωσε;
2777 2530 2894 2594 πῶς
2925 2531 2988 2584 τὸ
3020 2530 3298 2602 ἐξαίρετον
3342 2532 3439 2584 καὶ
3470 2531 3683 2603 παρηλ-

2092 2612 2363 2687 λαγμένον
2380 2632 2396 2680 ;
2416 2614 2511 2666 καὶ
2525 2615 2607 2668 ὅτι
2626 2614 2726 2667 οὐκ
2747 2614 2807 2666 ἐν
2829 2614 3003 2685 τόπῳ,
3025 2614 3139 2667 ἀλλ’
3158 2617 3217 2667 ἐν
3240 2614 3447 2688 τρόπῳ,
3476 2614 3596 2668 ούδέ
3621 2617 3682 2668 ἐν

2096 2700 2290 2770 κνίσσῃ
2315 2698 2409 2752 καὶ
2431 2697 2647 2769 καπνῷ,
2671 2697 2788 2753 ἀλλ’
2811 2699 2868 2751 ἐν
2894 2698 3059 2771 ἐτέρᾳ
3081 2698 3306 2770 λατρεία
3330 2697 3482 2752 ἔσται
3496 2698 3565 2751 τὰ
3578 2697 3682 2768 τῆς

2094 2781 2419 2856 θεραπείας;
2442 2782 2552 2836 Kal
2570 2782 2685 2845 πῶς
2699 2780 2941 2847 τούτους,
2964 2783 3151 2852 φησὶν,
3176 2783 3423 2845 ἅπαντας
3446 2781 3682 2835 ἐπεσπά-

2096 2884 2258 2920 σαντο
2276 2868 2324 2919 οἱ
2340 2865 2661 2931 ἀπόστολοι;
2692 2868 2720 2920 ό
2752 2866 2882 2936 μίαν
2904 2865 3152 2935 γλῶτταν
3176 2866 3317 2937 ἐχων
3334 2865 3432 2937 τὴν
3454 2865 3683 2918 Ἰουδαῖ-

2094 2950 2220 3020 κὴν,
2235 2949 2352 3012 πῶς
2362 2947 2452 3001 τὸν
2464 2947 2679 3019 Σκύθην
2695 2948 2893 3002 καὶτὸν
2922 2948 3082 3003 Ἰνδὸν
3098 2949 3195 3002 καὶ
3210 2949 3302 3003 τὸν
3320 2947 3429 3005 Σαυ
3438 2947 3682 3020 ρομάτην

2095 3032 2191 3087 καὶ
2212 3031 2304 3087 τὸν
2319 3031 2512 3103 Θρᾷκα
2529 3029 2735 3097 ἐπεισε;
2757 3029 2955 3085 Λαϐὼν
2973 3031 3127 3104 παρὰ
3139 3033 3239 3104 τῆς
3248 3031 3345 3086 τοῦ
3366 3032 3683 3103 Πνεύματος

2093 3116 2301 3189 δωρεᾶς
2326 3116 2426 3187 τὴν
2448 3116 2606 3187 χάριν
2631 3117 2730 3187 τῆς
2761 3115 3107 3186 πολυφωνίας
3132 3118 3357 3189 ταύτης.
3395 3116 3505 3170 Kal
3525 3115 3697 3179 τοῦτο,

2099 3200 2197 3271 μέν
2243 3200 2372 3269 περὶ
2412 3198 2520 3251 τῶν
2565 3197 2754 3253 ἐθνῶν·
2787 3199 2915 3270 περὶ
2963 3200 3021 3254 δὲ
3064 3200 3159 3254 τοῦ
3204 3199 3441 3273 Ἰσραὴλ,
3480 3200 3543 3253 τὸ
3574 3199 3683 3254 τῶν

2095 3281 2355 3352 γλωσσῶν
2390 3280 2659 3353 χάρισμα.
2700 3281 2814 3335 Kal
2857 3282 2940 3336 ὅτι
2973 3283 3095 3337 οὐδὲ
3138 3283 3293 3338 τοῦτο
3334 3284 3684 3339 ἐπεσπάσατο

2092 3366 2221 3431 τοὺς
2272 3365 2577 3431 Ἰουδαίους,
2628 3366 2796 3421 ἄκουε
2842 3366 2960 3431 πῶς
3004 3366 3276 3421 δείκνυσιν
3321 3370 3351 3421 ό
3397 3369 3685 3439 προφήτης

2093 3448 2296 3518 λέγων·
2346 3448 2449 3504 Ἐν
2479 3448 2953 3519 ἑτερογλώσσοις
2989 3449 3102 3520 γὰρ
3142 3451 3243 3504 καί
3286 3451 3358 3505 έν
3410 3452 3683 3521 χείλεσιν

2092 3532 2316 3601 ἑτέροις
2355 3530 2609 3599 λαλήσω
2648 3530 2731 3597 τῷ
2771 3530 2898 3597 λαῷ
2936 3535 3146 3600 τούτῳ,
3194 3533 3293 3588 καί
3341 3534 3470 3589 οὐδ’
3495 3534 3680 3600 οὕτως

2090 3615 2560 3670 εἰσακούσονταί
2594 3633 2737 3685 μου,
2766 3614 2926 3684 λέγει
2969 3613 3208 3685 Κύριος.
3254 3616 3319 3670 Τί
3355 3615 3546 3670 τούτου
3588 3632 3682 3668 σα-

2091 3699 2351 3771 φέστερον
2381 3698 2481 3752 ίδοι
2533 3715 2618 3762 τις
2662 3699 2762 3763 av;
2813 3697 3075 3769 Ἔμελλον
3123 3699 3365 3753 Ἰουδαῖοι
3411 3700 3680 3765 ἀπιστεῖν,

2090 3781 2158 3835 τά
2209 3782 2267 3835 δέ
2310 3780 2436 3854 ἐθνη
2487 3781 2876 3853 προστρέχειν·
2924 3783 3018 3836 καὶ
3064 3781 3226 3835 τοῦτο
3269 3782 3678 3855 προεκηρύχθη.

2095 3867 2295 3919 ’Ἄκουε
2332 3864 2426 3919 τοῦ
2470 3864 2692 3918 Ἡσαΐου
2740 3864 2900 3918 τοῦτο
2948 3864 3231 3934 δηλοῦντος
3267 3866 3361 3919 καὶ
3399 3866 3679 3933 λέγοντος·

2085 3947 2354 4017 Εὑρέθην
2392 3946 2518 4014 τοῖς
2562 3945 2667 4017 ἐμὲ
2697 3945 2784 4017 μὴ
2827 3946 3138 4016 ζητοῦσιν·
3177 3948 3454 4019 ἐμφανὴς
3484 3949 3684 4019 ἐγενό-

2084 4048 2210 4102 μην
2252 4031 2377 4099 τοῖς
2416 4030 2522 4102 ἐμὲ
2561 4029 2648 4101 ph
2687 4030 3079 4099 ἐπερωτῶσιν.
3123 4028 3329 4099 Εἶπον,
3364 4031 3509 4087 Ἰδού
3543 4034 3680 4102 εἰμι,

2089 4112 2170 4180 τῷ
2197 4113 2376 4179 ἔθνει,
2402 4114 2460 4167 ot
2482 4114 2593 4168 οὐκ
2625 4113 2931 4169 ἐκάλεσαν
2953 4113 3019 4169 τὸ
3052 4115 3239 4186 ὄνομά
3278 4133 3419 4186 μου.
3457 4116 3593 4187 Περὶ
3621 4116 3682 4171 δέ

2089 4198 2183 4253 τοῦ
2204 4197 2440 4271 Ἰσραὴλ,
2468 4198 2654 4266 Ὅλην
2675 4197 2792 4267 τὴν
2812 4198 3041 4269 ἡμέραν
3062 4199 3400 4265 ἐξεπέτασα
3425 4201 3532 4267 τὰς
3562 4202 3682 4269 χεῖ-

2081 4283 2199 4351 ράς
2221 4298 2341 4352 μου
2367 4280 2518 4350 πρὸς
2544 4281 2701 4335 λαὸν
2728 4282 3091 4337 ἀπειθοῦντα
3125 4283 3222 4338 καὶ
3249 4284 3642 4354 ἀντιλέγοντα
3659 4299 3675 4312 ·

2089 4366 2185 4420 καὶ
2214 4365 2395 4433 πάλιν,
2436 4365 2889 4436 Ἀνηγγείλαμεν
2912 4367 3071 4434 αὐτῷ
3101 4368 3181 4433 ὠς
3211 4367 3398 4431 παιδὶ,
3432 4369 3512 4435 ὡς
3545 4364 3680 4436 ῥίζα
3762 4386 3771 4395 ·

2087 4448 2261 4520 ένγῇ
2292 4447 2565 4519 διψώσῃ·
2615 4449 2708 4503 καὶ
2752 4449 2935 4514 πάλιν,
2980 4451 3179 4520 Κύριε,
3223 4452 3315 4519 τίς
3353 4452 3679 4505 ἐπίστευσε

2085 4531 2162 4602 τῇ
2200 4531 2355 4601 ἀκοῇ
2378 4532 2588 4603 ήμῶν;
2611 4533 2708 4587 καί
2742 4535 2775 4587 ό
2810 4533 3087 4604 βραχίων
3130 4535 3355 4605 Κυρίου
3380 4552 3383 4555 ·
3405 4536 3523 4590 τίνι
3564 4536 3678 4590 ἀπ-

2086 4618 2396 4687 εκαλύφθη
2414 4632 2435 4681 ;
2474 4617 2586 4670 Οὐκ
2618 4612 2761 4681 εἷπε,
2794 4619 2861 4687 τῇ
2889 4617 3207 4691 διδασκαλίᾳ
3235 4617 3412 4689 ήμῶν,
3447 4617 3678 4672 ἐνταῦθα

2086 4700 2321 4767 δεικνὺς,
2362 4699 2444 4753 ὅτι
2485 4701 2584 4753 οὐκ
2629 4699 2838 4755 οίκοθέν
2879 4719 2931 4755 τι
2976 4701 3326 4773 ἐφθέγγοντο,
3376 4702 3488 4757 ἀλλ’
3532 4703 3677 4774 ἅπερ

2087 4785 2329 4855 ήκουσαν
2376 4784 2526 4856 παρά
2570 4784 2665 4838 τοῦ
2707 4784 2866 4852 Θεοῦ,
2912 4786 3083 4841 ταῦτα
3137 4787 3497 4859 ἀπήγγειλαν.
3552 4788 3676 4840 Ὀτι

2087 4866 2456 4939 προτιμᾶσθαι
2490 4867 2571 4921 δεῖ
2604 4868 2764 4922 πάλιν
2790 4868 2862 4923 τά
2889 4870 3132 4940 ἡμέτερα
3161 4870 3269 4924 τῶν
3308 4871 3553 4935 ἐκείνων,
3582 4873 3676 4924 καὶ

2086 4950 2266 5023 πολλῷ
2310 4953 2610 5022 τιμιώτερα
2650 4950 2916 5020 γίνεσθαι,
2969 4954 3065 5007 καὶ
3113 4954 3271 5008 τοῦτο
3321 4954 3676 5026 παρεδήλωσε

2083 5047 2323 5118 Μωῦσῆς
2349 5045 2517 5101 εἰπών
2535 5065 2547 5077 ·
2578 5046 2989 5118 Παραζηλώσω
3020 5049 3178 5120 ὑμᾶς
3217 5050 3309 5104 ἐπ’
3347 5053 3461 5106 οὐκ
3492 5051 3673 5119 ἔθνει,

2081 5129 2181 5183 ἐπὶ
2213 5128 2369 5183 ἔθνει
2409 5130 2685 5194 ἀσυνέτῳ
2729 5130 3029 5202 παροργιῶ
3056 5133 3232 5203 ὑμᾶς,
3272 5134 3371 5206 τήν
3402 5135 3674 5207 προτέραν

2084 5212 2359 5265 εὐτέλειαν
2400 5212 2495 5265 τοῦ
2539 5213 2668 5267 λαοῦ
2708 5214 2880 5283 λέγων
2919 5213 3007 5269 διά
3038 5214 3154 5281 τοῦ,
3213 5218 3332 5271 Ἐπ’
3365 5220 3476 5272 οὐκ
3513 5218 3672 5272 ἔθνει

2081 5297 2256 5349 εἰπεῖν
2283 5315 2294 5326 ·
2338 5295 2461 5350 οὐδὲ
2487 5294 2595 5368 γὰρ
2624 5295 2776 5361 ἔθνος
2808 5293 2949 5353 εἶναι
2976 5299 3254 5370 ἐνομίζετο
3283 5300 3370 5355 διά
3407 5300 3506 5373 τὴν
3538 5301 3671 5354 πο).-

2080 5378 2178 5450 λὴν
2224 5377 2536 5446 εὐτέλειαν,
2583 5380 2671 5433 διὰ
2725 5380 2823 5450 τὴν
2878 5380 3124 5452 μωρίαν,
3171 5382 3260 5437 διὰ
3308 5385 3407 5446 τὴν
3452 5385 3671 5445 ἄνοιαν.

2080 5462 2194 5516 ἀλλ’
2226 5463 2335 5516 ἀπὸ
2368 5462 2467 5534 τῆς
2500 5464 2736 5527 πίστεως
2773 5465 3007 5538 τοσαύτη
3048 5467 3273 5536 γέγονεν
3305 5470 3338 5539 ή
3378 5468 3671 5541 μεταὸολή,

2078 5545 2153 5609 ώς
2193 5547 2415 5600 ἐκείνων
2448 5545 2556 5599 τῶν
2597 5547 2923 5618 τιμωμένων
2955 5548 3135 5621 πολλῷ
3179 5551 3532 5625 τιμιωτέρους
3565 5569 3670 5621 φα-

2080 5629 2258 5699 νῆναι.
2306 5627 2431 5683 Ὀτι
2481 5629 2674 5701 ἔμελλε
2714 5630 2932 5687 δάκνειν
2982 5633 3265 5697 Ἰουδαίους
3308 5634 3464 5689 τοῦτο
3512 5634 3667 5702 αὐτὸ,

2080 5714 2175 5766 καὶ
2200 5716 2264 5767 ἐκ
2296 5712 2482 5766 τούτου
2520 5712 2762 5781 βελτίους
2789 5714 3054 5783 γίνεσθαι,
3096 5718 3190 5771 καὶ
3222 5716 3379 5771 τοῦτο
3418 5718 3670 5771 ἐντεῦθεν

2082 5796 2353 5867 δηλοῦται.
2417 5797 2491 5849 Οὐ
2540 5798 2650 5870 γάρ
2714 5798 2896 5865 ἁπλῶς
2952 5796 3068 5855 εἷπε
3092 5841 3107 5869 ,
3142 5802 3487 5874 Προτιμήσω,
3548 5800 3668 5857 ἀλλ’
