4062 6166
399 279 495 334 821

401 402 754 464 dicationem;
787 409 842 456 et
882 399 983 454 hoc
1030 399 1200 468 ipsum
1242 395 1648 465 praenuntiatum
1685 398 1767 445 est
1796 381 1918 441 audi
1952 398 1966 434 :

405 498 505 553 hoc
533 494 840 566 prophetiae
883 491 1146 546 dicentem
1196 486 1446 542 Davidcm
1478 502 1491 538 :
1525 484 1591 537 In
1620 498 1817 537 omnem
1867 491 1966 534 ter-

409 605 520 643 ram
548 586 692 640 exivit
734 599 889 638 sonus
916 597 1084 634 eorum
1109 621 1123 644 ,
1152 587 1197 631 et
1239 579 1291 630 in
1316 577 1440 645 ﬁnes
1482 574 1614 628 orbis
1641 583 1788 627 terra:
1825 571 1972 624 verba

405 693 575 732 eorum
600 674 770 747 (Psat.
802 672 886 727 t8.
914 672 947 726 5
975 671 1014 739 ).
1060 669 1139 724 Ad
1171 669 1283 723 haec
1303 707 1318 735 ,
1345 665 1486 736 quod
1513 679 1631 719 cum
1663 663 1975 717 auctoritate

406 767 742 840 praedicarim
761 806 775 831 ,
797 775 850 820 et
874 763 1000 833 ipsis
1021 762 1233 832 regibus
1259 759 1586 828 potentiores
1613 757 1802 810 fuerint
1818 794 1834 820 ,
1862 753 1974 822 ipse

408 857 528 910 alibi
578 855 733 908 docet
773 852 1013 920 inquiens
1045 867 1059 903 :
1095 848 1373 902 Constitues
1411 862 1494 899 eos
1547 844 1796 914 principes
1825 856 1975 910 super

408 961 600 999 onmem
625 954 810 997 terram
846 940 1014 1011 (Psal.
1047 939 1134 993 44.
1170 936 1280 1007 17).
1311 935 1459 1002 Quod
1490 935 1700 1004 regibus
1743 946 1806 986 ac
1835 933 1976 1001 prin-

413 1038 616 1108 cipibus
642 1036 870 1104 majores
900 1033 1093 1088 fuerint
1119 1033 1307 1086 Petrus
1337 1038 1392 1085 ct
1414 1028 1639 1094 Paulus,
1687 1024 1976 1081 declaravit

413 1136 650 1184 eventus.
695 1125 825 1180 Nam
873 1139 1060 1194 regum
1110 1123 1254 1191 leges
1301 1121 1460 1174 etiam
1508 1117 1638 1188 ipsis
1679 1113 1976 1170 viventibus

411 1219 732 1287 ahrogantur
763 1233 776 1270 :
803 1215 944 1283 leges
989 1229 1116 1268 vero
1159 1214 1483 1282 piscatorum
1532 1209 1775 1273 illorum,
1818 1206 1976 1262 etiam

414 1319 742 1363 mortuorum
775 1305 940 1359 firmae
979 1313 1131 1370 sunt,
1159 1313 1210 1357 et
1255 1302 1485 1355 immotae
1525 1306 1770 1363 manent;
1819 1297 1977 1366 idque

411 1400 533 1454 licet
562 1397 890 1452 daemonibus
910 1437 924 1460 ,
957 1395 1203 1450 diuturna
1234 1393 1616 1448 consuetudine
1635 1435 1650 1453 .
1683 1391 1810 1446 vitio
1833 1431 1848 1456 ,
1886 1404 1978 1444 vo-

415 1489 612 1558 luptate
659 1487 1052 1555 innumerisque
1095 1485 1213 1540 aliis
1260 1485 1373 1538 illas
1412 1483 1703 1552 refringere
1740 1481 1979 1536 conanti-

415 1580 530 1634 bus.
575 1578 639 1634 Ut
665 1577 909 1632 ostendat
930 1587 1105 1631 autcm
1134 1591 1226 1631 eos
1252 1576 1394 1643 ipsos
1418 1575 1682 1644 principes
1719 1573 1976 1629 constitu-

416 1680 516 1735 tos,
537 1669 790 1725 amabiles
825 1669 1068 1724 omnibus
1097 1666 1576 1735 desiderabilesque
1594 1666 1708 1720 fore
1725 1707 1738 1730 ,
1763 1664 1976 1720 subdit:

417 1760 691 1828 Propterea
717 1759 891 1830 papuli
919 1759 1284 1827 conﬁtebuntur
1313 1757 1403 1810 tibi
1432 1757 1484 1810 in
1521 1755 1761 1811 steculum
1803 1754 1976 1826 (Ibid.

416 1867 462 1904 υ.
503 1849 629 1922 18);
676 1849 730 1903 id
767 1860 878 1916 est,
935 1849 1129 1920 gratias
1173 1849 1266 1902 tibi
1309 1858 1465 1918 agent
1507 1849 1795 1918 plurimas,
1841 1849 1981 1918 qttod

421 1944 552 1996 tales
575 1941 838 2011 principes
873 1939 1102 1995 dederis.
1132 1939 1283 2006 Quod
1313 1940 1614 2009 praedicatio
1645 1940 1836 2009 ubique
1861 1953 1983 2009 pro-

419 2031 652 2102 paganda
689 2033 796 2096 sit,
845 2030 896 2085 id
943 2044 1154 2101 quoque
1197 2030 1662 2100 praesigniﬁcatum
1703 2039 1785 2084 est
1819 2048 1832 2085 :
1861 2029 1983 2085 audi

425 2122 669 2177 Davidem
699 2122 749 2176 id
778 2123 868 2176 tibi
886 2122 1238 2176 declarantem
1256 2122 1336 2176 his
1357 2122 1531 2176 verbis
1555 2139 1568 2173 :
1594 2121 1806 2176 Postulo
1829 2139 1859 2175 a
1884 2139 1980 2189 me,

418 2222 463 2266 et
488 2211 616 2266 dabo
664 2214 751 2266 tibi
780 2223 950 2283 gentes
979 2213 1306 2266 hereditatem
1335 2223 1507 2278 tuam,
1535 2221 1580 2266 et
1623 2213 1984 2280 possessionem

419 2311 556 2355 tuam
580 2303 814 2356 terminos
840 2312 984 2357 terrte
1013 2303 1031 2373 (
1057 2302 1202 2357 Psal.
1230 2303 1284 2356 2.
1314 2303 1348 2358 8
1372 2304 1412 2372 ).
1442 2303 1669 2371 ldipsum
1700 2304 1825 2358 item
1847 2303 1985 2358 alius

419 2393 671 2464 pr0phcta
701 2395 892 2450 alicubi
938 2397 1015 2450 sic
1043 2396 1280 2449 enuntiat
1308 2412 1321 2448 :
1355 2395 1652 2464 Implebitur
1677 2397 1838 2450 omnis
1882 2405 1983 2449 ter-

418 2501 475 2537 ra
500 2485 706 2538 scientia
734 2484 960 2551 Domini,
979 2494 1025 2539 et
1050 2486 1178 2540 sicut
1207 2503 1338 2556 aqua
1363 2487 1539 2550 multa,
1555 2503 1666 2556 qua:
1692 2487 1852 2558 aperit
1878 2503 1986 2540 ma-

419 2574 497 2632 ria
525 2573 725 2643 (Hesai.
753 2575 842 2628 Η.
871 2574 949 2646 9).
998 2575 1064 2629 Et
1102 2577 1221 2630 vide
1272 2576 1576 2631 facilitatem
1624 2577 1981 2632 obedientite:

424 2663 544 2719 Non
590 2665 814 2732 docebit,
863 2667 967 2732 ait,
1016 2669 1358 2738 unusquisque
1409 2668 1693 2738 proximum
1724 2685 1905 2734 suum,
1939 2679 1986 2722 et

422 2759 760 2827 unusquisque
807 2763 1015 2828 fratrem
1057 2776 1240 2826 suum,
1291 2761 1460 2814 dicens
1488 2760 1783 2832 :Cognosce
1809 2761 1987 2815 Domi-

420 2864 542 2901 num
571 2864 589 2902 :
611 2849 728 2918 quia
749 2865 916 2903 omnes
941 2861 1234 2920 cognoscent
1260 2869 1336 2906 me
1360 2869 1390 2906 a
1416 2853 1620 2906 minimo
1643 2853 1845 2906 illorum
1866 2894 1879 2917 ,
1903 2869 1989 2906 us-

420 2956 514 3009 que
531 2942 600 2993 ad
620 2943 893 2994 maximum
921 2943 1121 2996 illorum
1144 2943 1198 3013 (J
1203 2960 1272 2997 er.
1304 2945 1390 2999 51.
1411 2945 1522 3014 54).
1542 2944 1788 2998 Firmitas
1807 2943 1988 3000 Eccle-

422 3031 516 3085 sia:
552 3031 634 3084 his
669 3031 1004 3086 declaratur:
1035 3032 1146 3086 Erit
1171 3035 1220 3087 in
1254 3035 1534 3088 novissimis
1579 3035 1751 3089 diebus
1789 3036 1989 3104 conspi-

421 3135 547 3173 cuus
577 3137 718 3175 mons
745 3120 949 3175 Domini
973 3140 1128 3192 supra
1153 3125 1381 3177 verticem
1421 3126 1662 3177 montium
1687 3125 1862 3178 domus
1885 3125 1990 3180 Do-

423 3211 546 3267 mini
565 3251 580 3276 ,
615 3222 660 3266 et
685 3211 953 3266 elevabitur
983 3229 1135 3285 super
1160 3215 1312 3268 colles
1334 3256 1348 3280 ,
1382 3224 1428 3268 et
1452 3217 1644 3270 venient
1673 3216 1740 3269 ad
1764 3233 1871 3270 eam
1901 3234 1991 3287 po-

424 3303 530 3370 puli
553 3302 700 3361 multi
745 3313 792 3358 et
833 3312 1000 3374 gentes
1043 3306 1212 3359 multa:
1244 3306 1444 3376 (Ilesai.
1485 3307 1539 3360 2.
1584 3307 1664 3377 2).
1689 3307 1839 3374 Quod
1868 3323 1993 3364 vero

425 3409 528 3449 non
558 3394 707 3451 ﬁrma
739 3404 971 3462 tantum,
994 3396 1160 3450 solida
1188 3407 1240 3451 et
1268 3397 1551 3452 immobilis
1573 3399 1743 3453 futura
1773 3399 1841 3452 sit
1861 3439 1873 3460 ,
1897 3399 1992 3454 sed

423 3486 583 3538 etiam
611 3485 827 3538 multam
850 3486 964 3540 orbi
1007 3501 1190 3556 pacem
1230 3488 1301 3542 sit
1327 3489 1669 3543 conciliatura
1689 3530 1704 3555 ,
1747 3489 1992 3559 quodque

424 3585 552 3630 tunc
593 3578 877 3633 multorum
922 3579 1243 3649 principatus
1269 3621 1282 3645 ,
1334 3589 1442 3635 tum
1488 3581 1810 3636 monarchia:
1848 3581 1995 3636 aufe-

424 3667 606 3722 renda-2
629 3669 735 3722 sint
759 3686 774 3722 :
802 3686 960 3724 unum
992 3681 1170 3725 autem
1197 3670 1251 3724 in
1277 3686 1462 3726 omnes
1487 3688 1707 3742 regnum
1735 3670 1991 3737 futurum,

425 3775 480 3816 et
519 3762 888 3818 abundantiori
929 3779 1056 3832 pace
1094 3764 1374 3819 fruiturum
1399 3805 1414 3829 ,
1453 3781 1558 3820 non
1605 3766 1742 3820 sicut
1799 3766 1944 3834 prius
1977 3784 1990 3820 ε

427 3871 546 3909 nam
595 3856 781 3924 priscis
808 3856 1134 3925 temporibus
1159 3856 1388 3911 artiﬁces
1425 3872 1612 3912 omnes
1661 3866 1714 3912 et
1753 3857 1994 3913 rhetores

425 3948 586 4002 armis
608 3947 848 4000 instructi
875 3956 1057 4010 erant,
1085 3957 1139 4002 et
1164 3948 1214 4002 in
1245 3949 1356 4002 acie
1379 3948 1588 4003 stabant
1618 3967 1631 4002 :
1662 3959 1781 4020 post
1800 3949 1995 4004 adven-

429 4045 536 4089 tum
565 4052 689 4091 vero
717 4035 911 4091 Christi
955 4038 1067 4092 Inrac
1095 4039 1269 4093 omnia
1296 4040 1463 4093 soluta
1499 4049 1621 4095 sunt
1644 4083 1659 4106 ,
1687 4050 1739 4096 et
1777 4041 1913 4096 bella
1941 4043 1993 4095 in

426 4127 766 4181 constitutam
810 4137 1013 4196 partem
1054 4129 1275 4183 seorsim
1306 4139 1717 4196 concesserunt;
1757 4131 1858 4186 hoc
1895 4131 1992 4186 do-

428 4231 557 4270 cens
582 4217 837 4285 propheta
864 4218 1074 4287 quidam
1101 4218 1308 4274 dicebat
1331 4237 1344 4272 :
1369 4217 1436 4274 Et
1461 4221 1776 4290 confringent
1796 4220 1995 4291 gladios

427 4323 547 4362 suos
572 4308 623 4361 in
651 4324 866 4364 vomeres
887 4351 900 4375 ,
933 4319 978 4363 et
999 4311 1196 4364 lanceas
1222 4327 1340 4365 suas
1369 4311 1419 4364 in
1450 4311 1602 4380 falces
1632 4327 1650 4364 :
1679 4321 1726 4366 et
1764 4328 1863 4365 non
1905 4329 1995 4365 su-

428 4409 526 4454 met
550 4417 671 4470 gens
699 4412 871 4456 contra
890 4412 1084 4473 gentem
1103 4404 1328 4474 gladium
1347 4444 1362 4469 ,
1383 4415 1431 4457 et
1457 4421 1555 4458 non
1575 4405 1762 4458 discent
1780 4405 1997 4473 amplius

430 4491 616 4545 bellum
645 4491 806 4563 (Ibid.
830 4510 878 4549 v.
903 4494 979 4563 4).
1011 4495 1140 4548 Nam
1169 4495 1313 4562 prius
1352 4494 1403 4548 in
1439 4494 1542 4549 illis
1562 4509 1747 4549 omnes
1775 4511 1994 4550 exerce-

432 4581 619 4635 bantur
652 4599 664 4634 :
691 4598 828 4636 nunc
857 4593 1031 4638 autem
1062 4585 1189 4638 artis
1227 4584 1342 4653 ejus
1363 4584 1510 4639 obliti
1546 4594 1701 4651 sunt;
1749 4585 1856 4639 imo
1885 4586 1996 4655 plu-

429 4690 514 4729 res
543 4690 660 4730 eam
690 4692 757 4730 ne
781 4677 863 4732 vel
899 4678 1171 4732 minimum
1197 4687 1321 4733 sunt
1349 4678 1552 4746 experti
1584 4696 1597 4732 :
1626 4678 1763 4748 quod
1791 4679 1834 4733 si
1876 4679 1995 4748 qui-

431 4766 550 4819 dam
580 4766 716 4830 sint,
743 4766 819 4821 illi
841 4768 1123 4823 admodum
1152 4769 1303 4837 pauci
1329 4778 1485 4835 sunt;
1517 4777 1572 4822 at
1590 4770 1714 4824 olim
1746 4773 1797 4823 in
1825 4771 1998 4823 omni-

433 4856 528 4910 bus
549 4858 796 4926 gentibus
811 4869 1074 4913 sescentae
1089 4859 1376 4914 seditiones
1395 4861 1779 4915 excitabantur.
1800 4861 2000 4917 Deinde

431 4957 484 5000 et
515 4947 654 5003 unde
682 4950 1050 5004 constituenda
1070 4951 1135 5005 sit
1160 4952 1393 5007 Ecclesia
1417 4951 1674 5021 prmdicit.
1697 4953 1826 5018 Quia
1854 4953 1998 5007 enim

435 5053 536 5092 non
571 5041 835 5095 mansueti
867 5050 1066 5095 tantum
1089 5082 1102 5106 ,
1134 5041 1290 5097 mites
1313 5053 1367 5097 et
1392 5041 1574 5097 urbani
1603 5041 1878 5106 homines;
1907 5042 1999 5097 sed

431 5131 591 5184 etiam
636 5131 731 5186 feri
773 5141 827 5187 et
842 5133 1125 5188 inhumani
1151 5173 1166 5200 ,
1206 5135 1548 5205 moribusque
1587 5136 1788 5190 similes
1826 5135 1960 5204 lupis
1983 5175 1998 5200 ,

433 5221 672 5276 leonibus
698 5230 754 5276 et
796 5225 994 5290 tauris,
1038 5239 1158 5280 cum
1205 5225 1332 5295 ipsis
1381 5227 1688 5281 conventuri
1731 5234 1918 5290 erant,
1951 5234 2006 5280 et

435 5326 626 5368 omnes
662 5331 818 5369 unam
848 5316 1142 5371 Ecclesiam
1172 5319 1504 5374 constituturi
1525 5360 1540 5385 ,
1583 5319 1704 5374 audi
1741 5318 2005 5389 quomodo

435 5405 614 5474 gregis
644 5404 786 5459 illius
813 5407 1118 5462 varietatem
1145 5409 1400 5478 prepbeta
1427 5409 1775 5464 declaraverit
1803 5427 1815 5462 :
1844 5409 2000 5475 Tunc,

439 5495 644 5564 inquit,
677 5506 942 5565 pascentur
965 5499 1116 5552 simul
1144 5501 1290 5568 lupus
1310 5517 1423 5554 cum
1443 5516 1572 5571 agno
1589 5500 1788 5570 (Hesai.
1812 5501 1870 5555 Η
1885 5540 1898 5553 .
1921 5498 2002 5570 6),

442 5600 550 5653 quo
580 5585 836 5655 frugalem
863 5603 1042 5658 regum
1071 5591 1229 5644 vitam
1268 5590 1481 5646 indicat.
1512 5591 1663 5658 Quod
1691 5602 1864 5646 autem
1893 5591 2007 5647 haec

443 5675 640 5733 nonde
667 5677 793 5735 feris
818 5680 958 5737 dicta
977 5682 1120 5750 sint,
1145 5683 1283 5738 dicat
1311 5683 1525 5740 Judaaus
1553 5684 1886 5754 quandonam
1905 5684 2006 5740 hoc

996 277 1264 338 CONTRA
1301 275 1581 333 ,ιυηΑεοε
1620 273 1703 327 ET
1743 266 1987 326 GENTIL

2093 312 2095 324 .
2135 266 2316 336 QUOD
2353 270 2684 330 CHRISTUS
2721 272 2826 329 SlT
2865 272 3061 330 DEUS.

3549 277 3648 316 eos

3547 308 3650 332 Ciuis

2081 383 2274 441 factum
2317 389 2385 442 sit
2417 405 2430 444 ε
2461 404 2746 458 numquam
2774 391 2914 444 enim
2954 392 3108 460 lupus
3159 407 3277 447 cum
3327 408 3462 464 agno
3505 411 3652 450 com-

2080 494 2304 547 pascuus
2330 478 2427 534 fuit
2460 497 2472 532 :
2501 481 2641 550 quod
2692 481 2734 536 si
2768 483 2926 536 etiam
2975 483 3206 537 futurum
3236 494 3417 548 esset,
3451 494 3507 539 ut
3532 501 3652 541 cum

2078 569 2169 623 illo
2196 579 2500 638 pasceretur
2521 612 2534 636 ,
2565 572 2688 640 quid
2719 572 2820 627 hoc
2843 573 3072 628 humano
3113 577 3291 644 generi
3322 576 3652 646 profuturum

2077 662 2258 714 esset?
2283 660 2386 715 Sed
2415 661 2480 715 de
2510 662 2634 717 feris
2665 664 2966 719 hominibus
2997 665 3048 720 id
3074 666 3270 720 dictum
3300 678 3401 733 est,
3435 668 3500 722 de
3520 668 3654 740 Scy-

2081 749 2222 813 this,
2267 751 2590 818 Thracibus,
2635 753 2865 822 Mauris,
2916 755 3088 821 lndis,
3120 757 3478 823 Sauromatis,
3528 761 3656 814 Per-

2078 843 2172 897 sis.
2205 843 2353 910 Quod
2384 855 2559 900 autem
2603 861 2787 901 omnes
2818 849 2918 902 illa:
2943 860 3128 919 gentes
3167 851 3265 906 sub
3291 865 3396 905 uno
3422 852 3549 922 jngo
3578 851 3656 906 fn-

2083 942 2214 988 turre
2253 945 2473 1001 essent,
2524 937 2658 992 alius
2687 938 2944 1007 prOpheta
2992 940 3279 996 declaravit
3322 941 3403 996 his
3431 943 3652 1006 verbis:

2081 1025 2146 1079 Et
2175 1027 2384 1082 servient
2412 1028 2455 1082 ei
2481 1028 2568 1082 sub
2585 1029 2713 1100 jugo
2743 1047 2842 1084 uno
2863 1072 2876 1096 ,
2904 1041 2950 1085 et
2993 1033 3274 1088 adorabunt
3310 1035 3455 1089 illum
3494 1052 3656 1091 unus-

2080 1118 2284 1185 quisque
2310 1134 2336 1171 e
2364 1118 2472 1172 loco
2498 1136 2587 1174 suo
2620 1119 2874 1190 (Soplton.
2904 1123 2956 1177 5.
2990 1122 3064 1194 9).
3094 1124 3210 1179 Non
3237 1123 3372 1180 ultra
3392 1169 3406 1193 ,
3449 1127 3652 1196 inquit,

2080 1207 2424 1280 Jerosolymis
2479 1210 2690 1278 solum,
2736 1212 2828 1266 sed
2899 1213 3090 1283 ubique
3138 1224 3416 1272 terrarum.
3476 1219 3660 1289 Neque

2079 1297 2221 1352 enim
2252 1307 2434 1367 postea
2475 1298 2857 1372 Jcrosolymam
2880 1301 3204 1372 jubebuntur
3229 1305 3472 1362 homines
3487 1307 3654 1373 adire,

2081 1390 2176 1443 sed
2205 1391 2428 1462 quisque
2456 1393 2600 1448 domi
2631 1410 2852 1451 manens
2878 1397 3018 1452 hunc
3038 1400 3235 1454 cultum
3267 1402 3557 1469 praestabit.

2154 1483 2206 1536 7.
2235 1483 2536 1538 Judteorum
2584 1487 2760 1556 ejectio
2785 1489 3048 1558 praedicta.
3080 1521 3151 1530 ——
3173 1492 3326 1558 Quod
3361 1492 3528 1547 ,ἰυάωὶ
3557 1495 3658 1563 eji-

2083 1574 2255 1628 ciendi
2285 1584 2484 1644 essent,
2509 1592 2679 1647 neque
2706 1579 2806 1634 hoc
2830 1583 3247 1649 praetermissum
3278 1584 3492 1639 silentio
3524 1584 3655 1640 fuit:

2082 1667 2202 1722 vide
2245 1671 2511 1738 quomodo
2563 1681 2614 1724 ct
2661 1672 2760 1726 hoc
2787 1671 3088 1741 prtedixerit
3115 1675 3366 1744 prOphcta
3402 1693 3416 1729 :
3451 1676 3580 1730 Ecce
3607 1679 3660 1731 in

2083 1760 2221 1814 vobis
2249 1760 2610 1814 concludentur
2622 1764 2801 1832 janua!
2819 1805 2833 1828 ,
2867 1773 3032 1818 etnon
3060 1767 3338 1821 accendetis
3364 1769 3525 1822 altare
3553 1786 3660 1823 me-

2086 1869 2170 1905 um
2199 1854 2354 1923 gratis
2385 1853 2722 1925 (Malae/1.}.
2749 1855 2858 1926 {0).
2906 1856 3131 1924 Quinam
3175 1875 3334 1928 porro
3374 1862 3514 1916 hunc
3549 1863 3662 1922 cul-

2088 1952 2195 1997 tum
2223 1943 2502 1998 exhibituri
2529 1955 2708 2000 essent
2745 1948 2822 2002 sic
2850 1950 3256 2019 praenuntiatum
3281 1961 3401 2006 est:
3435 1953 3510 2006 Ab
3561 1955 3663 2008 ori-

2085 2043 2197 2086 ente
2224 2033 2344 2086 solis
2371 2049 2528 2102 usque
2551 2034 2620 2087 ad
2643 2036 2968 2104 occidentem,
2999 2055 3179 2094 nomen
3208 2057 3370 2094 meum
3391 2041 3652 2112 glori/ica-

2088 2131 2192 2176 tum
2219 2131 2290 2176 est
2310 2123 2360 2176 in
2388 2123 2614 2192 gentibus
2637 2140 2655 2180 :
2681 2135 2728 2179 et
2755 2127 2808 2180 in
2837 2128 2973 2182 omni
2997 2127 3106 2184 loco
3134 2131 3395 2185 incensum
3433 2134 3558 2186 mihi
3581 2139 3660 2204 of-

2088 2214 2268 2282 fertur,
2297 2224 2347 2271 et
2376 2217 2544 2269 hostia
2570 2231 2702 2286 pura
2718 2217 3472 2290 (Ibid.ii).Videsquomodo
3489 2222 3660 2276 cultus

2088 2304 2412 2360 nobilitatem
2443 2305 2766 2361 declaravit?
2795 2308 3062 2376 quomodo
3075 2311 3444 2366 excellentiam
3467 2321 3518 2365 et
3541 2327 3660 2366 mn-

2089 2397 2337 2451 tationem
2364 2397 2516 2465 ejus?
2545 2397 2696 2464 Quod
2745 2413 2851 2452 non
2876 2400 2928 2452 in
2960 2399 3106 2465 loco,
3147 2399 3240 2456 sed
3289 2402 3340 2455 in
3385 2403 3659 2468 moribus,

2089 2503 2263 2558 neque
2292 2489 2344 2542 in
2371 2489 2558 2545 nidore
2583 2498 2636 2544 et
2667 2489 2831 2556 fumo,
2860 2491 2954 2546 sed
2984 2492 3034 2546 in
3057 2493 3160 2546 alio
3185 2495 3327 2548 cultu
3353 2502 3535 2550 nostra
3575 2495 3658 2548 fn-

2091 2589 2205 2636 tura
2231 2581 2338 2636 sint
2366 2581 2675 2636 ministeria.
2719 2583 2784 2636 Et
2809 2584 3076 2654 quomodo
3111 2584 3228 2638 illos
3269 2599 3487 2649 omnes,
3521 2584 3664 2640 dicet

2090 2673 2347 2742 quispiam
2371 2713 2384 2736 ,
2430 2680 2759 2727 attraxerunt
2803 2673 3068 2742 apostoli?
3093 2673 3194 2742 Qui
3220 2690 3323 2730 non
3357 2675 3454 2728 nisi
3503 2691 3661 2730 unam

2091 2764 2320 2833 linguam
2351 2762 2612 2829 habebat,
2657 2777 2848 2832 nempe
2881 2763 3147 2834 judaicam
3172 2805 3188 2830 ,
3235 2764 3501 2833 quomodo
3527 2763 3663 2836 Scy-

2092 2852 2259 2918 Iliam,
2283 2851 2466 2906 Indum
2495 2861 2546 2906 et
2573 2850 2942 2907 Sauromatam
2969 2853 3163 2909 docere
3191 2855 3404 2924 potuit?
3432 2855 3665 2924 Accepto

2094 2957 2283 3012 nempe
2323 2957 2417 3011 per
2455 2940 2706 3012 Spiritum
2755 2952 2995 2998 sanctum
3035 2944 3332 3013 linguarum
3380 2947 3666 3000 multarum

2092 3032 2253 3087 dono.
2281 3031 2348 3086 Et
2374 3030 2476 3086 hoc
2517 3031 2729 3101 quidem
2772 3032 2839 3087 de
2877 3032 3133 3089 Gentibus
3164 3051 3178 3087 :
3205 3034 3271 3088 de
3311 3034 3503 3089 lsraele
3541 3036 3667 3090 item

2093 3123 2292 3177 donum
2318 3122 2612 3193 linguarum
2645 3142 2658 3176 :
2691 3123 2830 3193 quod
2852 3133 3026 3178 autem
3057 3140 3231 3195 neque
3261 3125 3359 3180 hoc
3396 3129 3670 3182 attraxerit

2093 3215 2305 3271 Judacos
2327 3257 2342 3279 ,
2369 3213 2493 3268 audi
2515 3229 2622 3284 quo
2649 3223 2799 3284 pacto
2825 3215 3060 3270 declaret
3091 3216 3344 3285 propheta
3366 3217 3550 3272 dicens
3572 3235 3585 3272 :
3604 3216 3670 3272 In

2095 3305 2245 3358 variis
2271 3305 2456 3375 linguis
2485 3316 2531 3359 et
2559 3305 2674 3358 aliis
2703 3304 2846 3358 labiis
2873 3306 3050 3375 loquar
3073 3307 3260 3376 papulo
3298 3307 3414 3360 huic
3438 3348 3454 3371 ,
3485 3317 3532 3361 et
3573 3325 3665 3362 ue-

2094 3412 2187 3466 que
2213 3396 2286 3452 sic
2309 3396 2512 3449 audient
2541 3411 2617 3448 me
2635 3435 2650 3460 ,
2675 3395 2793 3448 dicit
2834 3394 3078 3449 Dominus
3103 3395 3252 3465 (IIes.
3280 3396 3369 3451 28.
3395 3398 3486 3467 Η)
3504 3437 3513 3447 .
3533 3397 3668 3464 Quid

2097 3484 2198 3540 hoc
2228 3484 2556 3539 manifestius
2587 3485 2754 3539 videri
2783 3485 2990 3554 possit?
3021 3485 3184 3540 Erant
3210 3487 3376 3541 Judaei
3410 3488 3668 3542 increduli

2097 3576 2292 3642 futuri,
2317 3585 2371 3631 et
2389 3577 2584 3633 Gentes
2605 3577 2669 3631 ad
2693 3577 2851 3632 ﬁdem
2871 3577 3227 3633 advolaturae:
3255 3589 3308 3634 et
3333 3579 3434 3635 hoc
3459 3596 3672 3651 quoque

2096 3669 2559 3740 prccsigniﬁcatum
2599 3677 2682 3725 est
2713 3687 2726 3722 :
2759 3671 2881 3724 audi
2930 3670 3174 3729 Hesaiam
3222 3672 3322 3726 hoc
3369 3673 3440 3726 ita
3489 3673 3670 3727 decla-

2097 3770 2302 3816 rantem
2335 3779 2348 3814 :
2382 3760 2621 3815 Inventus
2641 3777 2753 3815 sum
2782 3760 2843 3814 ob
2885 3761 2947 3815 iis
2970 3802 2986 3827 ,
3014 3763 3101 3832 qui
3142 3778 3221 3816 me
3263 3778 3362 3816 non
3404 3773 3630 3831 quwrunt
3651 3780 3672 3818 :

2098 3855 2445 3924 manifestatus
2472 3869 2584 3906 sum
2607 3853 2669 3905 iis
2691 3893 2704 3916 ,
2733 3853 2820 3922 qui
2841 3868 2919 3904 me
2947 3869 3047 3905 non
3070 3853 3345 3922 inquirunt.
3380 3852 3504 3906 Dixi
3523 3895 3537 3921 ,
3561 3870 3674 3909 ecce

2093 3960 2186 4014 ego
2214 3959 2325 3997 sum
2344 3984 2358 4008 ,
2386 3943 2453 3994 ad
2477 3954 2672 4012 gentem
2697 3981 2711 4006 ,
2747 3957 2858 4010 qua:
2885 3958 2985 3994 non
3029 3943 3270 3995 invocavit
3299 3959 3479 3996 nomen
3508 3960 3672 3998 meum

2098 4038 2299 4108 (llesai.
2330 4038 2417 4092 65.
2444 4038 2516 4104 1).
2546 4036 2623 4091 De
2650 4036 2839 4090 lsraele
2856 4045 3030 4090 autem
3051 4052 3064 4087 :
3087 4035 3212 4089 Tota
3224 4036 3304 4088 die
3330 4037 3548 4103 πρωιάὶ
3567 4053 3674 4090 ma-

2099 4145 2193 4182 nus
2219 4145 2355 4181 meas
2391 4126 2459 4180 ad
2495 4137 2689 4196 gentem
2733 4141 2833 4180 non
2858 4125 3137 4179 credentem
3165 4134 3212 4179 et
3251 4126 3669 4184 contradicentem

2103 4216 2328 4289 (Ibid.‘2)
2344 4234 2356 4281 ;
2375 4233 2438 4272 ac
2459 4231 2672 4270 rursum
2695 4235 2706 4270 :
2727 4216 3170 4271 Annuutiavimus
3183 4215 3232 4269 ei
3247 4223 3302 4267 ut
3317 4232 3472 4286 puero
3500 4233 3519 4270 :
3543 4217 3669 4271 sicut

2097 4308 2250 4362 radix
2280 4307 2334 4359 in
2373 4317 2504 4360 terra
2546 4305 2732 4360 sitienti
2771 4303 2878 4374 (Id.
2907 4306 2995 4362 55.
3033 4306 3130 4377 2);
3167 4321 3231 4360 ac
3270 4321 3480 4361 rursum
3507 4347 3520 4370 ,
3560 4305 3673 4360 Do-

2099 4399 2232 4451 mine
2250 4436 2264 4460 ,
2295 4399 2410 4466 quis
2433 4395 2643 4449 credidit
2672 4395 2869 4448 auditui
2885 4405 3056 4450 nostro
3078 4396 3102 4449 ?
3126 4395 3192 4449 Et
3212 4396 3473 4450 brae/tium
3493 4395 3672 4450 Domi-

2101 4491 2154 4544 ni
2204 4491 2281 4542 cui
2331 4488 2601 4542 revelatum
2641 4497 2712 4542 est
2763 4486 2926 4556 (Ibid.
2961 4505 3010 4542 v.
3043 4486 3138 4559 i)?
3169 4488 3282 4542 Non
3321 4487 3452 4542 dixit
3476 4488 3673 4546 doctriv

2101 4597 2183 4636 nae
2213 4589 2406 4635 nostrae
2430 4621 2444 4646 ,
2473 4580 2560 4634 ubi
2591 4579 2822 4634 ostendit
2841 4593 2933 4633 eos
2957 4593 3059 4632 non
3087 4594 3152 4633 ex
3174 4595 3232 4634 se
3260 4580 3504 4648 loquutos
3529 4594 3669 4646 esse,

2101 4673 2193 4728 sed
2220 4687 2279 4726 ea
2301 4713 2316 4737 ,
2345 4687 2461 4741 qua:
2487 4687 2517 4725 a
2544 4672 2652 4724 Deo
2677 4671 2952 4725 audierant
2997 4673 3354 4725 annuntiasse.
3386 4671 3537 4737 Quod
3579 4686 3673 4725 no.

2101 4772 2210 4819 stra
2239 4763 2472 4818 Judaicis
2499 4760 2826 4833 praeferenda
2854 4776 2916 4814 ac
2947 4761 3113 4815 multo
3133 4761 3496 4830 praestantiora
3525 4761 3632 4815 sint
3657 4801 3675 4828 ,

2104 4855 2392 4912 declaravit
2413 4854 2620 4924 Moyses
2648 4854 2730 4906 his
2756 4853 2932 4907 verbis
2963 4870 2976 4905 :
3009 4851 3075 4906 In
3115 4852 3484 4906 wnmlationem
3518 4851 3677 4904 dedu-

2104 4964 2215 5002 cam
2238 4964 2322 5001 vos
2343 4949 2394 5000 in
2433 4962 2532 4999 non
2556 4955 2737 5016 gente;
2761 4946 2814 4998 in
2859 4953 3003 5016 gente
3045 4945 3312 5014 insipiente
3355 4943 3562 4996 irritabo
3593 4957 3680 4997 vos

2108 5039 2281 5110 (Deut.
2330 5037 2419 5092 52.
2471 5037 2562 5108 2t)
2591 5053 2604 5090 :
2633 5037 2867 5106 priorem
2912 5036 3092 5106 populi
3127 5035 3384 5089 vilitatem
3434 5033 3678 5087 indicans

2105 5147 2227 5187 cum
2257 5131 2382 5186 dicit
2408 5171 2424 5196 ,
2455 5129 2524 5184 In
2566 5146 2667 5183 non
2690 5137 2834 5200 gente
2862 5145 2881 5182 :
2908 5143 3013 5182 non
3049 5127 3190 5182 enim
3237 5141 3368 5195 gens
3398 5125 3681 5194 putabatur

2108 5237 2228 5278 esse
2246 5223 2315 5279 ob
2339 5223 2594 5277 vilitatem
2622 5222 2837 5276 nimiam
2858 5261 2874 5287 ,
2902 5218 2972 5274 ob
2997 5219 3349 5287 insipientiam
3371 5257 3384 5279 ,
3411 5217 3480 5270 ob
3497 5230 3680 5269 amen-

2111 5317 2256 5372 tiam.
2285 5315 2389 5370 Sed
2419 5314 2641 5370 mutatio
2663 5322 2806 5367 tanta
2826 5327 2855 5366 a
2883 5311 2986 5366 [ide
3011 5309 3146 5364 facta
3177 5317 3258 5364 est
3281 5349 3296 5373 ,
3341 5316 3398 5362 ut
3426 5306 3478 5361 hi
3507 5307 3679 5361 hono-

2111 5409 2398 5470 rabiliores
2421 5413 2710 5476 appareant
2730 5405 2793 5458 iis
2811 5444 2826 5469 ,
2854 5403 2942 5471 qui
2969 5411 3092 5455 tunc
3130 5399 3543 5454 lionorabantur.
3570 5398 3680 5452 Hoc

2112 5517 2254 5572 aegre
2297 5501 2497 5554 laturos
2544 5496 2758 5552 Jndteos
2784 5535 2798 5560 ,
2838 5502 2893 5548 et
2921 5493 3043 5547 inde
3071 5491 3319 5547 meliores
3347 5491 3580 5556 futuros,
3619 5504 3685 5543 ex

2114 5593 2198 5647 bis
2235 5592 2392 5646 etiam
2427 5589 2728 5643 declaratur
2763 5605 2775 5640 :
2821 5600 2927 5639 non
2971 5584 3110 5637 enim
3158 5581 3470 5651 simpliciter
3524 5582 3679 5646 dixit,

2117 5695 2464 5754 anteponam;
2497 5679 2590 5736 sed
2616 5678 2772 5734 simul
2799 5677 2897 5733 hoc
2925 5676 3098 5746 ipsum
3127 5673 3400 5730 declarans
3425 5713 3439 5739 ,
3478 5681 3532 5727 et
3551 5686 3684 5742 qua-
