4062 6166
454 325 560 381 825

453 463 785 530 lemcumque
808 458 929 513 hinc
953 456 1183 513 futuram
1210 457 1632 514 emendationem
1661 455 1921 521 indicans,
1951 454 2019 508 In

449 553 841 615 aemulationem,
865 550 1062 620 inquit,
1085 549 1332 602 deducam
1352 564 1437 601 vos
1474 548 1525 600 in
1547 564 1646 600 non
1673 556 1816 616 gente
1843 545 2020 615 (Deut.

448 644 653 715 32.91)
683 662 697 710 ;
737 659 799 698 ac
825 642 868 696 si
899 642 1122 708 diceret,
1148 638 1319 693 Tanta
1337 639 1474 694 dabo
1501 640 1628 709 ipsis
1650 639 1786 694 bona
1807 680 1822 706 ,
1852 650 1910 692 ut
1930 653 2023 694 vos

449 736 787 791 aemulatione
808 731 1187 802 corripiamini,
1224 740 1277 786 et
1297 740 1354 785 ut
1382 730 1751 786 mordeamini.
1779 730 1893 785 Hoc
1920 729 2020 784 ita-

446 845 550 898 que
589 829 838 883 meliores
868 827 1011 896 ipsos
1036 823 1282 879 reddidit.
1315 823 1445 878 Nam
1474 824 1566 894 qui
1591 823 1814 879 divisum
1838 838 2014 891 mare,

444 923 636 978 βείεςειε
665 931 872 990 petras,
903 932 1082 972 aerem
1111 923 1372 971 mutatum
1397 958 1412 983 ,
1443 924 1495 970 ει
1522 923 1600 970 ιοι
1626 924 1874 986 tantaque
1895 930 2020 984 ριό-

441 1013 580 1083 digia
608 1013 875 1071 viderant;
901 1010 1008 1064 imo
1029 1023 1153 1065 vero
1178 1007 1268 1078 qui
1291 1008 1425 1062 ﬁlios
1445 1021 1571 1062 suos
1594 1006 2014 1074 immolaverant,

431 1105 528 1174 qui
559 1103 659 1173 ipsi
684 1101 1014 1172 Beelphegor
1056 1100 1248 1155 initiati
1275 1099 1524 1164 fuerant,
1559 1100 1846 1170 multisque
1875 1114 2012 1169 prte-

439 1195 612 1264 stigiis
665 1209 882 1264 Operam
909 1191 1194 1256 dederant;
1228 1190 1282 1245 hi
1322 1198 1598 1262 postquam
1646 1205 1744 1247 nos
1782 1191 2015 1246 accessi-

439 1301 586 1351 mus,
621 1285 880 1354 longeque
927 1283 1326 1352 praestantiorcs
1368 1283 1477 1337 suis
1507 1296 1595 1337 res
1642 1281 2012 1348 exhibuimus,

438 1376 773 1432 armalatione
809 1375 994 1441 ducti,
1025 1383 1080 1430 et
1104 1374 1350 1430 meliores
1375 1373 1545 1428 ell'ecti
1579 1382 1740 1440 sunt,
1768 1383 1927 1444 atque
1957 1388 2015 1428 se

436 1471 846 1534 continuerunt;
874 1470 944 1522 ita
971 1477 1029 1522 ut
1056 1482 1118 1523 ea
1143 1483 1260 1537 quae
1287 1481 1386 1522 nec
1415 1467 1794 1537 pr0phetarum
1837 1466 2012 1520 moni-

438 1563 539 1628 tis,
591 1577 692 1616 nee
721 1560 1077 1632 prodigiorum
1117 1559 1341 1614 ostentis
1372 1558 1540 1612 territi
1584 1556 1858 1623 fecerant,
1897 1559 2010 1626 jam

423 1653 772 1708 aemulatione
801 1653 968 1706 nostri
989 1658 1132 1706 recte
1161 1649 1373 1704 faciant.
1403 1648 1571 1704 Nemo
1597 1650 1774 1718 itaque
1801 1648 2009 1702 illorum

419 1785 423 1788 .
431 1744 539 1813 jam
566 1743 700 1798 ﬁlios
725 1743 982 1808 immolat,
1007 1756 1166 1797 nemo
1192 1741 1259 1796 ad
1281 1740 1421 1795 idola
1441 1740 1666 1806 accedit,
1686 1739 1771 1796 vel
1787 1739 2008 1794 vitulum

431 1834 635 1890 adorat.
685 1834 1012 1906 Virginitatis
1041 1833 1205 1890 decor
1249 1834 1300 1888 in
1331 1833 1510 1889 Veteri
1556 1835 1898 1890 TeSIamento
1941 1849 2010 1890 ne

433 1927 804 1983 nominabatur
851 1926 1104 1997 quidem;
1145 1941 1266 1981 cum
1295 1935 1470 1981 autem
1513 1925 1567 1980 in
1591 1925 1741 1982 Novo
1775 1925 2010 1995 splendi-

428 2020 529 2074 dus
561 2019 765 2074 futurus
787 2027 957 2086 esset,
985 2017 1106 2073 vide
1130 2017 1398 2088 quomodo
1423 2017 1473 2072 id
1515 2016 1767 2088 przcdicat
1793 2015 1961 2072 David
1990 2033 2005 2071 :

427 2112 714 2179 Alfereutur
738 2111 846 2182 regi
869 2111 1086 2181 virgines
1117 2119 1230 2180 post
1253 2126 1396 2176 eam,
1429 2108 1745 2163 adducentur
1783 2108 1837 2162 in
1877 2117 2001 2162 tem-

427 2203 565 2272 plum
592 2201 721 2271 regis
751 2200 922 2272 (Psal.
952 2201 1041 2255 44.
1067 2199 1176 2269 16).
1200 2198 1306 2254 Sed
1336 2214 1507 2269 neque
1535 2197 1868 2254 sacerdotum
1904 2213 2004 2253 no-

426 2307 548 2346 men
601 2291 801 2356 tacuit,
849 2291 1222 2360 episcoporum
1265 2289 1385 2344 dico
1433 2306 1446 2342 :
1499 2288 1813 2343 Constituam
1868 2289 2002 2343 enim

427 2382 678 2453 principes
726 2391 835 2436 tuos
872 2382 926 2436 in
959 2397 1112 2452 pace,
1164 2389 1212 2434 et
1259 2381 1518 2451 episcOpos
1559 2390 1669 2434 tuos
1704 2380 1758 2434 in
1799 2380 2004 2451 justitia

428 2472 630 2544 (Ilesai.
658 2473 744 2529 60.
775 2471 886 2545 17).
1055 2533 1068 2544 ι

493 2563 769 2618 8.-Judicii
807 2565 1014 2620 extremi
1057 2562 1714 2632 prtcdictio.—Venturus
1759 2571 1876 2619 erat
1914 2578 2001 2618 ra-

414 2659 622 2712 tionem
655 2665 938 2712 exacturus
963 2657 1030 2711 ab
1068 2657 1342 2711 hominum
1371 2670 1569 2726 genere
1589 2695 1606 2721 ,
1641 2665 1695 2711 et
1724 2655 1998 2726 speciatim

416 2763 453 2801 a
476 2747 709 2810 Iudaeis;
737 2747 951 2802 attende
981 2747 1249 2816 quomodo
1278 2757 1331 2802 et
1357 2746 1461 2800 hoc
1499 2745 1670 2816 ipsum
1703 2746 1998 2801 vaticinen-

420 2847 508 2893 tur
531 2847 642 2893 tum
674 2838 856 2904 David,
886 2846 996 2893 tum
1025 2838 1327 2904 Malachias,
1356 2839 1443 2908 qui
1465 2838 1544 2894 sic
1567 2839 1639 2892 ait
1663 2857 1679 2896 :
1708 2837 1774 2892 Et
1801 2840 1997 2909 ingres-

413 2947 504 2986 sus
549 2939 619 2984 est
660 2930 787 2984 sicut
832 2931 1211 2999 con/latorium,
1265 2931 1391 2984 sicut
1433 2929 1586 2983 herba
1635 2929 1916 3000 fullonum,
1950 2939 1997 2983 et

420 3022 652 3092 purgabit
697 3030 958 3092 argentum
995 3029 1041 3075 et
1083 3037 1260 3074 aurum
1292 3020 1558 3082 (Malach.
1605 3021 1658 3074 5.
1701 3019 1775 3091 5)
1806 3041 1820 3074 :
1848 3020 1995 3075 Pauli

416 3115 592 3169 verbis
619 3113 794 3168 afﬁnia
817 3113 1068 3183 loquitur,
1091 3113 1276 3183 quisic
1299 3112 1458 3167 habet
1482 3131 1492 3166 :
1525 3111 1647 3166 Dies
1670 3113 1803 3167 enim
1826 3113 1997 3167 decla.

415 3208 562 3273 rabit,
591 3208 710 3278 quia
734 3209 786 3260 in
811 3207 926 3277 igne
946 3207 1196 3261 revelatur
1211 3207 1288 3277 (1.
1312 3206 1430 3277 C_or.
1451 3207 1502 3262 5.
1525 3207 1636 3277 15).
1662 3207 1828 3262 David
1846 3222 1992 3274 vero,

415 3300 553 3354 Deus
579 3300 840 3370 manifeste
873 3298 1089 3370 veniet-(
1113 3297 1258 3354 Psal.
1301 3299 1391 3355 49.
1423 3298 1524 3370 5),
1556 3299 1847 3354 secundum
1877 3299 1994 3370 ejus

412 3391 699 3447 adventum
749 3391 1090 3462 prtedicans:
1135 3406 1256 3445 nam
1307 3391 1506 3460 primus
1553 3390 1818 3446 adventus
1871 3405 1992 3446 cum

415 3486 576 3539 multa
606 3485 1042 3554 attemperatione
1072 3483 1168 3538 fuit
1191 3526 1205 3550 ,
1235 3482 1500 3539 secundus
1541 3498 1645 3538 non
1687 3483 1854 3552 item;
1895 3485 1990 3541 sed

415 3576 652 3631 horroris
681 3576 1007 3645 terrorisque
1035 3575 1227 3646 plenus
1258 3575 1390 3641 erit,
1421 3575 1626 3645 angelis
1651 3591 1988 3647 praecurren-

411 3668 578 3731 tibus,
603 3666 828 3736 ejusque
847 3667 1124 3734 przesentia
1149 3681 1247 3721 ceu
1276 3666 1450 3736 fulgur
1475 3666 1654 3721 omnia
1675 3676 1986 3738 occupante.

411 3758 542 3814 Nam
571 3759 697 3812 sicut
732 3759 925 3828 fulgur,
968 3757 1169 3826 inquit,
1198 3757 1301 3809 exit
1330 3757 1392 3810 ab
1428 3757 1644 3822 oriente,
1694 3766 1742 3811 et
1779 3769 1990 3826 apparet

409 3864 565 3917 usque
606 3847 674 3900 ad
715 3847 1048 3913 occidentem,
1093 3846 1164 3899 ita
1212 3847 1300 3898 erit
1345 3845 1588 3900 adventus
1625 3845 1750 3900 Filii
1775 3847 1990 3903 hominis

407 3943 430 4012 (
457 3941 641 3994 Matth.
671 3941 763 3995 24.
790 3939 900 4010 27)
928 3957 942 3992 :
969 3953 1076 4009 quo
1104 3937 1408 3993 declaratur
1451 3937 1567 4008 ejus
1593 3938 1867 4009 splendor,
1898 3940 1986 4009 qui

408 4033 752 4101 semetipsum
785 4029 1092 4084 annunciat.
1126 4028 1434 4084 Hoc-David
1465 4028 1706 4084 indicans
1745 4029 1984 4098 dicebat,

407 4124 543 4178 Deus
568 4123 830 4194 manifeste
857 4120 1013 4175 veniet
1043 4121 1062 4191 (
1087 4119 1232 4174 Psal.
1261 4120 1352 4176 49.
1383 4121 1481 4192 5).
1523 4120 1726 4176 Deinde
1752 4120 1985 4177 futurum

404 4216 522 4285 ejus
557 4213 814 4283 judicium
857 4211 1160 4283 signiﬁcans
1197 4212 1275 4266 sic
1323 4211 1705 4282 prosequitur:
1741 4211 1886 4283 Ignis
1931 4214 1986 4268 in

403 4315 670 4378 conspectu
695 4307 802 4377 ejus
833 4305 1118 4360 exardescet
1139 4346 1156 4371 ,
1186 4313 1232 4358 et
1271 4305 1322 4358 in
1350 4306 1560 4359 circuitu
1588 4305 1697 4376 ejus
1722 4314 1986 4374 tempestas

405 4399 573 4452 valida
595 4397 803 4467 (lbid.).
835 4396 1104 4469 Supplicia
1122 4397 1448 4452 memoravit
1466 4437 1480 4461 ,
1511 4397 1851 4468 splendorem
1872 4398 1983 4468 jam

407 4493 623 4547 indicat.
654 4492 923 4545 Advocabit
961 4493 1140 4546 caelum
1165 4491 1462 4558 desursum,
1491 4501 1536 4545 et
1574 4501 1760 4547 terram
1788 4493 1983 4548 discer-

405 4603 522 4641 nere
551 4587 794 4656 pOputum
823 4602 966 4639 suum
987 4583 1093 4654 (Ib.
1111 4600 1159 4639 v.
1177 4585 1231 4655 4)
1251 4602 1264 4639 :
1283 4585 1369 4640 hic
1395 4593 1590 4641 terram
1625 4597 1785 4643 vocat
1813 4603 1984 4658 genus

405 4679 694 4734 humanum
719 4719 733 4743 ,
765 4677 865 4732 sub
904 4676 1018 4732 luce
1061 4692 1181 4731 cum
1202 4686 1323 4731 toto
1363 4677 1635 4733 hominum
1661 4694 1858 4750 genere
1885 4680 1982 4735 Ju-

405 4770 549 4826 daros
595 4784 953 4826 annumeraus
985 4787 998 4822 :
1025 4785 1152 4824 nam
1200 4769 1267 4823 ad
1315 4770 1437 4824 illos
1477 4785 1687 4840 quoque
1731 4772 1978 4841 respicit;

405 4865 520 4917 hinc
545 4862 816 4932 subjungit
843 4878 856 4914 :
885 4859 1192 4932 Congregale
1212 4860 1290 4914 illi
1312 4871 1511 4915 sanctos
1534 4863 1644 4931 ejus
1663 4903 1678 4928 ,
1720 4864 1807 4931 qui
1844 4864 1984 4916 ordi-

405 4962 525 5006 nant
551 4960 894 5006 testamentum
923 4952 1030 5016 ejus
1050 4967 1202 5020 super
1225 4951 1478 5020 sacriﬁcia
1499 4968 1518 5006 :
1544 4961 1590 5006 et
1618 4953 1983 5008 annuntiabunt

401 5045 513 5097 creti
523 5043 774 5116 justitiam
801 5039 915 5109 ejus
928 5056 946 5092 :
957 5038 1208 5110 quoniam
1223 5036 1359 5090 Deus
1365 5037 1534 5106 judex
1545 5048 1619 5093 est
1634 5038 1871 5113 (Ib.v.5.)
1885 5045 1990 5101 Ad-

403 5146 562 5190 ventu
589 5150 689 5190 suo
713 5135 1096 5190 sacriﬁciorum
1134 5133 1334 5189 cultum
1365 5134 1671 5190 sublaturus
1707 5144 1761 5190 et
1789 5150 1980 5204 repro-

403 5229 620 5283 baturus
648 5237 793 5292 erat,
828 5236 884 5282 ut
909 5234 1154 5281 nostrum
1185 5225 1286 5280 hoc
1317 5226 1635 5280 sacriﬁcium
1667 5227 1974 5290 induceret;

402 5322 523 5377 audi
551 5319 819 5392 quomodo
860 5327 915 5374 et
957 5318 1072 5373 inec
1111 5317 1363 5387 praedicta
1405 5317 1556 5371 sint:
1589 5317 1909 5386 Sacri/icium
1933 5326 1980 5372 et

402 5413 699 5467 oblationem
727 5411 930 5466 noluisti
962 5427 980 5465 :
1007 5425 1190 5480 corpus
1215 5418 1378 5463 autent
1420 5410 1603 5480 optasti
1631 5409 1756 5464 mihi
1793 5410 1974 5480 (Psal.

401 5505 488 5561 59.
523 5504 590 5576 7)
617 5523 635 5557 :
658 5504 798 5575 quod
828 5503 986 5557 etiam
1017 5502 1140 5556 alibi
1167 5501 1375 5556 dicebat
1403 5519 1416 5554 :
1447 5500 1680 5570 Populus
1703 5517 1849 5573 quem
1874 5517 1975 5557 non

399 5598 605 5664 δοθηουὶ
649 5595 845 5648 servivit
888 5594 1040 5658 mihi,
1090 5593 1143 5646 in
1187 5593 1367 5645 auditu
1411 5592 1550 5645 auris
1597 5592 1810 5646 obedioit
1855 5594 1976 5649 mihi

404 5682 573 5757 (Psal.
607 5685 692 5739 17.
716 5685 839 5751 45),
861 5679 914 5736 id
937 5691 1038 5747 est,
1061 5698 1170 5736 non
1192 5699 1336 5738 mare
1361 5683 1620 5750 divisum,
1649 5699 1756 5739 non
1799 5693 1976 5752 petras

398 5771 596 5838 scissas
621 5773 841 5840 videns,
883 5774 976 5828 sed
1019 5774 1240 5830 audiens
1279 5775 1549 5844 apostolos
1590 5788 1757 5830 meos.
1795 5775 1858 5830 Et
1887 5775 1972 5830 hic.

1159 340 1215 397 S.
1254 335 1531 397 'JOANNIS
1568 333 2036 394 C‘llRYSOSTOMl
2077 337 2396 397 A‘RCHlEP.
2435 340 2960 408 CONSTANTINOP.

3616 356 3716 414 8'21

2135 471 2344 512 rursum
2366 501 2383 528 ,
2417 458 2608 530 Corpus
2634 471 2800 518 autem
2824 464 3024 533 optasti
3059 463 3198 518 mihi.
3231 466 3355 522 Post
3394 467 3509 524 haec
3535 473 3710 528 statim

2128 547 2338 617 adjecit,
2374 549 2515 605 Tunc
2539 553 2646 606 dixi
2667 595 2683 620 ,
2711 571 2825 610 ecce
2853 559 3014 612 venio.
3041 555 3109 611 In
3137 559 3300 627 capite
3324 558 3441 613 libri
3471 563 3713 633 scriptum

2127 648 2199 692 est
2223 639 2286 693 de
2308 657 2385 695 me
2410 640 2582 712 (Psal.
2608 643 2695 699 59.
2723 645 2832 714 10).
2867 647 2980 703 Duo
3011 656 3187 704 autem
3211 649 3299 704 hic
3318 650 3636 722 indicantur,
3658 665 3714 712 et

2128 740 2410 788 venturum
2438 749 2577 802 esse,
2604 747 2656 792 et
2688 747 2813 794 tunc
2832 750 3111 796 venturum
3138 756 3284 809 esse,
3308 757 3428 799 cum
3450 747 3709 805 sacriﬁcia

2127 820 2324 890 rejecta
2353 822 2588 892 fuerint,
2621 829 2762 896 quod
2793 839 2917 884 tunc
2942 831 3194 902 contigit,
3233 848 3352 887 cum
3381 835 3708 906 principatus

2123 909 2373 967 Judaieus
2404 914 2456 968 in
2494 915 2794 972 Retnauum
2830 923 3055 977 transiit.
3080 921 3384 980 Invenimus
3409 926 3568 980 etiam
3602 929 3703 984 Ba-

2123 1003 2252 1058 ruch
2291 1004 2359 1059 de
2396 1005 2624 1062 adventu
2670 1011 2785 1078 ejus
2833 1012 2903 1067 ita
2944 1014 3246 1084 loquentem
3277 1017 3384 1073 :In
3414 1029 3547 1074 terra
3571 1023 3704 1076 visus

2122 1101 2214 1159 est,
2236 1102 2412 1148 etcum
2434 1096 2714 1153 hominibus
2730 1113 3046 1158 conversatus
3060 1116 3132 1158 est
3153 1105 3374 1178 (Barueh
3410 1111 3464 1166 5.
3485 1111 3599 1182 58).
3619 1116 3702 1167 Ait

2121 1197 2331 1253 quoque
2356 1185 2563 1258 Moyses
2597 1207 2610 1246 :
2643 1189 2954 1261 Prop/letam
2995 1195 3130 1249 vobis
3174 1198 3410 1253 excitabit
3451 1201 3700 1256 Dominus

2120 1271 2256 1327 Deus
2298 1292 2361 1329 ex
2399 1278 2640 1346 fratribus
2683 1283 2854 1336 vestris
2893 1285 3021 1338 sicut
3052 1303 3130 1339 me
3153 1303 3172 1340 :
3195 1289 3360 1357 ipsum
3399 1292 3613 1345 audietis
3648 1294 3702 1346 iu

2119 1365 2366 1420 omnibus.
2397 1366 2465 1420 Et
2494 1370 2606 1436 erit,
2637 1373 2800 1426 omnis
2829 1375 2997 1428 anima
3015 1416 3030 1442 ,
3061 1393 3176 1446 quae
3202 1394 3301 1432 non
3330 1382 3547 1437 audierit
3581 1401 3701 1450 pro-

2118 1455 2320 1525 phetam
2339 1458 2501 1527 illum,
2533 1465 2942 1520 exterminabitur
2967 1467 3031 1522 de
3063 1472 3251 1539 populo
3275 1488 3366 1526 suo
3394 1471 3584 1542 (Deut.
3609 1478 3696 1533 18.

2118 1547 2230 1618 18).
2262 1549 2424 1606 Vides
2453 1551 2556 1609 hoc
2582 1555 2634 1609 in
2662 1556 2808 1612 nullo
2835 1558 2941 1614 alio
2969 1561 3278 1630 impletum,
3311 1579 3468 1635 quam
3506 1566 3560 1621 in
3595 1567 3698 1623 hoc

2118 1649 2341 1697 tantum.
2363 1643 2496 1700 Nam
2527 1648 2678 1703 multi
2702 1650 2972 1721 propheta:
2995 1666 3356 1723 surrexerunt,
3379 1667 3428 1713 et
3451 1659 3696 1716 omnibus

2114 1731 2526 1806 inobsequentes
2552 1739 2786 1810 fuerunt,
2811 1743 3048 1816 nihilque
3071 1757 3350 1817 propterea
3379 1752 3518 1820 passi
3546 1763 3692 1808 sunt.

2115 1824 2249 1880 l-Iuic
2276 1837 2452 1883 autem
2493 1831 2616 1900 quia
2655 1848 2761 1889 non
2791 1835 3109 1892 obedierunt
3134 1839 3337 1908 Judaei,
3368 1844 3650 1913 palabundi
3675 1887 3692 1912 ,

2111 1926 2390 1986 errantes,
2449 1919 2690 1992 fugitivi,
2743 1928 2954 1982 exsules
2997 1929 3193 2000 ubique
3241 1942 3513 2004 vagantur.
3561 1937 3693 1994 Vide

2109 2019 2341 2077 namque
2368 2013 2635 2080 quomodo
2660 2015 2860 2071 exclusi
2901 2019 3007 2074 sint
3031 2034 3060 2072 a
3087 2021 3334 2092 civitate,
3362 2034 3522 2096 atque
3543 2041 3573 2080 a
3597 2044 3693 2098 pa-

2111 2101 2274 2156 ternis
2303 2100 2506 2172 legibus
2535 2114 2590 2160 et
2628 2111 3103 2166 consuetudinibus
3126 2153 3143 2181 ,
3195 2129 3316 2170 cum
3362 2117 3647 2184 ignominia
3670 2161 3684 2182 ,

2109 2191 2466 2261 turpitudine,
2499 2204 2554 2251 et
2583 2197 2798 2254 ultionis
2832 2215 3007 2268 poma.
3037 2202 3167 2271 Qum
3206 2220 3335 2260 vero
3362 2208 3462 2263 sub
3495 2208 3690 2278 Vespa-

2108 2280 2258 2337 siano
2283 2293 2336 2338 et
2361 2285 2479 2340 Tito
2504 2289 2644 2357 passi
2673 2300 2814 2354 sunt,
2849 2307 2916 2347 ne
2939 2296 3175 2349 enarrari
3206 2295 3418 2367 quidem
3442 2311 3689 2370 possunt,

2107 2371 2177 2426 ita
2204 2388 2417 2430 omnem
2448 2378 2800 2436 calamitatem
2831 2384 3044 2439 excedit
3072 2385 3160 2441 illa
3191 2390 3469 2459 tragmdia.
3494 2392 3561 2446 Et
3585 2393 3689 2447 im-

2105 2462 2305 2533 pletum
2336 2476 2418 2522 est
2444 2469 2814 2539 propheticum
2845 2473 2972 2528 illud
2998 2492 3012 2529 :
3039 2475 3216 2532 Omnis
3237 2481 3325 2550 qui
3352 2497 3453 2535 non
3473 2483 3689 2538 audierit

2105 2559 2401 2628 praphetam
2420 2562 2584 2630 illum,
2609 2569 3037 2623 exterminabitur.
3064 2569 3189 2626 Ideo
3209 2571 3347 2643 apud
3371 2573 3488 2629 illos
3509 2577 3686 2630 omnia

2106 2648 2160 2702 in
2188 2650 2526 2708 solitudinem
2551 2670 2725 2723 versa,
2749 2659 2871 2728 quia
2907 2660 3222 2731 prophetam
3265 2663 3415 2718 illum
3456 2681 3559 2720 non
3584 2681 3686 2721 au-

2101 2738 2332 2795 dierunt.
2375 2743 2528 2809 Quod
2571 2749 2981 2806 resuscitaturus
3028 2753 3100 2807 sit
3143 2767 3368 2822 omnes,
3396 2755 3686 2813 declaravit

2102 2831 2321 2889 Hesaias
2351 2834 2434 2890 his
2461 2838 2638 2894 verbis
2667 2857 2680 2892 :
2712 2839 2988 2912 Resurgent
3014 2846 3197 2898 mortui
3221 2887 3236 2913 ,
3262 2856 3309 2900 et
3335 2847 3685 2902 excitabuntur

2099 2924 2187 2992 qui
2222 2925 2275 2978 in
2313 2926 2560 2996 sepulcris
2596 2939 2732 2984 sunt.
2761 2933 2868 2987 Ros
2892 2935 3025 2988 enim
3048 2938 3134 3006 qui
3159 2953 3190 2989 a
3215 2945 3262 2991 te
3287 2939 3534 2994 medicina
3560 2943 3684 3012 ipsis

2101 3022 2171 3066 est
2201 3013 2403 3084 (Ilcsai.
2430 3018 2520 3073 26.
2545 3019 2656 3091 19).
2680 3021 2864 3092 Neque
2891 3025 2992 3080 hoc
3021 3037 3242 3094 tantum,
3273 3034 3368 3085 sed
3395 3033 3535 3101 quod
3564 3045 3684 3102 post

2099 3121 2311 3162 crucem
2337 3149 2352 3176 ,
2381 3119 2499 3178 post
2524 3112 2726 3168 ezedem
2750 3115 3003 3173 clariores
3033 3133 3122 3173 res
3152 3119 3269 3190 ejus
3309 3121 3501 3178 futurae
3539 3125 3644 3179 sint
3663 3168 3679 3189 ,

2098 3197 2346 3268 quodque
2384 3208 2504 3270 post
2548 3207 2994 3262 resurrectionem
3037 3208 3191 3264 latius
3235 3213 3568 3284 propaganda
3612 3216 3683 3269 sit

2099 3289 2404 3358 praedicatio
2447 3291 2799 3366 (praedictum
2825 3297 2958 3368 est).
2986 3299 3119 3366 Quia
3155 3301 3296 3357 enim
3342 3303 3534 3372 ligatus
3562 3315 3643 3359 est
3663 3347 3677 3370 ,

2096 3381 2336 3449 proditus
2380 3399 2410 3438 a
2449 3383 2708 3456 discipqu
2732 3429 2747 3456 ,
2779 3390 2950 3459 sputis
2977 3399 3030 3445 et
3057 3393 3393 3448 contumeliis
3426 3394 3676 3464 affectus,

2095 3472 2428 3539 verberatus,
2460 3478 2766 3546 cruciﬁxus,
2801 3487 2856 3535 et
2881 3490 3138 3551 quantum
3167 3483 3220 3537 in
3253 3484 3354 3538 illis
3383 3485 3480 3540 fuit
3504 3501 3570 3541 ne
3601 3502 3680 3542 se-

2096 3567 2322 3633 pultura:
2347 3567 2562 3637 quidem
2591 3571 2812 3627 traditus
2831 3615 2845 3639 ,
2874 3588 2936 3629 ac
2963 3575 3277 3632 vestimenta
3318 3579 3434 3648 ejus
3476 3579 3678 3636 divise-

2094 3665 2218 3710 runt
2242 3657 2460 3725 milites,
2487 3660 2607 3728 quia
2636 3660 2688 3714 in
2719 3663 3075 3732 suspicionem
3108 3667 3404 3736 tyrannidis
3435 3679 3673 3736 vocatus,

2093 3755 2148 3800 et
2176 3748 2326 3817 quasi
2351 3749 2694 3820 blasphemus
2721 3751 2887 3819 obiit;
2913 3754 3097 3825 (quasi
3127 3765 3385 3828 tyrannus
3408 3761 3676 3835 scilicet),

2097 3838 2273 3893 Omnis
2313 3841 2444 3894 enim
2468 3883 2482 3908 ,
2519 3844 2605 3913 qui
2641 3860 2695 3898 se
2739 3860 2904 3914 regem
2939 3849 3061 3916 facit
3082 3888 3098 3914 ,
3148 3850 3447 3903 contradicit
3487 3852 3678 3907 (Imitari

2091 3927 2273 4000 (Joan.
2299 3930 2387 3985 19.
2410 3931 2534 4002 1%);
2560 3949 2770 3989 rursum
2796 3936 2971 4006 (quasi
3001 3937 3364 4011 blasphemus)
3394 3941 3527 3996 Ecce
3545 3985 3560 4009 ,
3587 3957 3676 3998 vos

2091 4019 2302 4074 audistis
2327 4020 2691 4092 blasphemiam
2715 4026 2828 4096 ejus
2853 4027 2874 4098 (
2896 4026 3082 4083 Matth.
3123 4029 3214 4084 26.
3243 4031 3313 4087 65
3339 4032 3391 4103 );
3416 4035 3559 4103 quia,
3587 4034 3674 4090 in-

2089 4126 2248 4182 quam
2268 4154 2284 4180 ,
2328 4112 2446 4169 hazc
2487 4116 2664 4171 omnia
2703 4126 2959 4174 eventura
2986 4130 3174 4188 erant,
3203 4123 3502 4180 auditorem
3531 4128 3678 4181 exci-

2091 4211 2229 4269 tans,
2257 4213 2312 4260 et
2334 4204 2400 4259 ad
2429 4205 2674 4262 ﬁduciam
2699 4223 3038 4279 praeparans;
3068 4227 3137 4267 ne
3162 4213 3436 4282 timueris,
3468 4216 3672 4287 inquit,

2091 4296 2279 4352 horum
2310 4313 2468 4353 causa
2496 4317 2510 4354 :
2541 4299 2684 4356 illius
2713 4302 2874 4370 enim,
2907 4304 2998 4374 qui
3019 4305 3326 4373 crucifixus,
3355 4307 3671 4378 ﬁagellatus,

2087 4403 2116 4443 a
2148 4389 2445 4445 latronibus
2471 4394 2795 4449 contumelia
2834 4395 3055 4452 allectus
3077 4438 3093 4463 ,
3125 4398 3178 4452 in
3211 4399 3553 4469 blasphemia:
3579 4416 3669 4456 su-

2087 4483 2379 4552 spicionem
2400 4495 2621 4542 vocatus
2642 4487 2853 4544 occisus
2879 4500 2961 4545 est
2981 4509 2995 4558 ;
3023 4491 3188 4561 illius,
3212 4493 3447 4563 inquam,
3472 4509 3558 4550 res
3581 4495 3672 4549 tali

2087 4574 2391 4632 conditione
2415 4588 2536 4647 post
2559 4588 2784 4635 mortem
2807 4590 2861 4637 et
2880 4592 2998 4651 post
3024 4588 3472 4642 resurrectionem
3490 4597 3669 4654 erunt,

2089 4677 2145 4720 ut
2167 4682 2326 4722 nemo
2348 4671 2620 4739 negaverit
2647 4685 2769 4726 eum
2795 4671 2999 4729 honore
3029 4691 3223 4746 magno
3247 4679 3502 4748 repletum
3525 4693 3666 4734 esse.

2087 4757 2202 4812 Hoc
2227 4758 2409 4829 utique
2439 4761 2516 4817 sic
2541 4763 2796 4833 contigit,
2828 4766 2970 4836 quod
3010 4766 3099 4822 diu
3137 4777 3264 4824 ante
3307 4772 3669 4839 praenuntiam

2089 4851 2343 4921 propheta
2373 4853 2582 4910 dicebat
2606 4874 2620 4910 :
2648 4855 2762 4910 Erit
2785 4860 2937 4912 radix
2956 4858 3150 4926 Jessaz,
3181 4869 3225 4914 et
3245 4862 3330 4931 qui
3349 4872 3580 4933 exsurget
3609 4873 3666 4917 ut

2085 4944 2294 5014 imperet
2325 4945 2566 5001 Gentibus
2587 4963 2607 5002 .'
2630 4949 2684 5001 in
2721 4949 2830 5019 ipso
2859 4949 3042 5004 Gentes
3067 4951 3368 5020 sperabunt,
3395 4961 3440 5005 et
3467 4955 3561 5006 erit
3583 4970 3668 5008 re-

2085 5035 2224 5104 quies
2248 5036 2358 5108 ejus
2386 5039 2548 5092 honor
2573 5038 2592 5107 (
2615 5037 2790 5092 Hesai.
2823 5040 2910 5094 11.
2940 5040 3007 5095 10
3027 5041 3080 5112 );
3109 5056 3173 5096 ac
3211 5042 3255 5096 si
3294 5041 3496 5098 diceret
3522 5061 3536 5097 :
3567 5044 3668 5099 hoc

2085 5139 2253 5194 genus
2281 5128 2468 5183 mortis
2495 5127 2798 5185 diademate
2842 5131 3206 5186 honorabilius
3235 5143 3336 5188 est.
3370 5134 3668 5205 lmperato»

2085 5233 2173 5274 res
2200 5219 2342 5274 enim
2371 5221 2544 5290 posito
2569 5221 2866 5278 diademate
2884 5263 2899 5289 ,
2931 5238 3142 5279 crucem
3173 5227 3489 5296 suscipiunt,
3521 5243 3667 5300 sym-

2084 5311 2263 5366 bolum
2291 5314 2480 5368 mortis
2511 5314 2688 5369 illius:
2716 5316 2770 5370 in
2801 5331 3032 5386 purpura
3062 5333 3191 5372 crux
3217 5360 3232 5384 ,
3275 5321 3327 5374 in
3365 5320 3666 5378 diademate

2082 5419 2233 5470 crux,
2267 5405 2320 5460 in
2349 5406 2597 5476 precibus
2616 5422 2768 5474 crux,
2792 5408 2844 5461 in
2865 5409 3027 5464 armis
3053 5425 3205 5477 crux,
3231 5411 3282 5466 in
3304 5426 3451 5466 sacra
3480 5427 3664 5468 mensa

2082 5511 2231 5562 crux,
2257 5504 2312 5551 et
2333 5497 2527 5567 ubique
2555 5506 2814 5553 terrarum
2835 5513 2966 5554 crux
2992 5500 3110 5570 plus
3134 5515 3293 5571 quam
3315 5503 3392 5557 sol
3415 5502 3660 5572 refulget.

2084 5588 2150 5642 Et
2177 5591 2269 5643 erit
2294 5591 2483 5660 requies
2504 5591 2613 5656 ejus
2636 5591 2812 5645 honor.

2155 5682 2209 5736 9.
2240 5684 2306 5736 At
2335 5697 2441 5737 non
2469 5682 2771 5752 hujusmodi
2799 5695 2924 5739 sunt
2947 5701 3036 5741 res
3060 5685 3323 5754 humanm,
3357 5690 3466 5744 imo
3491 5686 3544 5740 in
3573 5689 3660 5743 his

2089 5785 2272 5831 contra
2296 5792 2512 5847 prorsus
2535 5777 2746 5834 accidit.
2769 5777 2900 5832 Nam
2927 5778 3224 5835 viventibus
3247 5781 3310 5834 iis
3332 5821 3348 5848 ,
3373 5779 3463 5850 qui
3490 5779 3660 5846 gloria
