  <div class='ocr_page' id='page_1' title='image "/cluster/home/n/w/nwhite01/storage/ocr_20150623/48/mdp.39015032114640/304.png"; bbox 0 0 4062 6166; ppageno 0'>
   <div class='ocr_carea' id='block_1_1' title="bbox 405 299 512 358">
    <p class='ocr_par' dir='ltr' id='par_1_1' title="bbox 405 299 512 358">
     <span class='ocr_line' id='line_1_1' title="bbox 405 299 512 358; baseline -0.019 -1"><span class='ocrx_word' id='word_1_1' title='bbox 405 299 512 358; x_wconf 71' lang='lat'>823</span> 
     </span>
    </p>
   </div>
   <div class='ocr_carea' id='block_1_2' title="bbox 382 410 1984 489">
    <p class='ocr_par' dir='ltr' id='par_1_2' title="bbox 382 410 1984 489">
     <span class='ocr_line' id='line_1_2' title="bbox 382 410 1984 489; baseline -0.006 -17"><span class='ocrx_word' id='word_1_2' title='bbox 382 414 520 489; x_wconf 73' lang='grc' dir='ltr'>ὁμοῦ</span> <span class='ocrx_word' id='word_1_3' title='bbox 561 414 656 470; x_wconf 77' lang='grc' dir='ltr'>καί</span> <span class='ocrx_word' id='word_1_4' title='bbox 694 412 855 468; x_wconf 90' lang='grc' dir='ltr'>τοῦτο</span> <span class='ocrx_word' id='word_1_5' title='bbox 889 413 1085 484; x_wconf 87' lang='grc' dir='ltr'>δηλῶν,</span> <span class='ocrx_word' id='word_1_6' title='bbox 1133 415 1226 467; x_wconf 75' lang='grc' dir='ltr'>καὶ</span> <span class='ocrx_word' id='word_1_7' title='bbox 1280 413 1380 487; x_wconf 79' lang='grc' dir='ltr'>τὴν</span> <span class='ocrx_word' id='word_1_8' title='bbox 1425 414 1491 468; x_wconf 82' lang='grc' dir='ltr'>ἐκ</span> <span class='ocrx_word' id='word_1_9' title='bbox 1540 410 1984 485; x_wconf 81' lang='grc' dir='ltr'>παραζηλώσεως</span> 
     </span>
    </p>
   </div>
   <div class='ocr_carea' id='block_1_3' title="bbox 383 494 1986 569">
    <p class='ocr_par' dir='ltr' id='par_1_3' title="bbox 383 494 1986 569">
     <span class='ocr_line' id='line_1_3' title="bbox 383 494 1986 569; baseline -0.003 -18"><span class='ocrx_word' id='word_1_10' title='bbox 383 496 758 569; x_wconf 73' lang='grc' dir='ltr'>γενησομένην</span> <span class='ocrx_word' id='word_1_11' title='bbox 814 496 999 559; x_wconf 81' lang='grc' dir='ltr'>αὐτοῖς</span> <span class='ocrx_word' id='word_1_12' title='bbox 1048 495 1403 567; x_wconf 84' lang='grc' dir='ltr'>ὁπωσδήποτε</span> <span class='ocrx_word' id='word_1_13' title='bbox 1451 494 1759 565; x_wconf 87' lang='grc' dir='ltr'>διόρθωσιν,</span> <span class='ocrx_word' id='word_1_14' title='bbox 1793 495 1986 560; x_wconf 85' lang='grc' dir='ltr'>Παρα-</span> 
     </span>
    </p>
   </div>
   <div class='ocr_carea' id='block_1_4' title="bbox 384 575 1980 650">
    <p class='ocr_par' dir='ltr' id='par_1_4' title="bbox 384 575 1980 650">
     <span class='ocr_line' id='line_1_4' title="bbox 384 575 1980 650; baseline -0.003 -16"><span class='ocrx_word' id='word_1_15' title='bbox 384 578 630 650; x_wconf 79' lang='grc' dir='ltr'>ζἠλώσω</span> <span class='ocrx_word' id='word_1_16' title='bbox 662 577 839 648; x_wconf 81' lang='grc' dir='ltr'>ὑμᾶς,</span> <span class='ocrx_word' id='word_1_17' title='bbox 870 578 1057 649; x_wconf 83' lang='grc' dir='ltr'>φησὶν,</span> <span class='ocrx_word' id='word_1_18' title='bbox 1100 578 1194 631; x_wconf 82' lang='grc' dir='ltr'>ἐπ’</span> <span class='ocrx_word' id='word_1_19' title='bbox 1234 579 1348 631; x_wconf 88' lang='grc' dir='ltr'>οὐκ</span> <span class='ocrx_word' id='word_1_20' title='bbox 1390 577 1583 632; x_wconf 75' lang='grc' dir='ltr'>ἔθνει·</span> <span class='ocrx_word' id='word_1_21' title='bbox 1627 576 1760 630; x_wconf 77' lang='grc' dir='ltr'>ὡσεὶ</span> <span class='ocrx_word' id='word_1_22' title='bbox 1805 575 1980 645; x_wconf 70' lang='grc' dir='ltr'>ἔλεγε,</span> 
     </span>
    </p>
   </div>
   <div class='ocr_carea' id='block_1_5' title="bbox 384 658 1980 737">
    <p class='ocr_par' dir='ltr' id='par_1_5' title="bbox 384 658 1980 737">
     <span class='ocr_line' id='line_1_5' title="bbox 384 658 1980 737; baseline -0.004 -21"><span class='ocrx_word' id='word_1_23' title='bbox 384 660 637 717; x_wconf 79' lang='grc' dir='ltr'>Τοσαῦτα</span> <span class='ocrx_word' id='word_1_24' title='bbox 663 660 821 715; x_wconf 89' lang='grc' dir='ltr'>δώσω</span> <span class='ocrx_word' id='word_1_25' title='bbox 842 661 1027 725; x_wconf 86' lang='grc' dir='ltr'>αὐτοῖς</span> <span class='ocrx_word' id='word_1_26' title='bbox 1068 660 1268 737; x_wconf 76' lang='grc' dir='ltr'>ἀγαθά,</span> <span class='ocrx_word' id='word_1_27' title='bbox 1298 661 1374 724; x_wconf 83' lang='grc' dir='ltr'>ὡς</span> <span class='ocrx_word' id='word_1_28' title='bbox 1417 661 1563 731; x_wconf 78' lang='grc' dir='ltr'>ὑμᾶς</span> <span class='ocrx_word' id='word_1_29' title='bbox 1591 658 1980 730; x_wconf 78' lang='grc' dir='ltr'>ζηλοτυπῆσαι,</span> 
     </span>
    </p>
   </div>
   <div class='ocr_carea' id='block_1_6' title="bbox 384 741 1983 817">
    <p class='ocr_par' dir='ltr' id='par_1_6' title="bbox 384 741 1983 817">
     <span class='ocr_line' id='line_1_6' title="bbox 384 741 1983 817; baseline -0.004 -17"><span class='ocrx_word' id='word_1_30' title='bbox 384 747 462 811; x_wconf 88' lang='grc' dir='ltr'>ὼς</span> <span class='ocrx_word' id='word_1_31' title='bbox 494 748 638 817; x_wconf 80' lang='grc' dir='ltr'>ὑμᾶς</span> <span class='ocrx_word' id='word_1_32' title='bbox 677 744 962 816; x_wconf 86' lang='grc' dir='ltr'>δηχθῆναι.</span> <span class='ocrx_word' id='word_1_33' title='bbox 1005 744 1176 798; x_wconf 87' lang='grc' dir='ltr'>Τοῦτο</span> <span class='ocrx_word' id='word_1_34' title='bbox 1212 744 1344 814; x_wconf 89' lang='grc' dir='ltr'>γοῦν</span> <span class='ocrx_word' id='word_1_35' title='bbox 1373 745 1570 808; x_wconf 83' lang='grc' dir='ltr'>αὐτοὺς</span> <span class='ocrx_word' id='word_1_36' title='bbox 1616 743 1713 797; x_wconf 83' lang='grc' dir='ltr'>καὶ</span> <span class='ocrx_word' id='word_1_37' title='bbox 1740 741 1983 813; x_wconf 79' lang='grc' dir='ltr'>βελτίους</span> 
     </span>
    </p>
   </div>
   <div class='ocr_carea' id='block_1_7' title="bbox 388 827 1983 902">
    <p class='ocr_par' dir='ltr' id='par_1_7' title="bbox 388 827 1983 902">
     <span class='ocr_line' id='line_1_7' title="bbox 388 827 1983 902; baseline 0.004 -19"><span class='ocrx_word' id='word_1_38' title='bbox 388 830 668 902; x_wconf 84' lang='grc' dir='ltr'>ἐποίησεν.</span> <span class='ocrx_word' id='word_1_39' title='bbox 702 831 764 883; x_wconf 84' lang='grc' dir='ltr'>Οἱ</span> <span class='ocrx_word' id='word_1_40' title='bbox 793 828 902 902; x_wconf 78' lang='grc' dir='ltr'>γὰρ</span> <span class='ocrx_word' id='word_1_41' title='bbox 934 828 1205 883; x_wconf 90' lang='grc' dir='ltr'>θάλατταν</span> <span class='ocrx_word' id='word_1_42' title='bbox 1248 827 1594 900; x_wconf 77' lang='grc' dir='ltr'>σχιζομένην,</span> <span class='ocrx_word' id='word_1_43' title='bbox 1638 827 1845 897; x_wconf 81' lang='grc' dir='ltr'>πέτρας</span> <span class='ocrx_word' id='word_1_44' title='bbox 1885 827 1983 896; x_wconf 68' lang='lat' dir='ltr'>{57l-</span> 
     </span>
    </p>
   </div>
   <div class='ocr_carea' id='block_1_8' title="bbox 386 911 1982 988">
    <p class='ocr_par' dir='ltr' id='par_1_8' title="bbox 386 911 1982 988">
     <span class='ocr_line' id='line_1_8' title="bbox 386 911 1982 988; baseline -0.004 -19"><span class='ocrx_word' id='word_1_45' title='bbox 386 915 680 988; x_wconf 85' lang='grc' dir='ltr'>γνυμένας,</span> <span class='ocrx_word' id='word_1_46' title='bbox 731 915 872 985; x_wconf 83' lang='grc' dir='ltr'>ἀέρα</span> <span class='ocrx_word' id='word_1_47' title='bbox 923 913 1414 986; x_wconf 89' lang='grc' dir='ltr'>μεταϐαλλόμενον,</span> <span class='ocrx_word' id='word_1_48' title='bbox 1470 914 1566 966; x_wconf 75' lang='grc' dir='ltr'>καὶ</span> <span class='ocrx_word' id='word_1_49' title='bbox 1601 911 1840 965; x_wconf 88' lang='grc' dir='ltr'>τοσαῦτα</span> <span class='ocrx_word' id='word_1_50' title='bbox 1889 925 1982 962; x_wconf 84' lang='grc' dir='ltr'>τε·</span> 
     </span>
    </p>
   </div>
   <div class='ocr_carea' id='block_1_9' title="bbox 389 993 1980 1071">
    <p class='ocr_par' dir='ltr' id='par_1_9' title="bbox 389 993 1980 1071">
     <span class='ocr_line' id='line_1_9' title="bbox 389 993 1980 1071; baseline -0.004 -17"><span class='ocrx_word' id='word_1_51' title='bbox 389 1001 586 1071; x_wconf 86' lang='grc' dir='ltr'>ράστια</span> <span class='ocrx_word' id='word_1_52' title='bbox 619 997 951 1069; x_wconf 79' lang='grc' dir='ltr'>θεωροῦντες</span> <span class='ocrx_word' id='word_1_53' title='bbox 971 1036 988 1062; x_wconf 93' lang='grc'>,</span> <span class='ocrx_word' id='word_1_54' title='bbox 1034 997 1233 1068; x_wconf 82' lang='grc' dir='ltr'>μᾶλλον</span> <span class='ocrx_word' id='word_1_55' title='bbox 1264 997 1322 1050; x_wconf 83' lang='grc' dir='ltr'>δέ</span> <span class='ocrx_word' id='word_1_56' title='bbox 1360 997 1410 1049; x_wconf 85' lang='grc' dir='ltr'>οί</span> <span class='ocrx_word' id='word_1_57' title='bbox 1451 994 1520 1050; x_wconf 91' lang='grc' dir='ltr'>τά</span> <span class='ocrx_word' id='word_1_58' title='bbox 1558 994 1765 1050; x_wconf 81' lang='grc' dir='ltr'>ἑαυτῶν</span> <span class='ocrx_word' id='word_1_59' title='bbox 1814 993 1980 1048; x_wconf 84' lang='grc' dir='ltr'>τέκνα</span> 
     </span>
    </p>
   </div>
   <div class='ocr_carea' id='block_1_10' title="bbox 388 1079 1979 1153">
    <p class='ocr_par' dir='ltr' id='par_1_10' title="bbox 388 1079 1979 1153">
     <span class='ocr_line' id='line_1_10' title="bbox 388 1079 1979 1153; baseline -0.004 -15"><span class='ocrx_word' id='word_1_60' title='bbox 388 1083 626 1149; x_wconf 84' lang='grc' dir='ltr'>θύοντες,</span> <span class='ocrx_word' id='word_1_61' title='bbox 663 1083 758 1136; x_wconf 73' lang='grc' dir='ltr'>καὶ</span> <span class='ocrx_word' id='word_1_62' title='bbox 797 1082 879 1153; x_wconf 82' lang='grc' dir='ltr'>τῷ</span> <span class='ocrx_word' id='word_1_63' title='bbox 920 1081 1241 1152; x_wconf 84' lang='grc' dir='ltr'>Βεελφεγὼρ</span> <span class='ocrx_word' id='word_1_64' title='bbox 1273 1080 1610 1150; x_wconf 85' lang='grc' dir='ltr'>τελούμενοι,</span> <span class='ocrx_word' id='word_1_65' title='bbox 1632 1079 1727 1133; x_wconf 74' lang='grc' dir='ltr'>καὶ</span> <span class='ocrx_word' id='word_1_66' title='bbox 1762 1095 1979 1151; x_wconf 87' lang='grc' dir='ltr'>μαγγα-</span> 
     </span>
    </p>
   </div>
   <div class='ocr_carea' id='block_1_11' title="bbox 385 1155 1978 1237">
    <p class='ocr_par' dir='ltr' id='par_1_11' title="bbox 385 1155 1978 1237">
     <span class='ocr_line' id='line_1_11' title="bbox 385 1155 1978 1237; baseline -0.004 -16"><span class='ocrx_word' id='word_1_67' title='bbox 385 1168 557 1230; x_wconf 88' lang='grc' dir='ltr'>νείαις</span> <span class='ocrx_word' id='word_1_68' title='bbox 610 1166 832 1229; x_wconf 86' lang='grc' dir='ltr'>πολλαῖς</span> <span class='ocrx_word' id='word_1_69' title='bbox 888 1165 1284 1237; x_wconf 87' lang='grc' dir='ltr'>προσσχόντες,</span> <span class='ocrx_word' id='word_1_70' title='bbox 1336 1155 1503 1229; x_wconf 76' lang='grc' dir='ltr'>οὗτοι,</span> <span class='ocrx_word' id='word_1_71' title='bbox 1552 1162 1739 1234; x_wconf 86' lang='grc' dir='ltr'>ἐπειδὴ</span> <span class='ocrx_word' id='word_1_72' title='bbox 1808 1179 1978 1234; x_wconf 87' lang='grc' dir='ltr'>προσ-</span> 
     </span>
    </p>
   </div>
   <div class='ocr_carea' id='block_1_12' title="bbox 386 1244 1977 1324">
    <p class='ocr_par' dir='ltr' id='par_1_12' title="bbox 386 1244 1977 1324">
     <span class='ocr_line' id='line_1_12' title="bbox 386 1244 1977 1324; baseline -0.003 -21"><span class='ocrx_word' id='word_1_73' title='bbox 386 1251 623 1324; x_wconf 84' lang='grc' dir='ltr'>ήλθομεν</span> <span class='ocrx_word' id='word_1_74' title='bbox 658 1252 838 1322; x_wconf 80' lang='grc' dir='ltr'>ἡμεῖς,</span> <span class='ocrx_word' id='word_1_75' title='bbox 871 1251 966 1304; x_wconf 74' lang='grc' dir='ltr'>καὶ</span> <span class='ocrx_word' id='word_1_76' title='bbox 1001 1249 1180 1321; x_wconf 85' lang='grc' dir='ltr'>πολλῷ</span> <span class='ocrx_word' id='word_1_77' title='bbox 1218 1248 1588 1320; x_wconf 85' lang='grc' dir='ltr'>προτιμότερα</span> <span class='ocrx_word' id='word_1_78' title='bbox 1620 1245 1691 1300; x_wconf 82' lang='grc' dir='ltr'>τὰ</span> <span class='ocrx_word' id='word_1_79' title='bbox 1732 1244 1977 1319; x_wconf 81' lang='grc' dir='ltr'>ἡμέτερα</span> 
     </span>
    </p>
   </div>
   <div class='ocr_carea' id='block_1_13' title="bbox 386 1329 1976 1405">
    <p class='ocr_par' dir='ltr' id='par_1_13' title="bbox 386 1329 1976 1405">
     <span class='ocr_line' id='line_1_13' title="bbox 386 1329 1976 1405; baseline -0.006 -14"><span class='ocrx_word' id='word_1_80' title='bbox 386 1336 611 1391; x_wconf 79' lang='grc' dir='ltr'>ἐκείνων</span> <span class='ocrx_word' id='word_1_81' title='bbox 638 1335 882 1405; x_wconf 84' lang='grc' dir='ltr'>γέγονεν,</span> <span class='ocrx_word' id='word_1_82' title='bbox 913 1333 1087 1397; x_wconf 82' lang='grc' dir='ltr'>οὓτως</span> <span class='ocrx_word' id='word_1_83' title='bbox 1121 1333 1230 1387; x_wconf 89' lang='grc' dir='ltr'>ἀπὸ</span> <span class='ocrx_word' id='word_1_84' title='bbox 1256 1332 1354 1403; x_wconf 88' lang='grc' dir='ltr'>τῆς</span> <span class='ocrx_word' id='word_1_85' title='bbox 1391 1330 1723 1403; x_wconf 79' lang='grc' dir='ltr'>ζηλοτυπίας</span> <span class='ocrx_word' id='word_1_86' title='bbox 1753 1329 1976 1402; x_wconf 84' lang='grc' dir='ltr'>ἐδήχθη-</span> 
     </span>
    </p>
   </div>
   <div class='ocr_carea' id='block_1_14' title="bbox 389 1412 1974 1488">
    <p class='ocr_par' dir='ltr' id='par_1_14' title="bbox 389 1412 1974 1488">
     <span class='ocr_line' id='line_1_14' title="bbox 389 1412 1974 1488; baseline -0.005 -13"><span class='ocrx_word' id='word_1_87' title='bbox 389 1438 489 1475; x_wconf 90' lang='grc' dir='ltr'>σαν</span> <span class='ocrx_word' id='word_1_88' title='bbox 522 1420 620 1474; x_wconf 75' lang='grc' dir='ltr'>καὶ</span> <span class='ocrx_word' id='word_1_89' title='bbox 666 1418 906 1488; x_wconf 87' lang='grc' dir='ltr'>βελτίους</span> <span class='ocrx_word' id='word_1_90' title='bbox 948 1418 1200 1487; x_wconf 85' lang='grc' dir='ltr'>ἐγένοντο</span> <span class='ocrx_word' id='word_1_91' title='bbox 1243 1416 1336 1469; x_wconf 79' lang='grc' dir='ltr'>καὶ</span> <span class='ocrx_word' id='word_1_92' title='bbox 1381 1415 1802 1487; x_wconf 83' lang='grc' dir='ltr'>συνεστάλησαν,</span> <span class='ocrx_word' id='word_1_93' title='bbox 1831 1412 1974 1467; x_wconf 86' lang='grc' dir='ltr'>ὥστε</span> 
     </span>
    </p>
   </div>
   <div class='ocr_carea' id='block_1_15' title="bbox 385 1497 1970 1575">
    <p class='ocr_par' dir='ltr' id='par_1_15' title="bbox 385 1497 1970 1575">
     <span class='ocr_line' id='line_1_15' title="bbox 385 1497 1970 1575; baseline -0.005 -17"><span class='ocrx_word' id='word_1_94' title='bbox 385 1506 487 1559; x_wconf 79' lang='grc' dir='ltr'>ὅσα</span> <span class='ocrx_word' id='word_1_95' title='bbox 541 1503 616 1575; x_wconf 79' lang='grc' dir='ltr'>μὴ</span> <span class='ocrx_word' id='word_1_96' title='bbox 658 1500 1028 1573; x_wconf 89' lang='grc' dir='ltr'>κατώρθωσαν</span> <span class='ocrx_word' id='word_1_97' title='bbox 1072 1498 1368 1572; x_wconf 85' lang='grc' dir='ltr'>προφητῶν</span> <span class='ocrx_word' id='word_1_98' title='bbox 1418 1497 1707 1562; x_wconf 84' lang='grc' dir='ltr'>ἀκούοντες</span> <span class='ocrx_word' id='word_1_99' title='bbox 1745 1498 1841 1551; x_wconf 77' lang='grc' dir='ltr'>καὶ</span> <span class='ocrx_word' id='word_1_100' title='bbox 1878 1514 1970 1550; x_wconf 82' lang='grc' dir='ltr'>τε·</span> 
     </span>
    </p>
   </div>
   <div class='ocr_carea' id='block_1_16' title="bbox 388 1577 1973 1658">
    <p class='ocr_par' dir='ltr' id='par_1_16' title="bbox 388 1577 1973 1658">
     <span class='ocr_line' id='line_1_16' title="bbox 388 1577 1973 1658; baseline 0.004 -19"><span class='ocrx_word' id='word_1_101' title='bbox 388 1584 583 1657; x_wconf 69' lang='grc' dir='ltr'>(ἀστια</span> <span class='ocrx_word' id='word_1_102' title='bbox 611 1584 762 1658; x_wconf 74' lang='grc'>[568]</span> <span class='ocrx_word' id='word_1_103' title='bbox 788 1583 1097 1654; x_wconf 80' lang='grc' dir='ltr'>βλέποντες,</span> <span class='ocrx_word' id='word_1_104' title='bbox 1116 1582 1290 1636; x_wconf 87' lang='grc' dir='ltr'>ταῦτα</span> <span class='ocrx_word' id='word_1_105' title='bbox 1317 1583 1383 1635; x_wconf 82' lang='grc' dir='ltr'>ἐκ</span> <span class='ocrx_word' id='word_1_106' title='bbox 1409 1582 1507 1652; x_wconf 91' lang='grc' dir='ltr'>τῆς</span> <span class='ocrx_word' id='word_1_107' title='bbox 1529 1580 1666 1652; x_wconf 86' lang='grc' dir='ltr'>πρὸς</span> <span class='ocrx_word' id='word_1_108' title='bbox 1695 1581 1845 1651; x_wconf 79' lang='grc' dir='ltr'>ἡμᾶς</span> <span class='ocrx_word' id='word_1_109' title='bbox 1873 1577 1973 1650; x_wconf 78' lang='grc' dir='ltr'>ξη-</span> 
     </span>
    </p>
   </div>
   <div class='ocr_carea' id='block_1_17' title="bbox 384 1663 1973 1738">
    <p class='ocr_par' dir='ltr' id='par_1_17' title="bbox 384 1663 1973 1738">
     <span class='ocr_line' id='line_1_17' title="bbox 384 1663 1973 1738; baseline -0.004 -16"><span class='ocrx_word' id='word_1_110' title='bbox 384 1669 644 1734; x_wconf 85' lang='grc' dir='ltr'>λοτυπίας</span> <span class='ocrx_word' id='word_1_111' title='bbox 675 1667 1043 1738; x_wconf 83' lang='grc' dir='ltr'>κατορθῶσαι.</span> <span class='ocrx_word' id='word_1_112' title='bbox 1091 1666 1282 1731; x_wconf 76' lang='grc' dir='ltr'>Οὐδεὶς</span> <span class='ocrx_word' id='word_1_113' title='bbox 1324 1664 1456 1735; x_wconf 88' lang='grc' dir='ltr'>γοῦν</span> <span class='ocrx_word' id='word_1_114' title='bbox 1493 1665 1675 1720; x_wconf 84' lang='grc' dir='ltr'>αὐτῶν</span> <span class='ocrx_word' id='word_1_115' title='bbox 1713 1664 1773 1718; x_wconf 86' lang='grc' dir='ltr'>οὐ</span> <span class='ocrx_word' id='word_1_116' title='bbox 1808 1663 1973 1718; x_wconf 87' lang='grc' dir='ltr'>τέκνα</span> 
     </span>
    </p>
   </div>
   <div class='ocr_carea' id='block_1_18' title="bbox 387 1748 1975 1824">
    <p class='ocr_par' dir='ltr' id='par_1_18' title="bbox 387 1748 1975 1824">
     <span class='ocr_line' id='line_1_18' title="bbox 387 1748 1975 1824; baseline -0.005 -17"><span class='ocrx_word' id='word_1_117' title='bbox 387 1752 584 1824; x_wconf 75' lang='grc' dir='ltr'>σφάζει</span> <span class='ocrx_word' id='word_1_118' title='bbox 612 1751 728 1816; x_wconf 85' lang='grc' dir='ltr'>νῦν,</span> <span class='ocrx_word' id='word_1_119' title='bbox 750 1752 851 1805; x_wconf 85' lang='grc' dir='ltr'>οὐκ</span> <span class='ocrx_word' id='word_1_120' title='bbox 877 1749 1116 1814; x_wconf 75' lang='grc' dir='ltr'>εἰδώλοις</span> <span class='ocrx_word' id='word_1_121' title='bbox 1136 1749 1484 1820; x_wconf 85' lang='grc' dir='ltr'>προστρέχει,</span> <span class='ocrx_word' id='word_1_122' title='bbox 1507 1748 1569 1802; x_wconf 90' lang='lat' dir='ltr'><em>o6</em></span> <span class='ocrx_word' id='word_1_123' title='bbox 1588 1748 1788 1819; x_wconf 86' lang='grc' dir='ltr'>μόσχον</span> <span class='ocrx_word' id='word_1_124' title='bbox 1811 1762 1975 1818; x_wconf 84' lang='grc' dir='ltr'>προσ-</span> 
     </span>
    </p>
   </div>
   <div class='ocr_carea' id='block_1_19' title="bbox 385 1831 1973 1907">
    <p class='ocr_par' dir='ltr' id='par_1_19' title="bbox 385 1831 1973 1907">
     <span class='ocr_line' id='line_1_19' title="bbox 385 1831 1973 1907; baseline -0.002 -18"><span class='ocrx_word' id='word_1_125' title='bbox 385 1839 557 1891; x_wconf 86' lang='grc' dir='ltr'>κυνεῖ.</span> <span class='ocrx_word' id='word_1_126' title='bbox 590 1836 664 1889; x_wconf 92' lang='grc' dir='ltr'>Τὸ</span> <span class='ocrx_word' id='word_1_127' title='bbox 687 1835 791 1907; x_wconf 84' lang='grc' dir='ltr'>τῆς</span> <span class='ocrx_word' id='word_1_128' title='bbox 815 1834 1114 1906; x_wconf 86' lang='grc' dir='ltr'>παρθενίας</span> <span class='ocrx_word' id='word_1_129' title='bbox 1138 1832 1335 1904; x_wconf 90' lang='grc' dir='ltr'>σεμνὸν</span> <span class='ocrx_word' id='word_1_130' title='bbox 1358 1833 1451 1886; x_wconf 70' lang='grc' dir='ltr'>ἐπὶ</span> <span class='ocrx_word' id='word_1_131' title='bbox 1476 1833 1573 1903; x_wconf 84' lang='grc' dir='ltr'>μὲν</span> <span class='ocrx_word' id='word_1_132' title='bbox 1599 1832 1698 1903; x_wconf 86' lang='grc' dir='ltr'>τῆς</span> <span class='ocrx_word' id='word_1_133' title='bbox 1727 1831 1973 1897; x_wconf 83' lang='grc' dir='ltr'>Παλαιᾶς</span> 
     </span>
    </p>
   </div>
   <div class='ocr_carea' id='block_1_20' title="bbox 381 1912 1971 1992">
    <p class='ocr_par' dir='ltr' id='par_1_20' title="bbox 381 1912 1971 1992">
     <span class='ocr_line' id='line_1_20' title="bbox 381 1912 1971 1992; baseline -0.004 -16"><span class='ocrx_word' id='word_1_134' title='bbox 381 1921 505 1976; x_wconf 67' lang='grc' dir='ltr'>οὒδέ</span> <span class='ocrx_word' id='word_1_135' title='bbox 538 1921 730 1992; x_wconf 84' lang='grc' dir='ltr'>μέχρις</span> <span class='ocrx_word' id='word_1_136' title='bbox 766 1919 1029 1990; x_wconf 84' lang='grc' dir='ltr'>ὀνόματος</span> <span class='ocrx_word' id='word_1_137' title='bbox 1080 1912 1182 1989; x_wconf 76' lang='grc' dir='ltr'>ἦν·</span> <span class='ocrx_word' id='word_1_138' title='bbox 1223 1916 1317 1970; x_wconf 70' lang='grc' dir='ltr'>ἐπὶ</span> <span class='ocrx_word' id='word_1_139' title='bbox 1358 1915 1416 1970; x_wconf 85' lang='grc' dir='ltr'>δὲ</span> <span class='ocrx_word' id='word_1_140' title='bbox 1454 1916 1555 1989; x_wconf 88' lang='grc' dir='ltr'>τῆς</span> <span class='ocrx_word' id='word_1_141' title='bbox 1598 1917 1803 1987; x_wconf 84' lang='grc' dir='ltr'>Καινῆς</span> <span class='ocrx_word' id='word_1_142' title='bbox 1850 1918 1971 1970; x_wconf 76' lang='grc' dir='ltr'>ἐπεὶ</span> 
     </span>
    </p>
   </div>
   <div class='ocr_carea' id='block_1_21' title="bbox 384 1999 1971 2075">
    <p class='ocr_par' dir='ltr' id='par_1_21' title="bbox 384 1999 1971 2075">
     <span class='ocr_line' id='line_1_21' title="bbox 384 1999 1971 2075; baseline -0.002 -17"><span class='ocrx_word' id='word_1_143' title='bbox 384 2004 578 2075; x_wconf 78' lang='grc' dir='ltr'>ἔμελλε</span> <span class='ocrx_word' id='word_1_144' title='bbox 624 2003 971 2073; x_wconf 82' lang='grc' dir='ltr'>διαλάμπειν,</span> <span class='ocrx_word' id='word_1_145' title='bbox 1009 2002 1112 2074; x_wconf 83' lang='grc' dir='ltr'>ὅρα</span> <span class='ocrx_word' id='word_1_146' title='bbox 1158 2000 1276 2065; x_wconf 86' lang='grc' dir='ltr'>πῶς</span> <span class='ocrx_word' id='word_1_147' title='bbox 1312 2000 1408 2053; x_wconf 75' lang='grc' dir='ltr'>καὶ</span> <span class='ocrx_word' id='word_1_148' title='bbox 1456 1999 1615 2053; x_wconf 86' lang='grc' dir='ltr'>τοῦτο</span> <span class='ocrx_word' id='word_1_149' title='bbox 1647 1999 1903 2071; x_wconf 84' lang='grc' dir='ltr'>προλέγει</span> <span class='ocrx_word' id='word_1_150' title='bbox 1941 2002 1971 2055; x_wconf 97' lang='lat'>6</span> 
     </span>
    </p>
   </div>
   <div class='ocr_carea' id='block_1_22' title="bbox 384 2082 1977 2156">
    <p class='ocr_par' dir='ltr' id='par_1_22' title="bbox 384 2082 1977 2156">
     <span class='ocr_line' id='line_1_22' title="bbox 384 2082 1977 2156; baseline -0.001 -15"><span class='ocrx_word' id='word_1_151' title='bbox 384 2086 549 2142; x_wconf 72' lang='grc' dir='ltr'>Δαυῒδ</span> <span class='ocrx_word' id='word_1_152' title='bbox 583 2086 724 2141; x_wconf 75' lang='grc' dir='ltr'>οὕτω</span> <span class='ocrx_word' id='word_1_153' title='bbox 759 2085 934 2156; x_wconf 87' lang='grc' dir='ltr'>λέγων</span> <span class='ocrx_word' id='word_1_154' title='bbox 951 2102 966 2118; x_wconf 87' lang='grc'>·</span> <span class='ocrx_word' id='word_1_155' title='bbox 1012 2082 1556 2155; x_wconf 83' lang='grc' dir='ltr'>Ἀπενεχθήσονται</span> <span class='ocrx_word' id='word_1_156' title='bbox 1604 2082 1685 2149; x_wconf 85' lang='grc' dir='ltr'>τῷ</span> <span class='ocrx_word' id='word_1_157' title='bbox 1718 2085 1977 2149; x_wconf 80' lang='grc' dir='ltr'>,ϐασιλεῖ</span> 
     </span>
    </p>
   </div>
   <div class='ocr_carea' id='block_1_23' title="bbox 384 2167 1968 2240">
    <p class='ocr_par' dir='ltr' id='par_1_23' title="bbox 384 2167 1968 2240">
     <span class='ocr_line' id='line_1_23' title="bbox 384 2167 1968 2240; baseline -0.002 -16"><span class='ocrx_word' id='word_1_158' title='bbox 384 2169 666 2240; x_wconf 74' lang='grc' dir='ltr'>παρθένοι</span> <span class='ocrx_word' id='word_1_159' title='bbox 692 2171 889 2223; x_wconf 80' lang='grc' dir='ltr'>ὀπίσω</span> <span class='ocrx_word' id='word_1_160' title='bbox 916 2167 1129 2237; x_wconf 84' lang='grc' dir='ltr'>αὐτῆς,</span> <span class='ocrx_word' id='word_1_161' title='bbox 1156 2167 1529 2238; x_wconf 86' lang='grc' dir='ltr'>ἀχθήσονται</span> <span class='ocrx_word' id='word_1_162' title='bbox 1560 2169 1648 2233; x_wconf 82' lang='grc' dir='ltr'>εις</span> <span class='ocrx_word' id='word_1_163' title='bbox 1677 2168 1829 2222; x_wconf 84' lang='grc' dir='ltr'>ναὸν</span> <span class='ocrx_word' id='word_1_164' title='bbox 1849 2168 1968 2232; x_wconf 82' lang='grc' dir='ltr'>,βα-</span> 
     </span>
    </p>
   </div>
   <div class='ocr_carea' id='block_1_24' title="bbox 383 2249 1970 2321">
    <p class='ocr_par' dir='ltr' id='par_1_24' title="bbox 383 2249 1970 2321">
     <span class='ocr_line' id='line_1_24' title="bbox 383 2249 1970 2321; baseline -0.003 -13"><span class='ocrx_word' id='word_1_165' title='bbox 383 2252 623 2321; x_wconf 80' lang='grc' dir='ltr'>σιλέως.</span> <span class='ocrx_word' id='word_1_166' title='bbox 648 2252 789 2306; x_wconf 83' lang='grc' dir='ltr'>Ἀλλ’</span> <span class='ocrx_word' id='word_1_167' title='bbox 815 2251 936 2306; x_wconf 81' lang='grc' dir='ltr'>οὐδὲ</span> <span class='ocrx_word' id='word_1_168' title='bbox 955 2252 1089 2304; x_wconf 81' lang='grc' dir='ltr'>αὐτὸ</span> <span class='ocrx_word' id='word_1_169' title='bbox 1116 2250 1179 2303; x_wconf 83' lang='grc' dir='ltr'>τὸ</span> <span class='ocrx_word' id='word_1_170' title='bbox 1204 2250 1313 2303; x_wconf 87' lang='grc' dir='ltr'>τῶν</span> <span class='ocrx_word' id='word_1_171' title='bbox 1341 2249 1527 2321; x_wconf 78' lang='grc' dir='ltr'>ἱερέων</span> <span class='ocrx_word' id='word_1_172' title='bbox 1547 2250 1717 2321; x_wconf 81' lang='grc' dir='ltr'>δνομα</span> <span class='ocrx_word' id='word_1_173' title='bbox 1740 2249 1970 2304; x_wconf 86' lang='grc' dir='ltr'>ἀπεσιώ-</span> 
     </span>
    </p>
   </div>
   <div class='ocr_carea' id='block_1_25' title="bbox 384 2332 1967 2409">
    <p class='ocr_par' dir='ltr' id='par_1_25' title="bbox 384 2332 1967 2409">
     <span class='ocr_line' id='line_1_25' title="bbox 384 2332 1967 2409; baseline -0.003 -18"><span class='ocrx_word' id='word_1_174' title='bbox 384 2355 548 2409; x_wconf 82' lang='grc' dir='ltr'>πησε,</span> <span class='ocrx_word' id='word_1_175' title='bbox 597 2336 660 2390; x_wconf 88' lang='grc' dir='ltr'>τὸ</span> <span class='ocrx_word' id='word_1_176' title='bbox 710 2336 819 2390; x_wconf 90' lang='grc' dir='ltr'>τῶν</span> <span class='ocrx_word' id='word_1_177' title='bbox 866 2335 1179 2389; x_wconf 85' lang='grc' dir='ltr'>ἐπισκόπων</span> <span class='ocrx_word' id='word_1_178' title='bbox 1219 2332 1384 2402; x_wconf 88' lang='grc' dir='ltr'>λέγω.</span> <span class='ocrx_word' id='word_1_179' title='bbox 1440 2332 1816 2400; x_wconf 82' lang='grc' dir='ltr'>Καταστήσω</span> <span class='ocrx_word' id='word_1_180' title='bbox 1857 2336 1967 2404; x_wconf 73' lang='grc' dir='ltr'>γὰρ</span> 
     </span>
    </p>
   </div>
   <div class='ocr_carea' id='block_1_26' title="bbox 381 2416 1970 2491">
    <p class='ocr_par' dir='ltr' id='par_1_26' title="bbox 381 2416 1970 2491">
     <span class='ocr_line' id='line_1_26' title="bbox 381 2416 1970 2491; baseline -0.001 -15"><span class='ocrx_word' id='word_1_181' title='bbox 381 2422 526 2488; x_wconf 83' lang='grc' dir='ltr'>τοὺς</span> <span class='ocrx_word' id='word_1_182' title='bbox 551 2420 855 2491; x_wconf 75' lang='grc' dir='ltr'>ἄρχοντάς</span> <span class='ocrx_word' id='word_1_183' title='bbox 887 2433 1006 2473; x_wconf 92' lang='grc' dir='ltr'>σου</span> <span class='ocrx_word' id='word_1_184' title='bbox 1029 2419 1098 2473; x_wconf 89' lang='grc' dir='ltr'>ἐν</span> <span class='ocrx_word' id='word_1_185' title='bbox 1115 2416 1349 2487; x_wconf 83' lang='grc' dir='ltr'>ειρήνῃ,</span> <span class='ocrx_word' id='word_1_186' title='bbox 1382 2418 1536 2489; x_wconf 72' lang='grc' dir='ltr'>φησὶ,</span> <span class='ocrx_word' id='word_1_187' title='bbox 1558 2417 1658 2472; x_wconf 79' lang='grc' dir='ltr'>καὶ</span> <span class='ocrx_word' id='word_1_188' title='bbox 1685 2418 1829 2486; x_wconf 87' lang='grc' dir='ltr'>τοὺς</span> <span class='ocrx_word' id='word_1_189' title='bbox 1852 2420 1970 2474; x_wconf 85' lang='grc' dir='ltr'>ἐπι-</span> 
     </span>
    </p>
   </div>
   <div class='ocr_carea' id='block_1_27' title="bbox 382 2501 1315 2571">
    <p class='ocr_par' dir='ltr' id='par_1_27' title="bbox 382 2501 1315 2571">
     <span class='ocr_line' id='line_1_27' title="bbox 382 2501 1315 2571; baseline -0.006 -11"><span class='ocrx_word' id='word_1_190' title='bbox 382 2508 663 2570; x_wconf 76' lang='grc' dir='ltr'>σκόπους</span> <span class='ocrx_word' id='word_1_191' title='bbox 687 2519 806 2559; x_wconf 94' lang='grc' dir='ltr'>σου</span> <span class='ocrx_word' id='word_1_192' title='bbox 826 2503 898 2557; x_wconf 86' lang='grc' dir='ltr'>ἐν</span> <span class='ocrx_word' id='word_1_193' title='bbox 934 2501 1315 2571; x_wconf 81' lang='grc' dir='ltr'>δικαιοσύνῃ.</span> 
     </span>
    </p>
   </div>
   <div class='ocr_carea' id='block_1_28' title="bbox 451 2592 1969 2671">
    <p class='ocr_par' dir='ltr' id='par_1_28' title="bbox 451 2592 1969 2671">
     <span class='ocr_line' id='line_1_28' title="bbox 451 2592 1969 2671; baseline 0.004 -25"><span class='ocrx_word' id='word_1_194' title='bbox 451 2596 767 2670; x_wconf 80' lang='grc' dir='ltr'>η’.¹Εμελλε</span> <span class='ocrx_word' id='word_1_195' title='bbox 779 2593 1286 2671; x_wconf 75' lang='grc' dir='ltr'>παραγίνεσθαικαὶ</span> <span class='ocrx_word' id='word_1_196' title='bbox 1296 2592 1523 2658; x_wconf 83' lang='grc' dir='ltr'>εὐθύνας</span> <span class='ocrx_word' id='word_1_197' title='bbox 1533 2595 1969 2651; x_wconf 88' lang='grc' dir='ltr'>ἀπαιτεῖντὸτῶν</span> 
     </span>
    </p>
   </div>
   <div class='ocr_carea' id='block_1_29' title="bbox 382 2676 1962 2755">
    <p class='ocr_par' dir='ltr' id='par_1_29' title="bbox 382 2676 1962 2755">
     <span class='ocr_line' id='line_1_29' title="bbox 382 2676 1962 2755; baseline -0.003 -17"><span class='ocrx_word' id='word_1_198' title='bbox 382 2681 687 2755; x_wconf 84' lang='grc' dir='ltr'>ἀνθρώπων</span> <span class='ocrx_word' id='word_1_199' title='bbox 708 2680 883 2749; x_wconf 82' lang='grc' dir='ltr'>γένος,</span> <span class='ocrx_word' id='word_1_200' title='bbox 914 2678 1008 2733; x_wconf 76' lang='grc' dir='ltr'>καὶ</span> <span class='ocrx_word' id='word_1_201' title='bbox 1035 2678 1187 2748; x_wconf 89' lang='grc' dir='ltr'>μετά-</span> <span class='ocrx_word' id='word_1_202' title='bbox 1203 2676 1314 2731; x_wconf 88' lang='grc' dir='ltr'>τῶν</span> <span class='ocrx_word' id='word_1_203' title='bbox 1337 2677 1511 2733; x_wconf 83' lang='grc' dir='ltr'>ἀλλων</span> <span class='ocrx_word' id='word_1_204' title='bbox 1535 2680 1630 2734; x_wconf 74' lang='grc' dir='ltr'>καὶ</span> <span class='ocrx_word' id='word_1_205' title='bbox 1657 2681 1962 2745; x_wconf 87' lang='grc' dir='ltr'>Ἰουδαίους.</span> 
     </span>
    </p>
   </div>
   <div class='ocr_carea' id='block_1_30' title="bbox 384 2760 1968 2837">
    <p class='ocr_par' dir='ltr' id='par_1_30' title="bbox 384 2760 1968 2837">
     <span class='ocr_line' id='line_1_30' title="bbox 384 2760 1968 2837; baseline -0.003 -17"><span class='ocrx_word' id='word_1_206' title='bbox 384 2767 529 2837; x_wconf 85' lang='grc' dir='ltr'>Ὅρα</span> <span class='ocrx_word' id='word_1_207' title='bbox 557 2764 675 2827; x_wconf 84' lang='grc' dir='ltr'>πῶς</span> <span class='ocrx_word' id='word_1_208' title='bbox 702 2762 798 2816; x_wconf 83' lang='grc' dir='ltr'>καὶ</span> <span class='ocrx_word' id='word_1_209' title='bbox 826 2761 959 2815; x_wconf 82' lang='grc' dir='ltr'>αὐτὸ</span> <span class='ocrx_word' id='word_1_210' title='bbox 987 2760 1243 2831; x_wconf 74' lang='grc' dir='ltr'>προλέγει</span> <span class='ocrx_word' id='word_1_211' title='bbox 1274 2760 1304 2813; x_wconf 80' lang='grc' dir='ltr'>ὅ</span> <span class='ocrx_word' id='word_1_212' title='bbox 1335 2777 1396 2814; x_wconf 88' lang='grc' dir='ltr'>τε</span> <span class='ocrx_word' id='word_1_213' title='bbox 1429 2760 1613 2827; x_wconf 75' lang='grc' dir='ltr'>Δαυῒδ,</span> <span class='ocrx_word' id='word_1_214' title='bbox 1636 2763 1665 2817; x_wconf 83' lang='grc' dir='ltr'><strong>ὃ</strong></span> <span class='ocrx_word' id='word_1_215' title='bbox 1691 2781 1750 2817; x_wconf 90' lang='grc' dir='ltr'>τε</span> <span class='ocrx_word' id='word_1_216' title='bbox 1779 2764 1968 2819; x_wconf 85' lang='grc' dir='ltr'>Μαλα-</span> 
     </span>
    </p>
   </div>
   <div class='ocr_carea' id='block_1_31' title="bbox 382 2843 1969 2921">
    <p class='ocr_par' dir='ltr' id='par_1_31' title="bbox 382 2843 1969 2921">
     <span class='ocr_line' id='line_1_31' title="bbox 382 2843 1969 2921; baseline -0.003 -19"><span class='ocrx_word' id='word_1_217' title='bbox 382 2848 539 2921; x_wconf 83' lang='grc' dir='ltr'>χίας·</span> <span class='ocrx_word' id='word_1_218' title='bbox 563 2846 594 2899; x_wconf 88' lang='lat'>6</span> <span class='ocrx_word' id='word_1_219' title='bbox 625 2845 724 2916; x_wconf 86' lang='grc' dir='ltr'>μὲν</span> <span class='ocrx_word' id='word_1_220' title='bbox 743 2844 884 2899; x_wconf 76' lang='grc' dir='ltr'>οὕτω</span> <span class='ocrx_word' id='word_1_221' title='bbox 906 2843 1082 2914; x_wconf 88' lang='grc' dir='ltr'>λέγων</span> <span class='ocrx_word' id='word_1_222' title='bbox 1102 2861 1116 2876; x_wconf 95' lang='grc'>·</span> <span class='ocrx_word' id='word_1_223' title='bbox 1133 2843 1552 2913; x_wconf 41' lang='grc' dir='ltr'>Καίοείσῆλθεν</span> <span class='ocrx_word' id='word_1_224' title='bbox 1568 2845 1649 2912; x_wconf 85' lang='grc' dir='ltr'>ὡς</span> <span class='ocrx_word' id='word_1_225' title='bbox 1671 2847 1969 2919; x_wconf 84' lang='grc' dir='ltr'>χωνευτή-</span> 
     </span>
    </p>
   </div>
   <div class='ocr_carea' id='block_1_32' title="bbox 374 2926 1969 3003">
    <p class='ocr_par' dir='ltr' id='par_1_32' title="bbox 374 2926 1969 3003">
     <span class='ocr_line' id='line_1_32' title="bbox 374 2926 1969 3003; baseline -0.002 -18"><span class='ocrx_word' id='word_1_226' title='bbox 374 2931 634 3003; x_wconf 83' lang='grc' dir='ltr'>ριον,”ὠς</span> <span class='ocrx_word' id='word_1_227' title='bbox 652 2931 771 2983; x_wconf 80' lang='grc' dir='ltr'>πόα</span> <span class='ocrx_word' id='word_1_228' title='bbox 791 2928 1167 2993; x_wconf 78' lang='grc' dir='ltr'>πλυνόντων,</span> <span class='ocrx_word' id='word_1_229' title='bbox 1187 2926 1287 2981; x_wconf 79' lang='grc' dir='ltr'>καὶ</span> <span class='ocrx_word' id='word_1_230' title='bbox 1317 2926 1687 2998; x_wconf 88' lang='grc' dir='ltr'>διακαθαριεῖ</span> <span class='ocrx_word' id='word_1_231' title='bbox 1703 2929 1769 2984; x_wconf 89' lang='grc' dir='ltr'>τὸ</span> <span class='ocrx_word' id='word_1_232' title='bbox 1791 2931 1969 3002; x_wconf 78' lang='grc' dir='ltr'>ἀρτύ-</span> 
     </span>
    </p>
   </div>
   <div class='ocr_carea' id='block_1_33' title="bbox 373 3010 1969 3086">
    <p class='ocr_par' dir='ltr' id='par_1_33' title="bbox 373 3010 1969 3086">
     <span class='ocr_line' id='line_1_33' title="bbox 373 3010 1969 3086; baseline -0.002 -15"><span class='ocrx_word' id='word_1_233' title='bbox 373 3031 516 3085; x_wconf 84' lang='grc' dir='ltr'>ριον</span> <span class='ocrx_word' id='word_1_234' title='bbox 537 3013 635 3069; x_wconf 75' lang='grc' dir='ltr'>καὶ</span> <span class='ocrx_word' id='word_1_235' title='bbox 654 3012 718 3067; x_wconf 91' lang='grc' dir='ltr'>τὸ</span> <span class='ocrx_word' id='word_1_236' title='bbox 735 3010 1012 3082; x_wconf 83' lang='grc' dir='ltr'>χρυσίον,</span> <span class='ocrx_word' id='word_1_237' title='bbox 1032 3010 1268 3082; x_wconf 86' lang='grc' dir='ltr'>συγγενῆ</span> <span class='ocrx_word' id='word_1_238' title='bbox 1289 3012 1402 3074; x_wconf 87' lang='grc' dir='ltr'>τοῖς</span> <span class='ocrx_word' id='word_1_239' title='bbox 1417 3010 1630 3065; x_wconf 86' lang='grc' dir='ltr'>Παύλου</span> <span class='ocrx_word' id='word_1_240' title='bbox 1650 3012 1818 3066; x_wconf 81' lang='grc' dir='ltr'>εἰπὼν</span> <span class='ocrx_word' id='word_1_241' title='bbox 1838 3014 1969 3086; x_wconf 85' lang='grc' dir='ltr'>γρά-</span> 
     </span>
    </p>
   </div>
   <div class='ocr_carea' id='block_1_34' title="bbox 382 3094 1966 3168">
    <p class='ocr_par' dir='ltr' id='par_1_34' title="bbox 382 3094 1966 3168">
     <span class='ocr_line' id='line_1_34' title="bbox 382 3094 1966 3168; baseline 0 -16"><span class='ocrx_word' id='word_1_242' title='bbox 382 3115 576 3168; x_wconf 85' lang='grc' dir='ltr'>φοντος</span> <span class='ocrx_word' id='word_1_243' title='bbox 594 3095 766 3159; x_wconf 75' lang='grc' dir='ltr'>οὕτως</span> <span class='ocrx_word' id='word_1_244' title='bbox 784 3113 798 3126; x_wconf 93' lang='grc'>·</span> <span class='ocrx_word' id='word_1_245' title='bbox 834 3095 906 3150; x_wconf 88' lang='grc' dir='ltr'>Ἡ</span> <span class='ocrx_word' id='word_1_246' title='bbox 929 3095 1041 3165; x_wconf 73' lang='grc' dir='ltr'>γὰρ</span> <span class='ocrx_word' id='word_1_247' title='bbox 1072 3094 1262 3166; x_wconf 77' lang='grc' dir='ltr'>ἡμέρα</span> <span class='ocrx_word' id='word_1_248' title='bbox 1289 3094 1567 3164; x_wconf 87' lang='grc' dir='ltr'>δηλώσει,</span> <span class='ocrx_word' id='word_1_249' title='bbox 1597 3095 1686 3151; x_wconf 85' lang='grc' dir='ltr'>ὅτι</span> <span class='ocrx_word' id='word_1_250' title='bbox 1720 3098 1791 3152; x_wconf 85' lang='grc' dir='ltr'>ἐν</span> <span class='ocrx_word' id='word_1_251' title='bbox 1823 3099 1966 3167; x_wconf 76' lang='grc' dir='ltr'>πυρὶ</span> 
     </span>
    </p>
   </div>
   <div class='ocr_carea' id='block_1_35' title="bbox 380 3178 1963 3253">
    <p class='ocr_par' dir='ltr' id='par_1_35' title="bbox 380 3178 1963 3253">
     <span class='ocr_line' id='line_1_35' title="bbox 380 3178 1963 3253; baseline -0.001 -15"><span class='ocrx_word' id='word_1_252' title='bbox 380 3182 873 3238; x_wconf 72' lang='grc' dir='ltr'>ἀποκαλύπτεται</span> <span class='ocrx_word' id='word_1_253' title='bbox 891 3196 904 3209; x_wconf 91' lang='grc'>·</span> <span class='ocrx_word' id='word_1_254' title='bbox 935 3181 963 3233; x_wconf 90' lang='lat'>6</span> <span class='ocrx_word' id='word_1_255' title='bbox 990 3179 1047 3233; x_wconf 84' lang='grc' dir='ltr'>δὲ</span> <span class='ocrx_word' id='word_1_256' title='bbox 1065 3179 1248 3245; x_wconf 76' lang='grc' dir='ltr'>Δαυῖδ,</span> <span class='ocrx_word' id='word_1_257' title='bbox 1273 3180 1327 3231; x_wconf 84' lang='lat'>&#39;0</span> <span class='ocrx_word' id='word_1_258' title='bbox 1350 3178 1495 3244; x_wconf 85' lang='grc' dir='ltr'>Θεὸς</span> <span class='ocrx_word' id='word_1_259' title='bbox 1513 3180 1791 3250; x_wconf 75' lang='grc' dir='ltr'>ἐμφανῶς</span> <span class='ocrx_word' id='word_1_260' title='bbox 1815 3182 1963 3253; x_wconf 77' lang='grc' dir='ltr'>ἣξει,</span> 
     </span>
    </p>
   </div>
   <div class='ocr_carea' id='block_1_36' title="bbox 381 3262 1962 3337">
    <p class='ocr_par' dir='ltr' id='par_1_36' title="bbox 381 3262 1962 3337">
     <span class='ocr_line' id='line_1_36' title="bbox 381 3262 1962 3337; baseline 0.003 -20"><span class='ocrx_word' id='word_1_261' title='bbox 381 3267 549 3327; x_wconf 75' lang='grc' dir='ltr'>πάλιν</span> <span class='ocrx_word' id='word_1_262' title='bbox 587 3263 688 3336; x_wconf 81' lang='grc' dir='ltr'>τὴν</span> <span class='ocrx_word' id='word_1_263' title='bbox 712 3263 967 3337; x_wconf 82' lang='grc' dir='ltr'>δευτέραν</span> <span class='ocrx_word' id='word_1_264' title='bbox 1002 3263 1168 3317; x_wconf 81' lang='grc' dir='ltr'>αὑτοῦ</span> <span class='ocrx_word' id='word_1_265' title='bbox 1202 3262 1516 3333; x_wconf 81' lang='grc' dir='ltr'>παρουσίαν</span> <span class='ocrx_word' id='word_1_266' title='bbox 1551 3265 1962 3337; x_wconf 86' lang='grc' dir='ltr'>ἀνακηρύττων.</span> 
     </span>
    </p>
   </div>
   <div class='ocr_carea' id='block_1_37' title="bbox 393 3334 1962 3420">
    <p class='ocr_par' dir='ltr' id='par_1_37' title="bbox 393 3334 1962 3420">
     <span class='ocr_line' id='line_1_37' title="bbox 393 3334 1962 3420; baseline 0.006 -24"><span class='ocrx_word' id='word_1_267' title='bbox 393 3350 461 3403; x_wconf 80' lang='grc' dir='ltr'><strong>Ἦ</strong></span> <span class='ocrx_word' id='word_1_268' title='bbox 487 3349 595 3420; x_wconf 77' lang='grc' dir='ltr'>,μὲν</span> <span class='ocrx_word' id='word_1_269' title='bbox 623 3334 734 3419; x_wconf 79' lang='grc' dir='ltr'>γὰρ</span> <span class='ocrx_word' id='word_1_270' title='bbox 766 3334 1011 3419; x_wconf 74' lang='grc' dir='ltr'>προτέρα</span> <span class='ocrx_word' id='word_1_271' title='bbox 1039 3344 1238 3418; x_wconf 76' lang='grc' dir='ltr'>πολλὴν</span> <span class='ocrx_word' id='word_1_272' title='bbox 1264 3341 1378 3417; x_wconf 77' lang='grc' dir='ltr'>εἶχε</span> <span class='ocrx_word' id='word_1_273' title='bbox 1405 3346 1502 3419; x_wconf 80' lang='grc' dir='ltr'>τὴν</span> <span class='ocrx_word' id='word_1_274' title='bbox 1527 3334 1962 3417; x_wconf 81' lang='grc' dir='ltr'>συγκατάϐασιν·</span> 
     </span>
    </p>
   </div>
   <div class='ocr_carea' id='block_1_38' title="bbox 379 3427 1967 3502">
    <p class='ocr_par' dir='ltr' id='par_1_38' title="bbox 379 3427 1967 3502">
     <span class='ocr_line' id='line_1_38' title="bbox 379 3427 1967 3502; baseline 0.001 -17"><span class='ocrx_word' id='word_1_275' title='bbox 379 3433 416 3501; x_wconf 82' lang='grc' dir='ltr'><strong>ἡ</strong></span> <span class='ocrx_word' id='word_1_276' title='bbox 457 3431 514 3485; x_wconf 78' lang='grc' dir='ltr'>δὲ</span> <span class='ocrx_word' id='word_1_277' title='bbox 553 3430 779 3500; x_wconf 83' lang='grc' dir='ltr'>δευτέρα</span> <span class='ocrx_word' id='word_1_278' title='bbox 820 3429 918 3500; x_wconf 84' lang='grc' dir='ltr'>οὐχ</span> <span class='ocrx_word' id='word_1_279' title='bbox 957 3427 1150 3493; x_wconf 73' lang='grc' dir='ltr'>οὕτως,</span> <span class='ocrx_word' id='word_1_280' title='bbox 1190 3428 1326 3483; x_wconf 84' lang='grc' dir='ltr'>ἀλλὰ</span> <span class='ocrx_word' id='word_1_281' title='bbox 1364 3428 1565 3501; x_wconf 78' lang='grc' dir='ltr'>φρίκης</span> <span class='ocrx_word' id='word_1_282' title='bbox 1596 3431 1842 3502; x_wconf 78' lang='grc' dir='ltr'>γέμουσα</span> <span class='ocrx_word' id='word_1_283' title='bbox 1872 3436 1967 3491; x_wconf 74' lang='grc' dir='ltr'>καὶ</span> 
     </span>
    </p>
   </div>
   <div class='ocr_carea' id='block_1_39' title="bbox 383 3510 1968 3588">
    <p class='ocr_par' dir='ltr' id='par_1_39' title="bbox 383 3510 1968 3588">
     <span class='ocr_line' id='line_1_39' title="bbox 383 3510 1968 3588; baseline 0.001 -19"><span class='ocrx_word' id='word_1_284' title='bbox 383 3512 792 3585; x_wconf 78' lang='grc' dir='ltr'>καταπλήξεως,</span> <span class='ocrx_word' id='word_1_285' title='bbox 844 3513 909 3565; x_wconf 91' lang='grc' dir='ltr'>ἐκ</span> <span class='ocrx_word' id='word_1_286' title='bbox 957 3510 1067 3564; x_wconf 87' lang='grc' dir='ltr'>τῶν</span> <span class='ocrx_word' id='word_1_287' title='bbox 1121 3512 1529 3583; x_wconf 88' lang='grc' dir='ltr'>προτρεχόντων</span> <span class='ocrx_word' id='word_1_288' title='bbox 1570 3512 1838 3583; x_wconf 86' lang='grc' dir='ltr'>ἀγγέλων,</span> <span class='ocrx_word' id='word_1_289' title='bbox 1867 3516 1968 3588; x_wconf 87' lang='grc' dir='ltr'>τῆς</span> 
     </span>
    </p>
   </div>
   <div class='ocr_carea' id='block_1_40' title="bbox 381 3592 1981 3671">
    <p class='ocr_par' dir='ltr' id='par_1_40' title="bbox 381 3592 1981 3671">
     <span class='ocr_line' id='line_1_40' title="bbox 381 3592 1981 3671; baseline 0.003 -22"><span class='ocrx_word' id='word_1_290' title='bbox 381 3594 684 3667; x_wconf 84' lang='grc' dir='ltr'>παρουσίας</span> <span class='ocrx_word' id='word_1_291' title='bbox 726 3592 888 3648; x_wconf 83' lang='grc' dir='ltr'>αὑτοῦ</span> <span class='ocrx_word' id='word_1_292' title='bbox 933 3593 1090 3665; x_wconf 75' lang='grc' dir='ltr'>δίκην</span> <span class='ocrx_word' id='word_1_293' title='bbox 1128 3594 1419 3665; x_wconf 82' lang='grc' dir='ltr'>ἀστραπῆς</span> <span class='ocrx_word' id='word_1_294' title='bbox 1462 3595 1641 3651; x_wconf 90' lang='grc' dir='ltr'>πάντα</span> <span class='ocrx_word' id='word_1_295' title='bbox 1695 3599 1981 3671; x_wconf 58' lang='grc' dir='ltr'>καταλαμέ</span> 
     </span>
    </p>
   </div>
   <div class='ocr_carea' id='block_1_41' title="bbox 380 3677 1964 3754">
    <p class='ocr_par' dir='ltr' id='par_1_41' title="bbox 380 3677 1964 3754">
     <span class='ocr_line' id='line_1_41' title="bbox 380 3677 1964 3754; baseline -0.004 -22"><span class='ocrx_word' id='word_1_296' title='bbox 380 3678 672 3748; x_wconf 82' lang='grc' dir='ltr'>ϐανούσης.</span> <span class='ocrx_word' id='word_1_297' title='bbox 703 3678 932 3753; x_wconf 73' lang='grc' dir='ltr'>Ὠσπερ</span> <span class='ocrx_word' id='word_1_298' title='bbox 969 3677 1078 3750; x_wconf 81' lang='grc' dir='ltr'>γάρ</span> <span class='ocrx_word' id='word_1_299' title='bbox 1113 3678 1152 3745; x_wconf 84' lang='grc' dir='ltr'>ή</span> <span class='ocrx_word' id='word_1_300' title='bbox 1183 3678 1484 3747; x_wconf 74' lang='grc' dir='ltr'>ἀστραπὴ,</span> <span class='ocrx_word' id='word_1_301' title='bbox 1512 3681 1695 3751; x_wconf 76' lang='grc' dir='ltr'>φησὶν,</span> <span class='ocrx_word' id='word_1_302' title='bbox 1728 3682 1964 3754; x_wconf 77' lang='grc' dir='ltr'>ἐξέρχε-</span> 
     </span>
    </p>
   </div>
   <div class='ocr_carea' id='block_1_42' title="bbox 381 3759 1967 3833">
    <p class='ocr_par' dir='ltr' id='par_1_42' title="bbox 381 3759 1967 3833">
     <span class='ocr_line' id='line_1_42' title="bbox 381 3759 1967 3833; baseline 0.003 -17"><span class='ocrx_word' id='word_1_303' title='bbox 381 3779 477 3817; x_wconf 88' lang='grc' dir='ltr'>ται</span> <span class='ocrx_word' id='word_1_304' title='bbox 495 3763 617 3818; x_wconf 79' lang='grc' dir='ltr'>ἀπὸ</span> <span class='ocrx_word' id='word_1_305' title='bbox 647 3759 980 3827; x_wconf 87' lang='grc' dir='ltr'>ἀνατολῶν,</span> <span class='ocrx_word' id='word_1_306' title='bbox 1004 3760 1104 3813; x_wconf 81' lang='grc' dir='ltr'>καὶ</span> <span class='ocrx_word' id='word_1_307' title='bbox 1133 3761 1405 3830; x_wconf 82' lang='grc' dir='ltr'>φαίνεται</span> <span class='ocrx_word' id='word_1_308' title='bbox 1434 3760 1547 3828; x_wconf 81' lang='grc' dir='ltr'>ἕως</span> <span class='ocrx_word' id='word_1_309' title='bbox 1569 3762 1837 3833; x_wconf 82' lang='grc' dir='ltr'>δυσμῶν,</span> <span class='ocrx_word' id='word_1_310' title='bbox 1866 3767 1967 3821; x_wconf 82' lang='grc' dir='ltr'>οὔ·</span> 
     </span>
    </p>
   </div>
   <div class='ocr_carea' id='block_1_43' title="bbox 382 3843 1962 3916">
    <p class='ocr_par' dir='ltr' id='par_1_43' title="bbox 382 3843 1962 3916">
     <span class='ocr_line' id='line_1_43' title="bbox 382 3843 1962 3916; baseline 0.003 -17"><span class='ocrx_word' id='word_1_311' title='bbox 382 3864 497 3913; x_wconf 82' lang='grc' dir='ltr'>τως</span> <span class='ocrx_word' id='word_1_312' title='bbox 540 3845 714 3900; x_wconf 78' lang='grc' dir='ltr'>ἔσται</span> <span class='ocrx_word' id='word_1_313' title='bbox 751 3845 791 3913; x_wconf 86' lang='grc' dir='ltr'>ή</span> <span class='ocrx_word' id='word_1_314' title='bbox 822 3843 1125 3912; x_wconf 76' lang='grc' dir='ltr'>παρουσία</span> <span class='ocrx_word' id='word_1_315' title='bbox 1163 3844 1271 3897; x_wconf 85' lang='grc' dir='ltr'>τοῦ</span> <span class='ocrx_word' id='word_1_316' title='bbox 1312 3844 1446 3899; x_wconf 82' lang='grc' dir='ltr'>Υίοῦ</span> <span class='ocrx_word' id='word_1_317' title='bbox 1474 3846 1582 3901; x_wconf 87' lang='grc' dir='ltr'>τοῦ</span> <span class='ocrx_word' id='word_1_318' title='bbox 1612 3847 1928 3916; x_wconf 80' lang='grc' dir='ltr'>ἀνθρώπου</span> <span class='ocrx_word' id='word_1_319' title='bbox 1948 3869 1962 3882; x_wconf 90' lang='grc'>·</span> 
     </span>
    </p>
   </div>
   <div class='ocr_carea' id='block_1_44' title="bbox 380 3926 1966 4007">
    <p class='ocr_par' dir='ltr' id='par_1_44' title="bbox 380 3926 1966 4007">
     <span class='ocr_line' id='line_1_44' title="bbox 380 3926 1966 4007; baseline 0.003 -24"><span class='ocrx_word' id='word_1_320' title='bbox 380 3931 443 3985; x_wconf 86' lang='grc' dir='ltr'>τὸ</span> <span class='ocrx_word' id='word_1_321' title='bbox 471 3928 768 4001; x_wconf 85' lang='grc' dir='ltr'>περιφανὲς</span> <span class='ocrx_word' id='word_1_322' title='bbox 796 3927 970 4001; x_wconf 80' lang='grc' dir='ltr'>ταύτῃ</span> <span class='ocrx_word' id='word_1_323' title='bbox 999 3926 1195 3998; x_wconf 87' lang='grc' dir='ltr'>δηλῶν,</span> <span class='ocrx_word' id='word_1_324' title='bbox 1218 3926 1280 3981; x_wconf 92' lang='grc' dir='ltr'>τὸ</span> <span class='ocrx_word' id='word_1_325' title='bbox 1319 3928 1745 3999; x_wconf 84' lang='grc' dir='ltr'>αύτοάγγελτον·</span> <span class='ocrx_word' id='word_1_326' title='bbox 1768 3934 1830 3986; x_wconf 91' lang='grc' dir='ltr'>ού</span> <span class='ocrx_word' id='word_1_327' title='bbox 1858 3934 1966 4007; x_wconf 84' lang='grc' dir='ltr'>γὰρ</span> 
     </span>
    </p>
   </div>
   <div class='ocr_carea' id='block_1_45' title="bbox 380 4008 1963 4087">
    <p class='ocr_par' dir='ltr' id='par_1_45' title="bbox 380 4008 1963 4087">
     <span class='ocr_line' id='line_1_45' title="bbox 380 4008 1963 4087; baseline 0.004 -20"><span class='ocrx_word' id='word_1_328' title='bbox 380 4014 555 4079; x_wconf 75' lang='grc' dir='ltr'>δεῖται</span> <span class='ocrx_word' id='word_1_329' title='bbox 588 4009 686 4064; x_wconf 86' lang='grc' dir='ltr'>τοῦ</span> <span class='ocrx_word' id='word_1_330' title='bbox 729 4008 1078 4082; x_wconf 69' lang='grc' dir='ltr'>κηρύξαντος,</span> <span class='ocrx_word' id='word_1_331' title='bbox 1129 4010 1246 4065; x_wconf 80' lang='grc' dir='ltr'>ἀλλ’</span> <span class='ocrx_word' id='word_1_332' title='bbox 1285 4011 1425 4084; x_wconf 78' lang='grc' dir='ltr'>αὐτὴ</span> <span class='ocrx_word' id='word_1_333' title='bbox 1462 4013 1661 4087; x_wconf 81' lang='grc' dir='ltr'>ἑαυτὴν</span> <span class='ocrx_word' id='word_1_334' title='bbox 1702 4014 1963 4074; x_wconf 88' lang='grc' dir='ltr'>δείκνυσι.</span> 
     </span>
    </p>
   </div>
   <div class='ocr_carea' id='block_1_46' title="bbox 382 4090 1967 4170">
    <p class='ocr_par' dir='ltr' id='par_1_46' title="bbox 382 4090 1967 4170">
     <span class='ocr_line' id='line_1_46' title="bbox 382 4090 1967 4170; baseline 0.005 -21"><span class='ocrx_word' id='word_1_335' title='bbox 382 4090 556 4150; x_wconf 85' lang='grc' dir='ltr'>Τὸῦτο</span> <span class='ocrx_word' id='word_1_336' title='bbox 582 4094 759 4149; x_wconf 84' lang='grc' dir='ltr'>τοίνυν</span> <span class='ocrx_word' id='word_1_337' title='bbox 784 4094 879 4147; x_wconf 73' lang='grc' dir='ltr'>καὶ</span> <span class='ocrx_word' id='word_1_338' title='bbox 908 4094 936 4146; x_wconf 88' lang='lat'>6</span> <span class='ocrx_word' id='word_1_339' title='bbox 966 4092 1130 4147; x_wconf 80' lang='grc' dir='ltr'>Δαυῒδ</span> <span class='ocrx_word' id='word_1_340' title='bbox 1166 4094 1444 4166; x_wconf 74' lang='grc' dir='ltr'>ἐμφαίνων</span> <span class='ocrx_word' id='word_1_341' title='bbox 1476 4095 1691 4167; x_wconf 78' lang='grc' dir='ltr'>ἔλεγεν·</span> <span class='ocrx_word' id='word_1_342' title='bbox 1737 4101 1793 4153; x_wconf 89' lang='grc' dir='ltr'><strong><em>Ὁ</em></strong></span> <span class='ocrx_word' id='word_1_343' title='bbox 1824 4103 1967 4170; x_wconf 88' lang='grc' dir='ltr'>Θεὸς</span> 
     </span>
    </p>
   </div>
   <div class='ocr_carea' id='block_1_47' title="bbox 378 4169 1967 4257">
    <p class='ocr_par' dir='ltr' id='par_1_47' title="bbox 378 4169 1967 4257">
     <span class='ocr_line' id='line_1_47' title="bbox 378 4169 1967 4257; baseline 0.004 -24"><span class='ocrx_word' id='word_1_344' title='bbox 378 4169 662 4250; x_wconf 78' lang='grc' dir='ltr'>ἐμφανῶς</span> <span class='ocrx_word' id='word_1_345' title='bbox 714 4175 869 4245; x_wconf 79' lang='grc' dir='ltr'>ἣξει.</span> <span class='ocrx_word' id='word_1_346' title='bbox 917 4172 1051 4230; x_wconf 81' lang='grc' dir='ltr'>Εἶτα</span> <span class='ocrx_word' id='word_1_347' title='bbox 1103 4178 1199 4231; x_wconf 77' lang='grc' dir='ltr'>καὶ</span> <span class='ocrx_word' id='word_1_348' title='bbox 1236 4177 1299 4231; x_wconf 88' lang='grc' dir='ltr'>τὸ</span> <span class='ocrx_word' id='word_1_349' title='bbox 1329 4177 1680 4253; x_wconf 84' lang='grc' dir='ltr'>δικαστήριον</span> <span class='ocrx_word' id='word_1_350' title='bbox 1724 4169 1967 4257; x_wconf 52' lang='grc' dir='ltr'>ὑπογράζ</span> 
     </span>
    </p>
   </div>
   <div class='ocr_carea' id='block_1_48' title="bbox 381 4259 1968 4334">
    <p class='ocr_par' dir='ltr' id='par_1_48' title="bbox 381 4259 1968 4334">
     <span class='ocr_line' id='line_1_48' title="bbox 381 4259 1968 4334; baseline -0.004 -17"><span class='ocrx_word' id='word_1_351' title='bbox 381 4281 501 4334; x_wconf 80' lang='grc' dir='ltr'>φων</span> <span class='ocrx_word' id='word_1_352' title='bbox 526 4262 587 4315; x_wconf 88' lang='grc' dir='ltr'>τὸ</span> <span class='ocrx_word' id='word_1_353' title='bbox 619 4259 826 4332; x_wconf 85' lang='grc' dir='ltr'>μέλλον,</span> <span class='ocrx_word' id='word_1_354' title='bbox 862 4259 1059 4329; x_wconf 86' lang='grc' dir='ltr'>ἐπάγει</span> <span class='ocrx_word' id='word_1_355' title='bbox 1089 4261 1183 4314; x_wconf 75' lang='grc' dir='ltr'>καὶ</span> <span class='ocrx_word' id='word_1_356' title='bbox 1217 4259 1393 4330; x_wconf 83' lang='grc' dir='ltr'>λέγει·</span> <span class='ocrx_word' id='word_1_357' title='bbox 1424 4262 1552 4332; x_wconf 89' lang='grc' dir='ltr'>Πῦρ</span> <span class='ocrx_word' id='word_1_358' title='bbox 1579 4265 1835 4322; x_wconf 77' lang='grc' dir='ltr'>ἐνώπιον</span> <span class='ocrx_word' id='word_1_359' title='bbox 1862 4272 1968 4324; x_wconf 75' lang='grc' dir='ltr'>αὑ-</span> 
     </span>
    </p>
   </div>
   <div class='ocr_carea' id='block_1_49' title="bbox 380 4342 1965 4422">
    <p class='ocr_par' dir='ltr' id='par_1_49' title="bbox 380 4342 1965 4422">
     <span class='ocr_line' id='line_1_49' title="bbox 380 4342 1965 4422; baseline 0.003 -23"><span class='ocrx_word' id='word_1_360' title='bbox 380 4345 491 4401; x_wconf 85' lang='grc' dir='ltr'>τοῦ</span> <span class='ocrx_word' id='word_1_361' title='bbox 513 4342 899 4410; x_wconf 82' lang='grc' dir='ltr'>καυθήσεται,</span> <span class='ocrx_word' id='word_1_362' title='bbox 929 4342 1028 4397; x_wconf 78' lang='grc' dir='ltr'>καὶ</span> <span class='ocrx_word' id='word_1_363' title='bbox 1062 4344 1264 4409; x_wconf 83' lang='grc' dir='ltr'>κύκλῳ</span> <span class='ocrx_word' id='word_1_364' title='bbox 1294 4346 1482 4400; x_wconf 85' lang='grc' dir='ltr'>αὑτοῦ</span> <span class='ocrx_word' id='word_1_365' title='bbox 1517 4349 1783 4420; x_wconf 76' lang='grc' dir='ltr'>καταιγίς</span> <span class='ocrx_word' id='word_1_366' title='bbox 1810 4364 1965 4422; x_wconf 87' lang='grc' dir='ltr'>σφο-</span> 
     </span>
    </p>
   </div>
   <div class='ocr_carea' id='block_1_50' title="bbox 379 4423 1962 4507">
    <p class='ocr_par' dir='ltr' id='par_1_50' title="bbox 379 4423 1962 4507">
     <span class='ocr_line' id='line_1_50' title="bbox 379 4423 1962 4507; baseline -0.001 -25"><span class='ocrx_word' id='word_1_367' title='bbox 379 4429 514 4499; x_wconf 78' lang='grc' dir='ltr'>δρά.</span> <span class='ocrx_word' id='word_1_368' title='bbox 560 4423 695 4481; x_wconf 85' lang='grc' dir='ltr'>Εἶπε</span> <span class='ocrx_word' id='word_1_369' title='bbox 738 4428 837 4491; x_wconf 79' lang='grc' dir='ltr'>τὰς</span> <span class='ocrx_word' id='word_1_370' title='bbox 876 4427 1180 4498; x_wconf 84' lang='grc' dir='ltr'>τιμωρίας,</span> <span class='ocrx_word' id='word_1_371' title='bbox 1222 4426 1372 4496; x_wconf 84' lang='grc' dir='ltr'>λέγει</span> <span class='ocrx_word' id='word_1_372' title='bbox 1426 4430 1520 4482; x_wconf 78' lang='grc' dir='ltr'>καὶ</span> <span class='ocrx_word' id='word_1_373' title='bbox 1564 4430 1624 4484; x_wconf 92' lang='grc' dir='ltr'>τὸ</span> <span class='ocrx_word' id='word_1_374' title='bbox 1678 4432 1962 4507; x_wconf 79' lang='grc' dir='ltr'>λαμπρόνο</span> 
     </span>
    </p>
   </div>
   <div class='ocr_carea' id='block_1_51' title="bbox 381 4509 1965 4588">
    <p class='ocr_par' dir='ltr' id='par_1_51' title="bbox 381 4509 1965 4588">
     <span class='ocr_line' id='line_1_51' title="bbox 381 4509 1965 4588; baseline 0.001 -22"><span class='ocrx_word' id='word_1_375' title='bbox 381 4510 870 4580; x_wconf 74' lang='grc' dir='ltr'>Προσκαλέσειαι</span> <span class='ocrx_word' id='word_1_376' title='bbox 909 4509 1016 4563; x_wconf 86' lang='grc' dir='ltr'>τὸν</span> <span class='ocrx_word' id='word_1_377' title='bbox 1055 4509 1317 4578; x_wconf 86' lang='grc' dir='ltr'>οὐρανὸν</span> <span class='ocrx_word' id='word_1_378' title='bbox 1358 4511 1502 4576; x_wconf 81' lang='grc' dir='ltr'>ἀνω,</span> <span class='ocrx_word' id='word_1_379' title='bbox 1548 4513 1647 4567; x_wconf 78' lang='grc' dir='ltr'>καί</span> <span class='ocrx_word' id='word_1_380' title='bbox 1688 4515 1805 4584; x_wconf 82' lang='grc' dir='ltr'>τὴν</span> <span class='ocrx_word' id='word_1_381' title='bbox 1845 4518 1965 4588; x_wconf 75' lang='grc' dir='ltr'>γῆν</span> 
     </span>
    </p>
   </div>
   <div class='ocr_carea' id='block_1_52' title="bbox 379 4591 1961 4671">
    <p class='ocr_par' dir='ltr' id='par_1_52' title="bbox 379 4591 1961 4671">
     <span class='ocr_line' id='line_1_52' title="bbox 379 4591 1961 4671; baseline 0.004 -22"><span class='ocrx_word' id='word_1_382' title='bbox 379 4594 487 4649; x_wconf 87' lang='grc' dir='ltr'>τοῦ</span> <span class='ocrx_word' id='word_1_383' title='bbox 515 4592 812 4661; x_wconf 82' lang='grc' dir='ltr'>διακρῖναι</span> <span class='ocrx_word' id='word_1_384' title='bbox 840 4592 948 4645; x_wconf 89' lang='grc' dir='ltr'>τὸν</span> <span class='ocrx_word' id='word_1_385' title='bbox 975 4591 1132 4647; x_wconf 86' lang='grc' dir='ltr'>λαὸν</span> <span class='ocrx_word' id='word_1_386' title='bbox 1152 4594 1361 4662; x_wconf 80' lang='grc' dir='ltr'>αὑτοῦ,</span> <span class='ocrx_word' id='word_1_387' title='bbox 1384 4594 1487 4667; x_wconf 87' lang='grc' dir='ltr'>γῆν</span> <span class='ocrx_word' id='word_1_388' title='bbox 1518 4595 1749 4652; x_wconf 88' lang='grc' dir='ltr'>ἐνταῦθα</span> <span class='ocrx_word' id='word_1_389' title='bbox 1785 4600 1846 4653; x_wconf 90' lang='grc' dir='ltr'>τὸ</span> <span class='ocrx_word' id='word_1_390' title='bbox 1868 4602 1961 4671; x_wconf 86' lang='grc' dir='ltr'>γέ-</span> 
     </span>
    </p>
   </div>
   <div class='ocr_carea' id='block_1_53' title="bbox 378 4673 1963 4751">
    <p class='ocr_par' dir='ltr' id='par_1_53' title="bbox 378 4673 1963 4751">
     <span class='ocr_line' id='line_1_53' title="bbox 378 4673 1963 4751; baseline 0.009 -24"><span class='ocrx_word' id='word_1_391' title='bbox 378 4695 470 4742; x_wconf 82' lang='grc' dir='ltr'>νος</span> <span class='ocrx_word' id='word_1_392' title='bbox 518 4677 629 4731; x_wconf 86' lang='grc' dir='ltr'>τῶν</span> <span class='ocrx_word' id='word_1_393' title='bbox 673 4675 978 4747; x_wconf 89' lang='grc' dir='ltr'>ἀνθρώπων</span> <span class='ocrx_word' id='word_1_394' title='bbox 1010 4675 1203 4745; x_wconf 89' lang='grc' dir='ltr'>λέγων.</span> <span class='ocrx_word' id='word_1_395' title='bbox 1248 4673 1381 4730; x_wconf 74' lang='grc' dir='ltr'>Εἶτα</span> <span class='ocrx_word' id='word_1_396' title='bbox 1430 4679 1570 4750; x_wconf 84' lang='grc' dir='ltr'>μετὰ</span> <span class='ocrx_word' id='word_1_397' title='bbox 1621 4682 1715 4735; x_wconf 91' lang='grc' dir='ltr'>τοῦ</span> <span class='ocrx_word' id='word_1_398' title='bbox 1763 4686 1963 4751; x_wconf 90' lang='grc' dir='ltr'>παντὸς</span> 
     </span>
    </p>
   </div>
   <div class='ocr_carea' id='block_1_54' title="bbox 379 4757 1961 4837">
    <p class='ocr_par' dir='ltr' id='par_1_54' title="bbox 379 4757 1961 4837">
     <span class='ocr_line' id='line_1_54' title="bbox 379 4757 1961 4837; baseline 0.006 -24"><span class='ocrx_word' id='word_1_399' title='bbox 379 4762 571 4830; x_wconf 84' lang='grc' dir='ltr'>γένους</span> <span class='ocrx_word' id='word_1_400' title='bbox 610 4760 707 4814; x_wconf 69' lang='grc' dir='ltr'>καὶ⁵</span> <span class='ocrx_word' id='word_1_401' title='bbox 745 4759 807 4813; x_wconf 90' lang='grc' dir='ltr'>τὸ</span> <span class='ocrx_word' id='word_1_402' title='bbox 838 4757 1124 4813; x_wconf 85' lang='grc' dir='ltr'>Ἰουδαϊκὸν</span> <span class='ocrx_word' id='word_1_403' title='bbox 1149 4759 1399 4831; x_wconf 83' lang='grc' dir='ltr'>ἀριθμῶν</span> <span class='ocrx_word' id='word_1_404' title='bbox 1435 4763 1594 4834; x_wconf 86' lang='grc' dir='ltr'>(πρὸς</span> <span class='ocrx_word' id='word_1_405' title='bbox 1625 4763 1733 4837; x_wconf 83' lang='grc' dir='ltr'>γὰρ</span> <span class='ocrx_word' id='word_1_406' title='bbox 1764 4768 1961 4834; x_wconf 80' lang='grc' dir='ltr'>αὐτοὺς</span> 
     </span>
    </p>
   </div>
   <div class='ocr_carea' id='block_1_55' title="bbox 378 4841 1961 4919">
    <p class='ocr_par' dir='ltr' id='par_1_55' title="bbox 378 4841 1961 4919">
     <span class='ocr_line' id='line_1_55' title="bbox 378 4841 1961 4919; baseline 0.006 -22"><span class='ocrx_word' id='word_1_407' title='bbox 378 4844 472 4897; x_wconf 81' lang='grc' dir='ltr'>καὶ</span> <span class='ocrx_word' id='word_1_408' title='bbox 501 4841 887 4912; x_wconf 84' lang='grc' dir='ltr'>ἀποτείνεται),</span> <span class='ocrx_word' id='word_1_409' title='bbox 916 4841 1078 4896; x_wconf 87' lang='grc' dir='ltr'>πάλιν</span> <span class='ocrx_word' id='word_1_410' title='bbox 1116 4843 1310 4912; x_wconf 86' lang='grc' dir='ltr'>ἐπάγει</span> <span class='ocrx_word' id='word_1_411' title='bbox 1355 4843 1555 4914; x_wconf 88' lang='grc' dir='ltr'>λέγων·</span> <span class='ocrx_word' id='word_1_412' title='bbox 1587 4849 1961 4919; x_wconf 76' lang='grc' dir='ltr'>Συναγάγετε</span> 
     </span>
    </p>
   </div>
   <div class='ocr_carea' id='block_1_56' title="bbox 375 4925 1963 5000">
    <p class='ocr_par' dir='ltr' id='par_1_56' title="bbox 375 4925 1963 5000">
     <span class='ocr_line' id='line_1_56' title="bbox 375 4925 1963 5000; baseline 0.005 -21"><span class='ocrx_word' id='word_1_413' title='bbox 375 4925 538 4992; x_wconf 83' lang='grc' dir='ltr'>αὐτῷ</span> <span class='ocrx_word' id='word_1_414' title='bbox 564 4925 707 4992; x_wconf 83' lang='grc' dir='ltr'>τοὺς</span> <span class='ocrx_word' id='word_1_415' title='bbox 735 4926 943 4992; x_wconf 77' lang='grc' dir='ltr'>ὁσίους</span> <span class='ocrx_word' id='word_1_416' title='bbox 962 4926 1168 4991; x_wconf 88' lang='grc' dir='ltr'>αὺτοῦ,</span> <span class='ocrx_word' id='word_1_417' title='bbox 1208 4926 1351 4994; x_wconf 87' lang='grc' dir='ltr'>τοὺς</span> <span class='ocrx_word' id='word_1_418' title='bbox 1382 4927 1822 5000; x_wconf 76' lang='grc' dir='ltr'>διατιθεμένους</span> <span class='ocrx_word' id='word_1_419' title='bbox 1845 4933 1963 5000; x_wconf 75' lang='grc' dir='ltr'>τὴν</span> 
     </span>
    </p>
   </div>
   <div class='ocr_carea' id='block_1_57' title="bbox 376 5006 1961 5084">
    <p class='ocr_par' dir='ltr' id='par_1_57' title="bbox 376 5006 1961 5084">
     <span class='ocr_line' id='line_1_57' title="bbox 376 5006 1961 5084; baseline 0.006 -23"><span class='ocrx_word' id='word_1_420' title='bbox 376 5008 673 5076; x_wconf 80' lang='grc' dir='ltr'>διαθήκην</span> <span class='ocrx_word' id='word_1_421' title='bbox 704 5006 892 5062; x_wconf 85' lang='grc' dir='ltr'>αὐτοῦ</span> <span class='ocrx_word' id='word_1_422' title='bbox 929 5007 1029 5062; x_wconf 78' lang='grc' dir='ltr'>ἐπὶ</span> <span class='ocrx_word' id='word_1_423' title='bbox 1071 5009 1341 5077; x_wconf 85' lang='grc' dir='ltr'>θυσίαις·</span> <span class='ocrx_word' id='word_1_424' title='bbox 1380 5010 1478 5064; x_wconf 80' lang='grc' dir='ltr'>καὶ</span> <span class='ocrx_word' id='word_1_425' title='bbox 1518 5012 1961 5084; x_wconf 73' lang='grc' dir='ltr'>ἀναγγελοῦσιν</span> 
     </span>
    </p>
   </div>
   <div class='ocr_carea' id='block_1_58' title="bbox 375 5090 1961 5170">
    <p class='ocr_par' dir='ltr' id='par_1_58' title="bbox 375 5090 1961 5170">
     <span class='ocr_line' id='line_1_58' title="bbox 375 5090 1961 5170; baseline 0.006 -24"><span class='ocrx_word' id='word_1_426' title='bbox 375 5096 431 5148; x_wconf 85' lang='grc' dir='ltr'>οι</span> <span class='ocrx_word' id='word_1_427' title='bbox 453 5092 698 5162; x_wconf 83' lang='grc' dir='ltr'>οὐρανοὶ</span> <span class='ocrx_word' id='word_1_428' title='bbox 719 5091 834 5159; x_wconf 77' lang='grc' dir='ltr'>τὴν</span> <span class='ocrx_word' id='word_1_429' title='bbox 861 5090 1259 5163; x_wconf 83' lang='grc' dir='ltr'>δικαιοσύνην</span> <span class='ocrx_word' id='word_1_430' title='bbox 1276 5095 1485 5160; x_wconf 87' lang='grc' dir='ltr'>αὐτοῦ,</span> <span class='ocrx_word' id='word_1_431' title='bbox 1507 5095 1596 5151; x_wconf 84' lang='grc' dir='ltr'>ὅτι</span> <span class='ocrx_word' id='word_1_432' title='bbox 1615 5101 1653 5153; x_wconf 81' lang='grc' dir='ltr'>ό</span> <span class='ocrx_word' id='word_1_433' title='bbox 1678 5098 1825 5166; x_wconf 84' lang='grc' dir='ltr'>Θεὸς</span> <span class='ocrx_word' id='word_1_434' title='bbox 1847 5117 1961 5170; x_wconf 83' lang='grc' dir='ltr'>κρι-</span> 
     </span>
    </p>
   </div>
   <div class='ocr_carea' id='block_1_59' title="bbox 374 5176 1959 5253">
    <p class='ocr_par' dir='ltr' id='par_1_59' title="bbox 374 5176 1959 5253">
     <span class='ocr_line' id='line_1_59' title="bbox 374 5176 1959 5253; baseline 0.007 -24"><span class='ocrx_word' id='word_1_435' title='bbox 374 5178 485 5245; x_wconf 84' lang='grc' dir='ltr'>τής</span> <span class='ocrx_word' id='word_1_436' title='bbox 513 5178 705 5232; x_wconf 81' lang='grc' dir='ltr'>ἐστιν.</span> <span class='ocrx_word' id='word_1_437' title='bbox 739 5176 972 5248; x_wconf 86' lang='grc' dir='ltr'>Ἔμελλε</span> <span class='ocrx_word' id='word_1_438' title='bbox 1020 5179 1459 5251; x_wconf 86' lang='grc' dir='ltr'>παραγενόμενος</span> <span class='ocrx_word' id='word_1_439' title='bbox 1498 5180 1598 5253; x_wconf 86' lang='grc' dir='ltr'>τὴν</span> <span class='ocrx_word' id='word_1_440' title='bbox 1634 5181 1722 5237; x_wconf 84' lang='grc' dir='ltr'>διὰ</span> <span class='ocrx_word' id='word_1_441' title='bbox 1760 5182 1959 5241; x_wconf 89' lang='grc' dir='ltr'>θυσιῶν</span> 
     </span>
    </p>
   </div>
   <div class='ocr_carea' id='block_1_60' title="bbox 371 5261 1959 5343">
    <p class='ocr_par' dir='ltr' id='par_1_60' title="bbox 371 5261 1959 5343">
     <span class='ocr_line' id='line_1_60' title="bbox 371 5261 1959 5343; baseline 0.006 -28"><span class='ocrx_word' id='word_1_442' title='bbox 371 5262 630 5333; x_wconf 85' lang='grc' dir='ltr'>λατρείαν</span> <span class='ocrx_word' id='word_1_443' title='bbox 678 5261 989 5326; x_wconf 83' lang='grc' dir='ltr'>ἐκϐάλλειν,</span> <span class='ocrx_word' id='word_1_444' title='bbox 1032 5263 1127 5317; x_wconf 81' lang='grc' dir='ltr'>καὶ</span> <span class='ocrx_word' id='word_1_445' title='bbox 1174 5261 1249 5334; x_wconf 80' lang='grc' dir='ltr'>μὴ</span> <span class='ocrx_word' id='word_1_446' title='bbox 1294 5264 1613 5336; x_wconf 87' lang='grc' dir='ltr'>προσίεσθαι</span> <span class='ocrx_word' id='word_1_447' title='bbox 1663 5278 1712 5331; x_wconf 80' lang='grc' dir='ltr'>ιι,</span> <span class='ocrx_word' id='word_1_448' title='bbox 1754 5269 1959 5343; x_wconf 86' lang='grc' dir='ltr'>ταύτην</span> 
     </span>
    </p>
   </div>
   <div class='ocr_carea' id='block_1_61' title="bbox 374 5344 1956 5427">
    <p class='ocr_par' dir='ltr' id='par_1_61' title="bbox 374 5344 1956 5427">
     <span class='ocr_line' id='line_1_61' title="bbox 374 5344 1956 5427; baseline 0.008 -31"><span class='ocrx_word' id='word_1_449' title='bbox 374 5349 430 5403; x_wconf 76' lang='grc' dir='ltr'>δὲ</span> <span class='ocrx_word' id='word_1_450' title='bbox 468 5344 571 5415; x_wconf 81' lang='grc' dir='ltr'>τὴν</span> <span class='ocrx_word' id='word_1_451' title='bbox 612 5345 888 5417; x_wconf 77' lang='grc' dir='ltr'>ἡμετέραν</span> <span class='ocrx_word' id='word_1_452' title='bbox 922 5345 1188 5417; x_wconf 86' lang='grc' dir='ltr'>δέχεσθαι.</span> <span class='ocrx_word' id='word_1_453' title='bbox 1226 5347 1493 5403; x_wconf 84' lang='grc' dir='ltr'>Ἀκουσον</span> <span class='ocrx_word' id='word_1_454' title='bbox 1535 5348 1652 5415; x_wconf 89' lang='grc' dir='ltr'>πῶς</span> <span class='ocrx_word' id='word_1_455' title='bbox 1695 5352 1788 5406; x_wconf 79' lang='grc' dir='ltr'>καὶ</span> <span class='ocrx_word' id='word_1_456' title='bbox 1830 5355 1956 5427; x_wconf 81' lang='grc' dir='ltr'>περὶ</span> 
     </span>
    </p>
   </div>
   <div class='ocr_carea' id='block_1_62' title="bbox 369 5428 1958 5509">
    <p class='ocr_par' dir='ltr' id='par_1_62' title="bbox 369 5428 1958 5509">
     <span class='ocr_line' id='line_1_62' title="bbox 369 5428 1958 5509; baseline 0.009 -28"><span class='ocrx_word' id='word_1_457' title='bbox 369 5428 578 5509; x_wconf 86' lang='grc' dir='ltr'>τούτων</span> <span class='ocrx_word' id='word_1_458' title='bbox 632 5430 1063 5500; x_wconf 85' lang='grc' dir='ltr'>προανεφωνήθη</span> <span class='ocrx_word' id='word_1_459' title='bbox 1082 5447 1098 5464; x_wconf 90' lang='grc'>·</span> <span class='ocrx_word' id='word_1_460' title='bbox 1163 5433 1394 5488; x_wconf 86' lang='grc' dir='ltr'>Θυσίαν</span> <span class='ocrx_word' id='word_1_461' title='bbox 1440 5434 1543 5489; x_wconf 78' lang='grc' dir='ltr'>καὶ</span> <span class='ocrx_word' id='word_1_462' title='bbox 1604 5440 1958 5509; x_wconf 79' lang='grc' dir='ltr'>προσφορὰν</span> 
     </span>
    </p>
   </div>
   <div class='ocr_carea' id='block_1_63' title="bbox 369 5505 1957 5592">
    <p class='ocr_par' dir='ltr' id='par_1_63' title="bbox 369 5505 1957 5592">
     <span class='ocr_line' id='line_1_63' title="bbox 369 5505 1957 5592; baseline 0.009 -26"><span class='ocrx_word' id='word_1_463' title='bbox 369 5514 483 5567; x_wconf 85' lang='grc' dir='ltr'>οὐκ</span> <span class='ocrx_word' id='word_1_464' title='bbox 506 5505 851 5581; x_wconf 71' lang='grc' dir='ltr'>ήθέλησας,</span> <span class='ocrx_word' id='word_1_465' title='bbox 898 5512 1069 5584; x_wconf 91' lang='grc' dir='ltr'>σῶμα</span> <span class='ocrx_word' id='word_1_466' title='bbox 1115 5514 1184 5569; x_wconf 80' lang='grc' dir='ltr'>δὲ</span> <span class='ocrx_word' id='word_1_467' title='bbox 1229 5520 1565 5587; x_wconf 84' lang='grc' dir='ltr'>κατηρτίσω</span> <span class='ocrx_word' id='word_1_468' title='bbox 1602 5505 1724 5592; x_wconf 85' lang='grc' dir='ltr'>μοι.</span> <span class='ocrx_word' id='word_1_469' title='bbox 1755 5505 1822 5577; x_wconf 73' lang='grc' dir='ltr'>’Ὅ</span> <span class='ocrx_word' id='word_1_470' title='bbox 1840 5505 1957 5580; x_wconf 27' lang='grc' dir='ltr'>γκαὶ</span> 
     </span>
    </p>
   </div>
   <div class='ocr_carea' id='block_1_64' title="bbox 366 5596 1957 5675">
    <p class='ocr_par' dir='ltr' id='par_1_64' title="bbox 366 5596 1957 5675">
     <span class='ocr_line' id='line_1_64' title="bbox 366 5596 1957 5675; baseline 0.009 -24"><span class='ocrx_word' id='word_1_471' title='bbox 366 5596 606 5669; x_wconf 87' lang='grc' dir='ltr'>ἀλλαχοῦ</span> <span class='ocrx_word' id='word_1_472' title='bbox 640 5597 816 5668; x_wconf 88' lang='grc' dir='ltr'>δηλῶν</span> <span class='ocrx_word' id='word_1_473' title='bbox 847 5597 999 5669; x_wconf 76' lang='grc' dir='ltr'>ἔλεγε</span> <span class='ocrx_word' id='word_1_474' title='bbox 1024 5616 1038 5631; x_wconf 85' lang='grc'>·</span> <span class='ocrx_word' id='word_1_475' title='bbox 1080 5599 1258 5668; x_wconf 88' lang='grc' dir='ltr'>Λαὸς,</span> <span class='ocrx_word' id='word_1_476' title='bbox 1289 5600 1362 5655; x_wconf 85' lang='grc' dir='ltr'>ὃν</span> <span class='ocrx_word' id='word_1_477' title='bbox 1396 5604 1509 5657; x_wconf 86' lang='grc' dir='ltr'>οὐκ</span> <span class='ocrx_word' id='word_1_478' title='bbox 1549 5603 1761 5675; x_wconf 77' lang='grc' dir='ltr'>ἔγνων,</span> <span class='ocrx_word' id='word_1_479' title='bbox 1787 5608 1957 5665; x_wconf 80' lang='grc' dir='ltr'>ἐδού-</span> 
     </span>
    </p>
   </div>
   <div class='ocr_carea' id='block_1_65' title="bbox 367 5681 1954 5760">
    <p class='ocr_par' dir='ltr' id='par_1_65' title="bbox 367 5681 1954 5760">
     <span class='ocr_line' id='line_1_65' title="bbox 367 5681 1954 5760; baseline 0.012 -26"><span class='ocrx_word' id='word_1_480' title='bbox 367 5682 557 5737; x_wconf 77' lang='grc' dir='ltr'>λευσέ</span> <span class='ocrx_word' id='word_1_481' title='bbox 575 5700 701 5752; x_wconf 88' lang='grc' dir='ltr'>μοι,</span> <span class='ocrx_word' id='word_1_482' title='bbox 728 5684 815 5748; x_wconf 86' lang='grc' dir='ltr'>είς</span> <span class='ocrx_word' id='word_1_483' title='bbox 846 5681 1039 5752; x_wconf 81' lang='grc' dir='ltr'>ἀκοὴν</span> <span class='ocrx_word' id='word_1_484' title='bbox 1070 5683 1248 5738; x_wconf 88' lang='grc' dir='ltr'>ὠτίου</span> <span class='ocrx_word' id='word_1_485' title='bbox 1280 5683 1593 5753; x_wconf 78' lang='grc' dir='ltr'>ὑπήκουσέ</span> <span class='ocrx_word' id='word_1_486' title='bbox 1617 5708 1769 5760; x_wconf 88' lang='grc' dir='ltr'>μου·</span> <span class='ocrx_word' id='word_1_487' title='bbox 1800 5711 1954 5753; x_wconf 83' lang='grc' dir='ltr'>τουτ-</span> 
     </span>
    </p>
   </div>
   <div class='ocr_carea' id='block_1_66' title="bbox 428 5794 1675 5866">
    <p class='ocr_par' dir='ltr' id='par_1_66' title="bbox 428 5794 1675 5866">
     <span class='ocr_line' id='line_1_66' title="bbox 428 5794 1675 5866; baseline 0.004 -18"><span class='ocrx_word' id='word_1_488' title='bbox 428 5794 448 5820; x_wconf 90' lang='grc'><strong><em>⁸</em></strong></span> <span class='ocrx_word' id='word_1_489' title='bbox 466 5794 600 5849; x_wconf 72' lang='lat' dir='ltr'>Coll).</span> <span class='ocrx_word' id='word_1_490' title='bbox 619 5796 699 5845; x_wconf 81' lang='grc' dir='ltr'>καὶ</span> <span class='ocrx_word' id='word_1_491' title='bbox 725 5796 788 5859; x_wconf 78' lang='grc' dir='ltr'>μὴ</span> <span class='ocrx_word' id='word_1_492' title='bbox 818 5795 1108 5861; x_wconf 81' lang='grc' dir='ltr'>προσίεσθαι.</span> <span class='ocrx_word' id='word_1_493' title='bbox 1133 5796 1283 5849; x_wconf 72' lang='lat' dir='ltr'>Savil.</span> <span class='ocrx_word' id='word_1_494' title='bbox 1310 5800 1388 5850; x_wconf 78' lang='grc' dir='ltr'>καὶ</span> <span class='ocrx_word' id='word_1_495' title='bbox 1410 5801 1675 5866; x_wconf 75' lang='grc' dir='ltr'>προΐεσθαι.</span> 
     </span>
    </p>
   </div>
   <div class='ocr_carea' id='block_1_67' title="bbox 978 292 3135 361">
    <p class='ocr_par' dir='ltr' id='par_1_67' title="bbox 978 292 3135 361">
     <span class='ocr_line' id='line_1_67' title="bbox 978 292 3135 361; baseline 0 -6"><span class='ocrx_word' id='word_1_496' title='bbox 978 293 1263 355; x_wconf 81' lang='lat' dir='ltr'>CONTRA</span> <span class='ocrx_word' id='word_1_497' title='bbox 1298 293 1599 353; x_wconf 69' lang='grc' dir='ltr'>,11]ῡῶοὸ</span> <span class='ocrx_word' id='word_1_498' title='bbox 1640 294 1728 351; x_wconf 83' lang='lat' dir='ltr'>ET</span> <span class='ocrx_word' id='word_1_499' title='bbox 1763 293 2130 360; x_wconf 70' lang='lat' dir='ltr'>GENTILES,</span> <span class='ocrx_word' id='word_1_500' title='bbox 2169 292 2362 361; x_wconf 74' lang='lat' dir='ltr'>QUOD</span> <span class='ocrx_word' id='word_1_501' title='bbox 2399 294 2750 355; x_wconf 80' lang='lat' dir='ltr'>CHRISTUS</span> <span class='ocrx_word' id='word_1_502' title='bbox 2791 295 2899 355; x_wconf 83' lang='lat' dir='ltr'>SIT</span> <span class='ocrx_word' id='word_1_503' title='bbox 2933 298 3135 358; x_wconf 86' lang='lat' dir='ltr'><strong>DEUS.</strong></span> 
     </span>
    </p>
   </div>
   <div class='ocr_carea' id='block_1_68' title="bbox 3562 307 3671 362">
    <p class='ocr_par' dir='ltr' id='par_1_68' title="bbox 3562 307 3671 362">
     <span class='ocr_line' id='line_1_68' title="bbox 3562 307 3671 362; baseline 0.028 -3"><span class='ocrx_word' id='word_1_504' title='bbox 3562 307 3671 362; x_wconf 61' lang='lat'>8‘23</span> 
     </span>
    </p>
   </div>
   <div class='ocr_carea' id='block_1_69' title="bbox 2093 409 3663 494">
    <p class='ocr_par' dir='ltr' id='par_1_69' title="bbox 2093 409 3663 494">
     <span class='ocr_line' id='line_1_69' title="bbox 2093 409 3663 494; baseline 0.008 -31"><span class='ocrx_word' id='word_1_505' title='bbox 2093 409 2260 479; x_wconf 85' lang='grc' dir='ltr'>ἐστιν,</span> <span class='ocrx_word' id='word_1_506' title='bbox 2291 413 2354 466; x_wconf 87' lang='grc' dir='ltr'>ού</span> <span class='ocrx_word' id='word_1_507' title='bbox 2397 412 2665 468; x_wconf 85' lang='grc' dir='ltr'>θάλατταν</span> <span class='ocrx_word' id='word_1_508' title='bbox 2686 414 2829 487; x_wconf 87' lang='grc' dir='ltr'>ὸρῶν</span> <span class='ocrx_word' id='word_1_509' title='bbox 2867 414 3212 490; x_wconf 83' lang='grc' dir='ltr'>σχιζομένην,</span> <span class='ocrx_word' id='word_1_510' title='bbox 3242 418 3302 472; x_wconf 89' lang='lat' dir='ltr'><em>o6</em></span> <span class='ocrx_word' id='word_1_511' title='bbox 3335 417 3539 492; x_wconf 85' lang='grc' dir='ltr'>πέτρας</span> <span class='ocrx_word' id='word_1_512' title='bbox 3569 425 3663 494; x_wconf 76' lang='grc' dir='ltr'>ρη-</span> 
     </span>
    </p>
   </div>
   <div class='ocr_carea' id='block_1_70' title="bbox 2087 496 3665 576">
    <p class='ocr_par' dir='ltr' id='par_1_70' title="bbox 2087 496 3665 576">
     <span class='ocr_line' id='line_1_70' title="bbox 2087 496 3665 576; baseline 0.008 -28"><span class='ocrx_word' id='word_1_513' title='bbox 2087 496 2384 565; x_wconf 87' lang='grc' dir='ltr'>γνυμένας,</span> <span class='ocrx_word' id='word_1_514' title='bbox 2418 497 2532 551; x_wconf 86' lang='grc' dir='ltr'>ἀλλ’</span> <span class='ocrx_word' id='word_1_515' title='bbox 2566 498 2802 562; x_wconf 88' lang='grc' dir='ltr'>ἀκούσας</span> <span class='ocrx_word' id='word_1_516' title='bbox 2845 500 2952 553; x_wconf 89' lang='grc' dir='ltr'>τῶν</span> <span class='ocrx_word' id='word_1_517' title='bbox 2991 500 3305 557; x_wconf 82' lang='grc' dir='ltr'>ἀποστόλων</span> <span class='ocrx_word' id='word_1_518' title='bbox 3343 502 3452 557; x_wconf 87' lang='grc' dir='ltr'>τῶν</span> <span class='ocrx_word' id='word_1_519' title='bbox 3495 505 3665 576; x_wconf 83' lang='grc' dir='ltr'>ἐμῶν.</span> 
     </span>
    </p>
   </div>
   <div class='ocr_carea' id='block_1_71' title="bbox 2086 578 3673 656">
    <p class='ocr_par' dir='ltr' id='par_1_71' title="bbox 2086 578 3673 656">
     <span class='ocr_line' id='line_1_71' title="bbox 2086 578 3673 656; baseline 0.008 -25"><span class='ocrx_word' id='word_1_520' title='bbox 2086 578 2198 632; x_wconf 77' lang='grc' dir='ltr'>Καὶ</span> <span class='ocrx_word' id='word_1_521' title='bbox 2226 578 2459 635; x_wconf 80' lang='grc' dir='ltr'>ἐνταῦθα</span> <span class='ocrx_word' id='word_1_522' title='bbox 2487 581 2668 647; x_wconf 91' lang='grc' dir='ltr'>πάλιν,</span> <span class='ocrx_word' id='word_1_523' title='bbox 2692 581 2867 652; x_wconf 83' lang='grc' dir='ltr'>Σῶμα</span> <span class='ocrx_word' id='word_1_524' title='bbox 2887 582 2955 636; x_wconf 77' lang='grc' dir='ltr'>δὲ</span> <span class='ocrx_word' id='word_1_525' title='bbox 2980 586 3315 652; x_wconf 84' lang='grc' dir='ltr'>κατηρτίσω</span> <span class='ocrx_word' id='word_1_526' title='bbox 3337 605 3458 656; x_wconf 91' lang='grc' dir='ltr'>μοι.</span> <span class='ocrx_word' id='word_1_527' title='bbox 3483 589 3673 644; x_wconf 78' lang='grc' dir='ltr'>Εἰπὼν</span> 
     </span>
    </p>
   </div>
   <div class='ocr_carea' id='block_1_72' title="bbox 2083 658 3671 737">
    <p class='ocr_par' dir='ltr' id='par_1_72' title="bbox 2083 658 3671 737">
     <span class='ocr_line' id='line_1_72' title="bbox 2083 658 3671 737; baseline 0.007 -24"><span class='ocrx_word' id='word_1_528' title='bbox 2083 658 2140 712; x_wconf 89' lang='grc' dir='ltr'>δέ</span> <span class='ocrx_word' id='word_1_529' title='bbox 2163 661 2340 727; x_wconf 89' lang='grc' dir='ltr'>τοῦτο,</span> <span class='ocrx_word' id='word_1_530' title='bbox 2363 662 2443 716; x_wconf 78' lang='grc' dir='ltr'>ἐτι</span> <span class='ocrx_word' id='word_1_531' title='bbox 2472 664 2793 737; x_wconf 87' lang='grc' dir='ltr'>προστίθησι</span> <span class='ocrx_word' id='word_1_532' title='bbox 2811 666 2903 719; x_wconf 78' lang='grc' dir='ltr'>καὶ</span> <span class='ocrx_word' id='word_1_533' title='bbox 2919 666 3068 737; x_wconf 90' lang='grc' dir='ltr'>λέγει</span> <span class='ocrx_word' id='word_1_534' title='bbox 3083 686 3096 699; x_wconf 95' lang='grc'>·</span> <span class='ocrx_word' id='word_1_535' title='bbox 3127 667 3270 723; x_wconf 85' lang='grc' dir='ltr'>Τότε</span> <span class='ocrx_word' id='word_1_536' title='bbox 3290 666 3483 736; x_wconf 77' lang='grc' dir='ltr'>εἶπον,</span> <span class='ocrx_word' id='word_1_537' title='bbox 3525 667 3671 727; x_wconf 83' lang='grc' dir='ltr'>Ἰδοὺ</span> 
     </span>
    </p>
   </div>
   <div class='ocr_carea' id='block_1_73' title="bbox 2085 742 3669 824">
    <p class='ocr_par' dir='ltr' id='par_1_73' title="bbox 2085 742 3669 824">
     <span class='ocr_line' id='line_1_73' title="bbox 2085 742 3669 824; baseline 0.009 -27"><span class='ocrx_word' id='word_1_538' title='bbox 2085 742 2210 809; x_wconf 84' lang='grc' dir='ltr'>ἣκω</span> <span class='ocrx_word' id='word_1_539' title='bbox 2229 761 2244 775; x_wconf 90' lang='grc'>·</span> <span class='ocrx_word' id='word_1_540' title='bbox 2275 746 2349 799; x_wconf 85' lang='grc' dir='ltr'>ἐν</span> <span class='ocrx_word' id='word_1_541' title='bbox 2377 748 2655 816; x_wconf 85' lang='grc' dir='ltr'>κεφαλίδι</span> <span class='ocrx_word' id='word_1_542' title='bbox 2682 749 2928 813; x_wconf 74' lang='grc' dir='ltr'>,ϐιϐλίου</span> <span class='ocrx_word' id='word_1_543' title='bbox 2971 752 3288 821; x_wconf 74' lang='grc' dir='ltr'>γέγραπται</span> <span class='ocrx_word' id='word_1_544' title='bbox 3331 754 3466 823; x_wconf 76' lang='grc' dir='ltr'>περὶ</span> <span class='ocrx_word' id='word_1_545' title='bbox 3499 756 3669 824; x_wconf 77' lang='grc' dir='ltr'>ἐμοῦ,</span> 
     </span>
    </p>
   </div>
   <div class='ocr_carea' id='block_1_74' title="bbox 2081 825 3671 910">
    <p class='ocr_par' dir='ltr' id='par_1_74' title="bbox 2081 825 3671 910">
     <span class='ocr_line' id='line_1_74' title="bbox 2081 825 3671 910; baseline 0.009 -32"><span class='ocrx_word' id='word_1_546' title='bbox 2081 825 2187 910; x_wconf 54' lang='grc' dir='ltr'>δύο</span> <span class='ocrx_word' id='word_1_547' title='bbox 2215 826 2326 899; x_wconf 84' lang='grc' dir='ltr'>γὰρ</span> <span class='ocrx_word' id='word_1_548' title='bbox 2353 828 2417 899; x_wconf 85' lang='grc' dir='ltr'>δὴ</span> <span class='ocrx_word' id='word_1_549' title='bbox 2444 828 2618 884; x_wconf 81' lang='grc' dir='ltr'>ταῦτα</span> <span class='ocrx_word' id='word_1_550' title='bbox 2659 832 2905 887; x_wconf 85' lang='grc' dir='ltr'>ἐντεῦθεν</span> <span class='ocrx_word' id='word_1_551' title='bbox 2950 834 3225 906; x_wconf 88' lang='grc' dir='ltr'>δηλοῦται,</span> <span class='ocrx_word' id='word_1_552' title='bbox 3268 837 3363 891; x_wconf 79' lang='grc' dir='ltr'>καὶ</span> <span class='ocrx_word' id='word_1_553' title='bbox 3400 838 3482 890; x_wconf 87' lang='grc' dir='ltr'>ὅτι</span> <span class='ocrx_word' id='word_1_554' title='bbox 3528 856 3671 910; x_wconf 87' lang='grc' dir='ltr'>παρ-</span> 
     </span>
    </p>
   </div>
   <div class='ocr_carea' id='block_1_75' title="bbox 2081 908 3673 989">
    <p class='ocr_par' dir='ltr' id='par_1_75' title="bbox 2081 908 3673 989">
     <span class='ocr_line' id='line_1_75' title="bbox 2081 908 3673 989; baseline 0.012 -28"><span class='ocrx_word' id='word_1_555' title='bbox 2081 908 2254 975; x_wconf 89' lang='grc' dir='ltr'>έσται,</span> <span class='ocrx_word' id='word_1_556' title='bbox 2304 913 2400 965; x_wconf 78' lang='grc' dir='ltr'>καὶ</span> <span class='ocrx_word' id='word_1_557' title='bbox 2437 912 2520 966; x_wconf 81' lang='grc' dir='ltr'>ὅτι</span> <span class='ocrx_word' id='word_1_558' title='bbox 2566 922 2710 978; x_wconf 84' lang='grc' dir='ltr'>τότε,</span> <span class='ocrx_word' id='word_1_559' title='bbox 2743 916 2873 970; x_wconf 79' lang='grc' dir='ltr'>ὅταν</span> <span class='ocrx_word' id='word_1_560' title='bbox 2924 918 3260 989; x_wconf 84' lang='grc' dir='ltr'>ἐκϐληθῶσιν</span> <span class='ocrx_word' id='word_1_561' title='bbox 3297 922 3351 975; x_wconf 89' lang='grc' dir='ltr'>αἱ</span> <span class='ocrx_word' id='word_1_562' title='bbox 3391 908 3673 980; x_wconf 69' lang='grc' dir='ltr'>θυσίαι-δ</span> 
     </span>
    </p>
   </div>
   <div class='ocr_carea' id='block_1_76' title="bbox 2081 992 3667 1078">
    <p class='ocr_par' dir='ltr' id='par_1_76' title="bbox 2081 992 3667 1078">
     <span class='ocr_line' id='line_1_76' title="bbox 2081 992 3667 1078; baseline 0.01 -34"><span class='ocrx_word' id='word_1_563' title='bbox 2081 992 2174 1078; x_wconf 54' lang='grc' dir='ltr'>κα).</span> <span class='ocrx_word' id='word_1_564' title='bbox 2201 993 2394 1062; x_wconf 88' lang='grc' dir='ltr'>γέγονε</span> <span class='ocrx_word' id='word_1_565' title='bbox 2433 996 2530 1068; x_wconf 83' lang='grc' dir='ltr'>τῆς</span> <span class='ocrx_word' id='word_1_566' title='bbox 2568 997 2740 1069; x_wconf 87' lang='grc' dir='ltr'>ἀρχῆς</span> <span class='ocrx_word' id='word_1_567' title='bbox 2776 1002 3191 1075; x_wconf 89' lang='grc' dir='ltr'>μεταπεσούσης</span> <span class='ocrx_word' id='word_1_568' title='bbox 3236 1003 3337 1074; x_wconf 91' lang='grc' dir='ltr'>τῆς</span> <span class='ocrx_word' id='word_1_569' title='bbox 3370 1005 3667 1078; x_wconf 85' lang='grc' dir='ltr'>Ἰουδαϊκῆς</span> 
     </span>
    </p>
   </div>
   <div class='ocr_carea' id='block_1_77' title="bbox 2080 1076 3668 1161">
    <p class='ocr_par' dir='ltr' id='par_1_77' title="bbox 2080 1076 3668 1161">
     <span class='ocr_line' id='line_1_77' title="bbox 2080 1076 3668 1161; baseline 0.009 -32"><span class='ocrx_word' id='word_1_570' title='bbox 2080 1076 2175 1131; x_wconf 74' lang='grc' dir='ltr'>ἐπὶ</span> <span class='ocrx_word' id='word_1_571' title='bbox 2204 1078 2303 1148; x_wconf 85' lang='grc' dir='ltr'>τὴν</span> <span class='ocrx_word' id='word_1_572' title='bbox 2336 1079 2671 1152; x_wconf 85' lang='grc' dir='ltr'>Ῥωμαϊκήν.</span> <span class='ocrx_word' id='word_1_573' title='bbox 2699 1081 2949 1154; x_wconf 78' lang='grc' dir='ltr'>Εὖρομεν</span> <span class='ocrx_word' id='word_1_574' title='bbox 2972 1085 3030 1138; x_wconf 87' lang='grc' dir='ltr'>δὲ</span> <span class='ocrx_word' id='word_1_575' title='bbox 3059 1087 3153 1141; x_wconf 79' lang='grc' dir='ltr'>καὶ</span> <span class='ocrx_word' id='word_1_576' title='bbox 3177 1087 3266 1142; x_wconf 90' lang='grc' dir='ltr'>τὸν</span> <span class='ocrx_word' id='word_1_577' title='bbox 3298 1088 3512 1159; x_wconf 78' lang='grc' dir='ltr'>Βαροὺχ</span> <span class='ocrx_word' id='word_1_578' title='bbox 3539 1076 3668 1161; x_wconf 62' lang='grc' dir='ltr'>περί¹</span> 
     </span>
    </p>
   </div>
   <div class='ocr_carea' id='block_1_78' title="bbox 2076 1161 3668 1242">
    <p class='ocr_par' dir='ltr' id='par_1_78' title="bbox 2076 1161 3668 1242">
     <span class='ocr_line' id='line_1_78' title="bbox 2076 1161 3668 1242; baseline 0.011 -30"><span class='ocrx_word' id='word_1_579' title='bbox 2076 1161 2179 1231; x_wconf 83' lang='grc' dir='ltr'>τῆς</span> <span class='ocrx_word' id='word_1_580' title='bbox 2203 1162 2505 1234; x_wconf 87' lang='grc' dir='ltr'>παρουσίας</span> <span class='ocrx_word' id='word_1_581' title='bbox 2531 1164 2696 1218; x_wconf 84' lang='grc' dir='ltr'>αὐτοῦ</span> <span class='ocrx_word' id='word_1_582' title='bbox 2729 1164 2954 1234; x_wconf 87' lang='grc' dir='ltr'>λέγοντα</span> <span class='ocrx_word' id='word_1_583' title='bbox 2981 1168 3180 1234; x_wconf 80' lang='grc' dir='ltr'>οὕτως·</span> <span class='ocrx_word' id='word_1_584' title='bbox 3231 1172 3363 1225; x_wconf 77' lang='grc' dir='ltr'>Ἐπὶ</span> <span class='ocrx_word' id='word_1_585' title='bbox 3408 1170 3513 1241; x_wconf 82' lang='grc' dir='ltr'>τῆς</span> <span class='ocrx_word' id='word_1_586' title='bbox 3555 1171 3668 1242; x_wconf 71' lang='grc' dir='ltr'>γῆς</span> 
     </span>
    </p>
   </div>
   <div class='ocr_carea' id='block_1_79' title="bbox 2076 1242 3666 1325">
    <p class='ocr_par' dir='ltr' id='par_1_79' title="bbox 2076 1242 3666 1325">
     <span class='ocr_line' id='line_1_79' title="bbox 2076 1242 3666 1325; baseline 0.008 -29"><span class='ocrx_word' id='word_1_587' title='bbox 2076 1242 2265 1313; x_wconf 79' lang='grc' dir='ltr'>ὤφθη,</span> <span class='ocrx_word' id='word_1_588' title='bbox 2301 1246 2401 1300; x_wconf 80' lang='grc' dir='ltr'>καὶ</span> <span class='ocrx_word' id='word_1_589' title='bbox 2447 1246 2573 1315; x_wconf 89' lang='grc' dir='ltr'>τοῖς</span> <span class='ocrx_word' id='word_1_590' title='bbox 2601 1247 2934 1318; x_wconf 80' lang='grc' dir='ltr'>ἀνθρώποις</span> <span class='ocrx_word' id='word_1_591' title='bbox 2973 1254 3463 1325; x_wconf 74' lang='grc' dir='ltr'>συνανεστράφη.</span> <span class='ocrx_word' id='word_1_592' title='bbox 3501 1255 3666 1323; x_wconf 81' lang='grc' dir='ltr'>Λέγει</span> 
     </span>
    </p>
   </div>
   <div class='ocr_carea' id='block_1_80' title="bbox 2074 1326 3685 1408">
    <p class='ocr_par' dir='ltr' id='par_1_80' title="bbox 2074 1326 3685 1408">
     <span class='ocr_line' id='line_1_80' title="bbox 2074 1326 3685 1408; baseline 0.008 -28"><span class='ocrx_word' id='word_1_593' title='bbox 2074 1326 2132 1380; x_wconf 80' lang='grc' dir='ltr'>δὲ</span> <span class='ocrx_word' id='word_1_594' title='bbox 2156 1328 2252 1381; x_wconf 78' lang='grc' dir='ltr'>καὶ</span> <span class='ocrx_word' id='word_1_595' title='bbox 2279 1330 2308 1382; x_wconf 89' lang='lat'>6</span> <span class='ocrx_word' id='word_1_596' title='bbox 2334 1329 2594 1402; x_wconf 84' lang='grc' dir='ltr'>Μωῦσῆς,</span> <span class='ocrx_word' id='word_1_597' title='bbox 2628 1332 2950 1402; x_wconf 73' lang='grc' dir='ltr'>Προφήτην</span> <span class='ocrx_word' id='word_1_598' title='bbox 2972 1333 3118 1403; x_wconf 83' lang='grc' dir='ltr'>ὑμῖν</span> <span class='ocrx_word' id='word_1_599' title='bbox 3143 1333 3293 1408; x_wconf 81' lang='lat'>[569]</span> <span class='ocrx_word' id='word_1_600' title='bbox 3328 1336 3685 1404; x_wconf 84' lang='grc' dir='ltr'>ἀναστήσει</span> 
     </span>
    </p>
   </div>
   <div class='ocr_carea' id='block_1_81' title="bbox 2074 1411 3663 1490">
    <p class='ocr_par' dir='ltr' id='par_1_81' title="bbox 2074 1411 3663 1490">
     <span class='ocr_line' id='line_1_81' title="bbox 2074 1411 3663 1490; baseline 0.007 -26"><span class='ocrx_word' id='word_1_601' title='bbox 2074 1411 2292 1479; x_wconf 85' lang='grc' dir='ltr'>Κύριος</span> <span class='ocrx_word' id='word_1_602' title='bbox 2320 1415 2354 1467; x_wconf 82' lang='grc' dir='ltr'><em>ὁ</em></span> <span class='ocrx_word' id='word_1_603' title='bbox 2385 1412 2529 1480; x_wconf 90' lang='grc' dir='ltr'>Θεὸς</span> <span class='ocrx_word' id='word_1_604' title='bbox 2551 1415 2620 1469; x_wconf 79' lang='grc' dir='ltr'>ἐκ</span> <span class='ocrx_word' id='word_1_605' title='bbox 2647 1415 2768 1470; x_wconf 88' lang='grc' dir='ltr'>τῶν</span> <span class='ocrx_word' id='word_1_606' title='bbox 2785 1416 3062 1487; x_wconf 85' lang='grc' dir='ltr'>ἀδελφῶν</span> <span class='ocrx_word' id='word_1_607' title='bbox 3088 1418 3257 1488; x_wconf 82' lang='grc' dir='ltr'>ὑμῶν</span> <span class='ocrx_word' id='word_1_608' title='bbox 3279 1420 3357 1486; x_wconf 86' lang='grc' dir='ltr'>ὡς</span> <span class='ocrx_word' id='word_1_609' title='bbox 3385 1420 3489 1490; x_wconf 82' lang='grc' dir='ltr'>ἐμέ</span> <span class='ocrx_word' id='word_1_610' title='bbox 3508 1435 3523 1449; x_wconf 94' lang='grc'>·</span> <span class='ocrx_word' id='word_1_611' title='bbox 3553 1422 3663 1475; x_wconf 46' lang='lat' dir='ltr'>ab;</span> 
     </span>
    </p>
   </div>
   <div class='ocr_carea' id='block_1_82' title="bbox 2075 1495 3667 1568">
    <p class='ocr_par' dir='ltr' id='par_1_82' title="bbox 2075 1495 3667 1568">
     <span class='ocr_line' id='line_1_82' title="bbox 2075 1495 3667 1568; baseline 0.007 -20"><span class='ocrx_word' id='word_1_612' title='bbox 2075 1495 2184 1550; x_wconf 86' lang='grc' dir='ltr'>τοῦ</span> <span class='ocrx_word' id='word_1_613' title='bbox 2233 1496 2574 1555; x_wconf 83' lang='grc' dir='ltr'>ἀκούσεσθε</span> <span class='ocrx_word' id='word_1_614' title='bbox 2619 1499 2771 1554; x_wconf 85' lang='grc' dir='ltr'>κατὰ</span> <span class='ocrx_word' id='word_1_615' title='bbox 2826 1499 3045 1556; x_wconf 75' lang='grc' dir='ltr'>πάντα.</span> <span class='ocrx_word' id='word_1_616' title='bbox 3096 1503 3208 1556; x_wconf 79' lang='grc' dir='ltr'>Καὶ</span> <span class='ocrx_word' id='word_1_617' title='bbox 3251 1502 3445 1568; x_wconf 76' lang='grc' dir='ltr'>ἔσται,</span> <span class='ocrx_word' id='word_1_618' title='bbox 3496 1503 3667 1559; x_wconf 75' lang='grc' dir='ltr'>πᾶσα</span> 
     </span>
    </p>
   </div>
   <div class='ocr_carea' id='block_1_83' title="bbox 2074 1579 3664 1656">
    <p class='ocr_par' dir='ltr' id='par_1_83' title="bbox 2074 1579 3664 1656">
     <span class='ocr_line' id='line_1_83' title="bbox 2074 1579 3664 1656; baseline 0.005 -23"><span class='ocrx_word' id='word_1_619' title='bbox 2074 1579 2272 1649; x_wconf 73' lang='grc' dir='ltr'>ψυχὴ,</span> <span class='ocrx_word' id='word_1_620' title='bbox 2314 1580 2448 1649; x_wconf 78' lang='grc' dir='ltr'>ἥτις</span> <span class='ocrx_word' id='word_1_621' title='bbox 2479 1584 2591 1637; x_wconf 81' lang='grc' dir='ltr'>οὐκ</span> <span class='ocrx_word' id='word_1_622' title='bbox 2636 1583 2843 1640; x_wconf 86' lang='grc' dir='ltr'>ἀκούει</span> <span class='ocrx_word' id='word_1_623' title='bbox 2894 1586 3002 1640; x_wconf 87' lang='grc' dir='ltr'>τοῦ</span> <span class='ocrx_word' id='word_1_624' title='bbox 3046 1585 3359 1656; x_wconf 80' lang='grc' dir='ltr'>προφήτου</span> <span class='ocrx_word' id='word_1_625' title='bbox 3403 1586 3664 1651; x_wconf 81' lang='grc' dir='ltr'>ἐκείνου,</span> 
     </span>
    </p>
   </div>
   <div class='ocr_carea' id='block_1_84' title="bbox 2073 1661 3668 1742">
    <p class='ocr_par' dir='ltr' id='par_1_84' title="bbox 2073 1661 3668 1742">
     <span class='ocr_line' id='line_1_84' title="bbox 2073 1661 3668 1742; baseline 0.007 -27"><span class='ocrx_word' id='word_1_626' title='bbox 2073 1661 2649 1735; x_wconf 76' lang='grc' dir='ltr'>ἐξολοθρευθήσεται</span> <span class='ocrx_word' id='word_1_627' title='bbox 2676 1668 2746 1722; x_wconf 77' lang='grc' dir='ltr'>ἐκ</span> <span class='ocrx_word' id='word_1_628' title='bbox 2777 1668 2886 1723; x_wconf 86' lang='grc' dir='ltr'>τοῦ</span> <span class='ocrx_word' id='word_1_629' title='bbox 2901 1668 3058 1724; x_wconf 86' lang='grc' dir='ltr'>λαοῦ</span> <span class='ocrx_word' id='word_1_630' title='bbox 3078 1669 3289 1739; x_wconf 82' lang='grc' dir='ltr'>αὐτῆς.</span> <span class='ocrx_word' id='word_1_631' title='bbox 3320 1670 3484 1742; x_wconf 81' lang='grc' dir='ltr'>Ὁρᾷς</span> <span class='ocrx_word' id='word_1_632' title='bbox 3505 1669 3668 1726; x_wconf 85' lang='grc' dir='ltr'>τοῦτο</span> 
     </span>
    </p>
   </div>
   <div class='ocr_carea' id='block_1_85' title="bbox 2073 1746 3664 1827">
    <p class='ocr_par' dir='ltr' id='par_1_85' title="bbox 2073 1746 3664 1827">
     <span class='ocr_line' id='line_1_85' title="bbox 2073 1746 3664 1827; baseline 0.007 -29"><span class='ocrx_word' id='word_1_633' title='bbox 2073 1746 2161 1798; x_wconf 81' lang='grc' dir='ltr'>ἐπ’</span> <span class='ocrx_word' id='word_1_634' title='bbox 2190 1746 2403 1812; x_wconf 87' lang='grc' dir='ltr'>οὐδενὸς</span> <span class='ocrx_word' id='word_1_635' title='bbox 2426 1749 2713 1822; x_wconf 76' lang='grc' dir='ltr'>συμϐὰν,ἢ</span> <span class='ocrx_word' id='word_1_636' title='bbox 2744 1752 2832 1804; x_wconf 83' lang='grc' dir='ltr'>ἐπ’</span> <span class='ocrx_word' id='word_1_637' title='bbox 2849 1751 3014 1807; x_wconf 84' lang='grc' dir='ltr'>αὑτοῦ</span> <span class='ocrx_word' id='word_1_638' title='bbox 3039 1752 3200 1824; x_wconf 90' lang='grc' dir='ltr'>μόνου</span> <span class='ocrx_word' id='word_1_639' title='bbox 3220 1770 3236 1817; x_wconf 85' lang='lat'><strong>;</strong></span> <span class='ocrx_word' id='word_1_640' title='bbox 3260 1752 3369 1806; x_wconf 81' lang='lat' dir='ltr'>Kal</span> <span class='ocrx_word' id='word_1_641' title='bbox 3398 1753 3506 1827; x_wconf 84' lang='grc' dir='ltr'>γὰρ</span> <span class='ocrx_word' id='word_1_642' title='bbox 3535 1755 3664 1809; x_wconf 90' lang='grc' dir='ltr'>πολ-</span> 
     </span>
    </p>
   </div>
   <div class='ocr_carea' id='block_1_86' title="bbox 2073 1827 3658 1909">
    <p class='ocr_par' dir='ltr' id='par_1_86' title="bbox 2073 1827 3658 1909">
     <span class='ocr_line' id='line_1_86' title="bbox 2073 1827 3658 1909; baseline 0.007 -29"><span class='ocrx_word' id='word_1_643' title='bbox 2073 1827 2155 1881; x_wconf 74' lang='grc' dir='ltr'>λοὶ</span> <span class='ocrx_word' id='word_1_644' title='bbox 2185 1830 2464 1902; x_wconf 84' lang='grc' dir='ltr'>προφῆται</span> <span class='ocrx_word' id='word_1_645' title='bbox 2514 1832 2838 1907; x_wconf 79' lang='grc' dir='ltr'>ἀνέστησαν,</span> <span class='ocrx_word' id='word_1_646' title='bbox 2894 1835 2989 1890; x_wconf 76' lang='grc' dir='ltr'>καὶ</span> <span class='ocrx_word' id='word_1_647' title='bbox 3024 1837 3241 1891; x_wconf 87' lang='grc' dir='ltr'>πάντων</span> <span class='ocrx_word' id='word_1_648' title='bbox 3284 1838 3658 1909; x_wconf 87' lang='grc' dir='ltr'>παρήκουσαν,</span> 
     </span>
    </p>
   </div>
   <div class='ocr_carea' id='block_1_87' title="bbox 2073 1913 3663 1993">
    <p class='ocr_par' dir='ltr' id='par_1_87' title="bbox 2073 1913 3663 1993">
     <span class='ocr_line' id='line_1_87' title="bbox 2073 1913 3663 1993; baseline 0.006 -27"><span class='ocrx_word' id='word_1_649' title='bbox 2073 1913 2186 1967; x_wconf 88' lang='grc' dir='ltr'>ἀλλ’</span> <span class='ocrx_word' id='word_1_650' title='bbox 2231 1915 2383 1969; x_wconf 81' lang='grc' dir='ltr'>οὐδὲν</span> <span class='ocrx_word' id='word_1_651' title='bbox 2445 1915 2645 1972; x_wconf 76' lang='grc' dir='ltr'>ἔπαθον</span> <span class='ocrx_word' id='word_1_652' title='bbox 2665 1936 2680 1949; x_wconf 94' lang='grc'>·</span> <span class='ocrx_word' id='word_1_653' title='bbox 2745 1917 2938 1973; x_wconf 89' lang='grc' dir='ltr'>τούτου</span> <span class='ocrx_word' id='word_1_654' title='bbox 2992 1919 3049 1973; x_wconf 82' lang='grc' dir='ltr'>δὲ</span> <span class='ocrx_word' id='word_1_655' title='bbox 3109 1920 3559 1993; x_wconf 78' lang='grc' dir='ltr'>παρακούσαντες</span> <span class='ocrx_word' id='word_1_656' title='bbox 3613 1924 3663 1976; x_wconf 71' lang='lat' dir='ltr'>ot</span> 
     </span>
    </p>
   </div>
   <div class='ocr_carea' id='block_1_88' title="bbox 2087 1994 3664 2077">
    <p class='ocr_par' dir='ltr' id='par_1_88' title="bbox 2087 1994 3664 2077">
     <span class='ocr_line' id='line_1_88' title="bbox 2087 1994 3664 2077; baseline 0.006 -28"><span class='ocrx_word' id='word_1_657' title='bbox 2087 1994 2357 2064; x_wconf 81' lang='grc' dir='ltr'>Ἰουδαῖοι,</span> <span class='ocrx_word' id='word_1_658' title='bbox 2398 1998 2593 2071; x_wconf 86' lang='grc' dir='ltr'>ἀλῆται</span> <span class='ocrx_word' id='word_1_659' title='bbox 2641 2003 2737 2056; x_wconf 73' lang='grc' dir='ltr'>καὶ</span> <span class='ocrx_word' id='word_1_660' title='bbox 2769 2003 3039 2074; x_wconf 84' lang='grc' dir='ltr'>πλάνητες</span> <span class='ocrx_word' id='word_1_661' title='bbox 3057 2043 3072 2068; x_wconf 91' lang='grc'>,</span> <span class='ocrx_word' id='word_1_662' title='bbox 3115 2004 3350 2073; x_wconf 82' lang='grc' dir='ltr'>φυγάδες</span> <span class='ocrx_word' id='word_1_663' title='bbox 3392 2006 3488 2059; x_wconf 72' lang='grc' dir='ltr'>καὶ</span> <span class='ocrx_word' id='word_1_664' title='bbox 3535 2022 3664 2077; x_wconf 88' lang='grc' dir='ltr'>μετ-</span> 
     </span>
    </p>
   </div>
   <div class='ocr_carea' id='block_1_89' title="bbox 2074 2080 3664 2159">
    <p class='ocr_par' dir='ltr' id='par_1_89' title="bbox 2074 2080 3664 2159">
     <span class='ocr_line' id='line_1_89' title="bbox 2074 2080 3664 2159; baseline 0.007 -27"><span class='ocrx_word' id='word_1_665' title='bbox 2074 2080 2300 2136; x_wconf 88' lang='grc' dir='ltr'>ανάσται</span> <span class='ocrx_word' id='word_1_666' title='bbox 2316 2082 2697 2155; x_wconf 90' lang='grc' dir='ltr'>περιέρχονται</span> <span class='ocrx_word' id='word_1_667' title='bbox 2728 2085 3025 2156; x_wconf 89' lang='grc' dir='ltr'>πανταχοῦ.</span> <span class='ocrx_word' id='word_1_668' title='bbox 3062 2086 3203 2158; x_wconf 89' lang='grc' dir='ltr'>Ὅρα</span> <span class='ocrx_word' id='word_1_669' title='bbox 3227 2086 3354 2159; x_wconf 88' lang='grc' dir='ltr'>γάρ·</span> <span class='ocrx_word' id='word_1_670' title='bbox 3387 2087 3664 2154; x_wconf 87' lang='grc' dir='ltr'>πολιτείας</span> 
     </span>
    </p>
   </div>
   <div class='ocr_carea' id='block_1_90' title="bbox 2072 2162 3664 2243">
    <p class='ocr_par' dir='ltr' id='par_1_90' title="bbox 2072 2162 3664 2243">
     <span class='ocr_line' id='line_1_90' title="bbox 2072 2162 3664 2243; baseline 0.005 -27"><span class='ocrx_word' id='word_1_671' title='bbox 2072 2162 2528 2235; x_wconf 83' lang='grc' dir='ltr'>ἠλλοτριώθησαν,</span> <span class='ocrx_word' id='word_1_672' title='bbox 2552 2166 2690 2220; x_wconf 87' lang='grc' dir='ltr'>ἐθῶν</span> <span class='ocrx_word' id='word_1_673' title='bbox 2719 2168 2990 2240; x_wconf 85' lang='grc' dir='ltr'>πατρῴων</span> <span class='ocrx_word' id='word_1_674' title='bbox 3023 2170 3115 2223; x_wconf 79' lang='grc' dir='ltr'>καὶ</span> <span class='ocrx_word' id='word_1_675' title='bbox 3146 2170 3349 2240; x_wconf 88' lang='grc' dir='ltr'>νόμων,</span> <span class='ocrx_word' id='word_1_676' title='bbox 3381 2172 3439 2225; x_wconf 79' lang='grc' dir='ltr'>έν</span> <span class='ocrx_word' id='word_1_677' title='bbox 3468 2172 3664 2243; x_wconf 79' lang='grc' dir='ltr'>ἀτιμίᾳ</span> 
     </span>
    </p>
   </div>
   <div class='ocr_carea' id='block_1_91' title="bbox 2073 2246 3663 2325">
    <p class='ocr_par' dir='ltr' id='par_1_91' title="bbox 2073 2246 3663 2325">
     <span class='ocr_line' id='line_1_91' title="bbox 2073 2246 3663 2325; baseline 0.007 -27"><span class='ocrx_word' id='word_1_678' title='bbox 2073 2247 2167 2299; x_wconf 80' lang='grc' dir='ltr'>καὶ</span> <span class='ocrx_word' id='word_1_679' title='bbox 2212 2246 2442 2325; x_wconf 81' lang='grc' dir='ltr'>αἰσχύνῃ</span> <span class='ocrx_word' id='word_1_680' title='bbox 2491 2248 2584 2302; x_wconf 77' lang='grc' dir='ltr'>καὶ</span> <span class='ocrx_word' id='word_1_681' title='bbox 2632 2249 2853 2304; x_wconf 86' lang='grc' dir='ltr'>κολάσει</span> <span class='ocrx_word' id='word_1_682' title='bbox 2900 2252 2996 2305; x_wconf 74' lang='grc' dir='ltr'>καὶ</span> <span class='ocrx_word' id='word_1_683' title='bbox 3043 2253 3306 2325; x_wconf 77' lang='grc' dir='ltr'>τιμωρίᾳ.</span> <span class='ocrx_word' id='word_1_684' title='bbox 3348 2256 3416 2309; x_wconf 83' lang='grc' dir='ltr'><strong>Ἀ</strong></span> <span class='ocrx_word' id='word_1_685' title='bbox 3461 2254 3519 2308; x_wconf 86' lang='grc' dir='ltr'>δέ</span> <span class='ocrx_word' id='word_1_686' title='bbox 3569 2257 3663 2308; x_wconf 76' lang='grc' dir='ltr'>ἐπὶ</span> 
     </span>
    </p>
   </div>
   <div class='ocr_carea' id='block_1_92' title="bbox 2073 2324 3765 2402">
    <p class='ocr_par' dir='ltr' id='par_1_92' title="bbox 2073 2324 3765 2402">
     <span class='ocr_line' id='line_1_92' title="bbox 2073 2324 3765 2402; baseline 0.008 -22"><span class='ocrx_word' id='word_1_687' title='bbox 2073 2324 2485 2384; x_wconf 70' lang='grc' dir='ltr'>Οὐεσπασιανοῦ</span> <span class='ocrx_word' id='word_1_688' title='bbox 2532 2333 2628 2387; x_wconf 73' lang='grc' dir='ltr'>καὶ</span> <span class='ocrx_word' id='word_1_689' title='bbox 2675 2333 2835 2387; x_wconf 92' lang='grc' dir='ltr'>Τίτου</span> <span class='ocrx_word' id='word_1_690' title='bbox 2886 2324 3269 2402; x_wconf 76' lang='grc' dir='ltr'>πεπόνθασιν,</span> <span class='ocrx_word' id='word_1_691' title='bbox 3312 2337 3432 2392; x_wconf 82' lang='grc' dir='ltr'>οὐδὲ</span> <span class='ocrx_word' id='word_1_692' title='bbox 3487 2340 3663 2393; x_wconf 81' lang='grc' dir='ltr'>εἰπεῖν</span> <span class='ocrx_word' id='word_1_693' title='bbox 3748 2330 3765 2347; x_wconf 76' lang='grc'><em>“</em></span> 
     </span>
    </p>
   </div>
   <div class='ocr_carea' id='block_1_93' title="bbox 2070 2409 3663 2495">
    <p class='ocr_par' dir='ltr' id='par_1_93' title="bbox 2070 2409 3663 2495">
     <span class='ocr_line' id='line_1_93' title="bbox 2070 2409 3663 2495; baseline 0.009 -31"><span class='ocrx_word' id='word_1_694' title='bbox 2070 2409 2185 2495; x_wconf 73' lang='grc' dir='ltr'>ένι·</span> <span class='ocrx_word' id='word_1_695' title='bbox 2235 2412 2379 2467; x_wconf 80' lang='grc' dir='ltr'>οὕτω</span> <span class='ocrx_word' id='word_1_696' title='bbox 2439 2416 2617 2470; x_wconf 80' lang='grc' dir='ltr'>πᾶσαν</span> <span class='ocrx_word' id='word_1_697' title='bbox 2671 2416 2957 2490; x_wconf 82' lang='grc' dir='ltr'>συμφορὰν</span> <span class='ocrx_word' id='word_1_698' title='bbox 3008 2419 3252 2492; x_wconf 82' lang='grc' dir='ltr'>ὑπερέϐη</span> <span class='ocrx_word' id='word_1_699' title='bbox 3302 2423 3335 2493; x_wconf 90' lang='grc' dir='ltr'>ή</span> <span class='ocrx_word' id='word_1_700' title='bbox 3385 2424 3663 2495; x_wconf 86' lang='grc' dir='ltr'>τραγῳδία</span> 
     </span>
    </p>
   </div>
   <div class='ocr_carea' id='block_1_94' title="bbox 2071 2494 3662 2574">
    <p class='ocr_par' dir='ltr' id='par_1_94' title="bbox 2071 2494 3662 2574">
     <span class='ocr_line' id='line_1_94' title="bbox 2071 2494 3662 2574; baseline 0.009 -27"><span class='ocrx_word' id='word_1_701' title='bbox 2071 2494 2277 2568; x_wconf 85' lang='grc' dir='ltr'>ἐκείνη,</span> <span class='ocrx_word' id='word_1_702' title='bbox 2310 2496 2403 2551; x_wconf 81' lang='grc' dir='ltr'>καὶ</span> <span class='ocrx_word' id='word_1_703' title='bbox 2434 2499 2499 2552; x_wconf 92' lang='grc' dir='ltr'>τὸ</span> <span class='ocrx_word' id='word_1_704' title='bbox 2530 2500 2866 2571; x_wconf 82' lang='grc' dir='ltr'>προφητικὸν</span> <span class='ocrx_word' id='word_1_705' title='bbox 2908 2501 3240 2574; x_wconf 88' lang='grc' dir='ltr'>ἐπληροῦτο·</span> <span class='ocrx_word' id='word_1_706' title='bbox 3285 2505 3367 2559; x_wconf 83' lang='grc' dir='ltr'>ὅτι</span> <span class='ocrx_word' id='word_1_707' title='bbox 3413 2504 3557 2573; x_wconf 86' lang='grc' dir='ltr'>Πᾶς,</span> <span class='ocrx_word' id='word_1_708' title='bbox 3593 2505 3662 2574; x_wconf 77' lang='grc' dir='ltr'>ὃς</span> 
     </span>
    </p>
   </div>
   <div class='ocr_carea' id='block_1_95' title="bbox 2071 2576 3665 2657">
    <p class='ocr_par' dir='ltr' id='par_1_95' title="bbox 2071 2576 3665 2657">
     <span class='ocr_line' id='line_1_95' title="bbox 2071 2576 3665 2657; baseline 0.008 -25"><span class='ocrx_word' id='word_1_709' title='bbox 2071 2576 2149 2632; x_wconf 85' lang='grc' dir='ltr'>ἂν</span> <span class='ocrx_word' id='word_1_710' title='bbox 2161 2578 2249 2649; x_wconf 84' lang='grc' dir='ltr'>μὴ</span> <span class='ocrx_word' id='word_1_711' title='bbox 2279 2581 2516 2650; x_wconf 80' lang='grc' dir='ltr'>ἀκούσῃ</span> <span class='ocrx_word' id='word_1_712' title='bbox 2547 2583 2654 2637; x_wconf 85' lang='grc' dir='ltr'>τοῦ</span> <span class='ocrx_word' id='word_1_713' title='bbox 2691 2582 3002 2653; x_wconf 79' lang='grc' dir='ltr'>προφήτου</span> <span class='ocrx_word' id='word_1_714' title='bbox 3028 2586 3286 2653; x_wconf 79' lang='grc' dir='ltr'>ἐκείνου,</span> <span class='ocrx_word' id='word_1_715' title='bbox 3314 2587 3665 2657; x_wconf 84' lang='grc' dir='ltr'>ἐξολοθρευ-</span> 
     </span>
    </p>
   </div>
   <div class='ocr_carea' id='block_1_96' title="bbox 2070 2660 3661 2746">
    <p class='ocr_par' dir='ltr' id='par_1_96' title="bbox 2070 2660 3661 2746">
     <span class='ocr_line' id='line_1_96' title="bbox 2070 2660 3661 2746; baseline 0.008 -31"><span class='ocrx_word' id='word_1_716' title='bbox 2070 2660 2341 2746; x_wconf 71' lang='grc' dir='ltr'>θήσεται.</span> <span class='ocrx_word' id='word_1_717' title='bbox 2374 2663 2476 2718; x_wconf 87' lang='grc' dir='ltr'>Διά</span> <span class='ocrx_word' id='word_1_718' title='bbox 2500 2682 2583 2718; x_wconf 90' lang='grc' dir='ltr'>τοι</span> <span class='ocrx_word' id='word_1_719' title='bbox 2613 2665 2771 2720; x_wconf 83' lang='grc' dir='ltr'>τοῦτο</span> <span class='ocrx_word' id='word_1_720' title='bbox 2789 2666 2858 2720; x_wconf 86' lang='grc' dir='ltr'>τά</span> <span class='ocrx_word' id='word_1_721' title='bbox 2887 2668 3113 2724; x_wconf 89' lang='grc' dir='ltr'>ἐκείνων</span> <span class='ocrx_word' id='word_1_722' title='bbox 3136 2670 3447 2742; x_wconf 72' lang='grc' dir='ltr'>ἠρήμωται,</span> <span class='ocrx_word' id='word_1_723' title='bbox 3473 2673 3661 2746; x_wconf 80' lang='grc' dir='ltr'>ἐπειδὴ</span> 
     </span>
    </p>
   </div>
   <div class='ocr_carea' id='block_1_97' title="bbox 2069 2743 3660 2828">
    <p class='ocr_par' dir='ltr' id='par_1_97' title="bbox 2069 2743 3660 2828">
     <span class='ocr_line' id='line_1_97' title="bbox 2069 2743 3660 2828; baseline 0.009 -31"><span class='ocrx_word' id='word_1_724' title='bbox 2069 2743 2163 2798; x_wconf 90' lang='grc' dir='ltr'>τοῦ</span> <span class='ocrx_word' id='word_1_725' title='bbox 2207 2748 2489 2817; x_wconf 89' lang='grc' dir='ltr'>προφήτου</span> <span class='ocrx_word' id='word_1_726' title='bbox 2528 2750 2884 2821; x_wconf 87' lang='grc' dir='ltr'>παρήκουσαν</span> <span class='ocrx_word' id='word_1_727' title='bbox 2915 2752 3148 2808; x_wconf 87' lang='grc' dir='ltr'>ἐκείνου.</span> <span class='ocrx_word' id='word_1_728' title='bbox 3193 2755 3315 2808; x_wconf 86' lang='grc' dir='ltr'>Ὅτι</span> <span class='ocrx_word' id='word_1_729' title='bbox 3366 2743 3660 2828; x_wconf 83' lang='grc' dir='ltr'>ἀναστήσει</span> 
     </span>
    </p>
   </div>
   <div class='ocr_carea' id='block_1_98' title="bbox 2069 2828 3661 2906">
    <p class='ocr_par' dir='ltr' id='par_1_98' title="bbox 2069 2828 3661 2906">
     <span class='ocr_line' id='line_1_98' title="bbox 2069 2828 3661 2906; baseline 0.009 -24"><span class='ocrx_word' id='word_1_730' title='bbox 2069 2828 2300 2896; x_wconf 87' lang='grc' dir='ltr'>πάντας,</span> <span class='ocrx_word' id='word_1_731' title='bbox 2342 2831 2437 2884; x_wconf 78' lang='grc' dir='ltr'>καὶ</span> <span class='ocrx_word' id='word_1_732' title='bbox 2476 2832 2634 2886; x_wconf 88' lang='grc' dir='ltr'>τοῦτο</span> <span class='ocrx_word' id='word_1_733' title='bbox 2674 2833 2942 2906; x_wconf 80' lang='grc' dir='ltr'>ἐδήλωσεν</span> <span class='ocrx_word' id='word_1_734' title='bbox 2981 2836 3209 2902; x_wconf 76' lang='grc' dir='ltr'>Ἡσαΐας</span> <span class='ocrx_word' id='word_1_735' title='bbox 3246 2837 3415 2894; x_wconf 76' lang='grc' dir='ltr'>εἰπών</span> <span class='ocrx_word' id='word_1_736' title='bbox 3434 2857 3447 2871; x_wconf 92' lang='grc'>·</span> <span class='ocrx_word' id='word_1_737' title='bbox 3493 2841 3661 2896; x_wconf 86' lang='grc' dir='ltr'>Ἀνα-</span> 
     </span>
    </p>
   </div>
   <div class='ocr_carea' id='block_1_99' title="bbox 2069 2912 3665 2993">
    <p class='ocr_par' dir='ltr' id='par_1_99' title="bbox 2069 2912 3665 2993">
     <span class='ocr_line' id='line_1_99' title="bbox 2069 2912 3665 2993; baseline 0.005 -26"><span class='ocrx_word' id='word_1_738' title='bbox 2069 2912 2402 2983; x_wconf 89' lang='grc' dir='ltr'>στήσονται</span> <span class='ocrx_word' id='word_1_739' title='bbox 2425 2918 2479 2970; x_wconf 83' lang='grc' dir='ltr'>οί</span> <span class='ocrx_word' id='word_1_740' title='bbox 2520 2917 2723 2985; x_wconf 78' lang='grc' dir='ltr'>νεκροὶ</span> <span class='ocrx_word' id='word_1_741' title='bbox 2754 2918 2851 2971; x_wconf 78' lang='grc' dir='ltr'>καὶ</span> <span class='ocrx_word' id='word_1_742' title='bbox 2881 2919 3307 2989; x_wconf 75' lang='grc' dir='ltr'>ἐγερθήσονται</span> <span class='ocrx_word' id='word_1_743' title='bbox 3340 2925 3394 2977; x_wconf 89' lang='grc' dir='ltr'>οί</span> <span class='ocrx_word' id='word_1_744' title='bbox 3423 2923 3494 2977; x_wconf 80' lang='grc' dir='ltr'>ἐν</span> <span class='ocrx_word' id='word_1_745' title='bbox 3520 2913 3665 2993; x_wconf 70' lang='grc' dir='ltr'>’τοῖς</span> 
     </span>
    </p>
   </div>
   <div class='ocr_carea' id='block_1_100' title="bbox 2062 2995 3661 3075">
    <p class='ocr_par' dir='ltr' id='par_1_100' title="bbox 2062 2995 3661 3075">
     <span class='ocr_line' id='line_1_100' title="bbox 2062 2995 3661 3075; baseline 0.007 -27"><span class='ocrx_word' id='word_1_746' title='bbox 2062 2995 2396 3065; x_wconf 72' lang='grc' dir='ltr'>μνημείοις.</span> <span class='ocrx_word' id='word_1_747' title='bbox 2428 2997 2490 3053; x_wconf 87' lang='grc' dir='ltr'><strong><em>Ἠ</em></strong></span> <span class='ocrx_word' id='word_1_748' title='bbox 2514 2996 2624 3069; x_wconf 81' lang='grc' dir='ltr'>γὰρ</span> <span class='ocrx_word' id='word_1_749' title='bbox 2653 3000 2875 3069; x_wconf 79' lang='grc' dir='ltr'>δρόσος</span> <span class='ocrx_word' id='word_1_750' title='bbox 2898 3004 2937 3071; x_wconf 82' lang='grc' dir='ltr'><strong><em>ἠ</em></strong></span> <span class='ocrx_word' id='word_1_751' title='bbox 2967 3001 3127 3070; x_wconf 82' lang='grc' dir='ltr'>παρὰ</span> <span class='ocrx_word' id='word_1_752' title='bbox 3152 3003 3269 3058; x_wconf 89' lang='grc' dir='ltr'>σοῦ</span> <span class='ocrx_word' id='word_1_753' title='bbox 3297 3005 3439 3074; x_wconf 77' lang='grc' dir='ltr'>ἴαμα</span> <span class='ocrx_word' id='word_1_754' title='bbox 3455 3007 3661 3075; x_wconf 80' lang='grc' dir='ltr'>αὐτοῖς</span> 
     </span>
    </p>
   </div>
   <div class='ocr_carea' id='block_1_101' title="bbox 2066 3078 3659 3159">
    <p class='ocr_par' dir='ltr' id='par_1_101' title="bbox 2066 3078 3659 3159">
     <span class='ocr_line' id='line_1_101' title="bbox 2066 3078 3659 3159; baseline 0.009 -28"><span class='ocrx_word' id='word_1_755' title='bbox 2066 3078 2258 3135; x_wconf 84' lang='grc' dir='ltr'>ἐστιν.</span> <span class='ocrx_word' id='word_1_756' title='bbox 2300 3080 2375 3133; x_wconf 90' lang='lat' dir='ltr'><em>O6</em></span> <span class='ocrx_word' id='word_1_757' title='bbox 2407 3080 2568 3152; x_wconf 89' lang='grc' dir='ltr'>μόνον</span> <span class='ocrx_word' id='word_1_758' title='bbox 2605 3081 2660 3135; x_wconf 86' lang='grc' dir='ltr'>δὲ</span> <span class='ocrx_word' id='word_1_759' title='bbox 2712 3082 2907 3149; x_wconf 86' lang='grc' dir='ltr'>ταῦτα,</span> <span class='ocrx_word' id='word_1_760' title='bbox 2949 3085 3064 3139; x_wconf 87' lang='grc' dir='ltr'>ἀλλ’</span> <span class='ocrx_word' id='word_1_761' title='bbox 3113 3086 3196 3139; x_wconf 84' lang='grc' dir='ltr'>ὅτι</span> <span class='ocrx_word' id='word_1_762' title='bbox 3239 3088 3331 3141; x_wconf 71' lang='grc' dir='ltr'>καὶ</span> <span class='ocrx_word' id='word_1_763' title='bbox 3383 3090 3521 3159; x_wconf 89' lang='grc' dir='ltr'>μετά</span> <span class='ocrx_word' id='word_1_764' title='bbox 3567 3090 3659 3145; x_wconf 87' lang='grc' dir='ltr'>τὸν</span> 
     </span>
    </p>
   </div>
   <div class='ocr_carea' id='block_1_102' title="bbox 2069 3162 3659 3243">
    <p class='ocr_par' dir='ltr' id='par_1_102' title="bbox 2069 3162 3659 3243">
     <span class='ocr_line' id='line_1_102' title="bbox 2069 3162 3659 3243; baseline 0.009 -29"><span class='ocrx_word' id='word_1_765' title='bbox 2069 3162 2322 3233; x_wconf 90' lang='grc' dir='ltr'>σταυρὸν,</span> <span class='ocrx_word' id='word_1_766' title='bbox 2377 3165 2515 3234; x_wconf 80' lang='grc' dir='ltr'>μετὰ</span> <span class='ocrx_word' id='word_1_767' title='bbox 2574 3164 2674 3237; x_wconf 84' lang='grc' dir='ltr'>τὴν</span> <span class='ocrx_word' id='word_1_768' title='bbox 2724 3167 2940 3238; x_wconf 83' lang='grc' dir='ltr'>σφαγὴν</span> <span class='ocrx_word' id='word_1_769' title='bbox 2984 3168 3343 3243; x_wconf 87' lang='grc' dir='ltr'>λαμπρότερα</span> <span class='ocrx_word' id='word_1_770' title='bbox 3388 3173 3539 3226; x_wconf 76' lang='grc' dir='ltr'>ἔσται</span> <span class='ocrx_word' id='word_1_771' title='bbox 3593 3175 3659 3229; x_wconf 83' lang='grc' dir='ltr'>τὰ</span> 
     </span>
    </p>
   </div>
   <div class='ocr_carea' id='block_1_103' title="bbox 2067 3245 3663 3324">
    <p class='ocr_par' dir='ltr' id='par_1_103' title="bbox 2067 3245 3663 3324">
     <span class='ocr_line' id='line_1_103' title="bbox 2067 3245 3663 3324; baseline 0.009 -27"><span class='ocrx_word' id='word_1_772' title='bbox 2067 3245 2188 3298; x_wconf 87' lang='grc' dir='ltr'>κατ’</span> <span class='ocrx_word' id='word_1_773' title='bbox 2215 3245 2402 3315; x_wconf 84' lang='grc' dir='ltr'>αὐτὸν,</span> <span class='ocrx_word' id='word_1_774' title='bbox 2428 3247 2509 3302; x_wconf 84' lang='grc' dir='ltr'>ὅτι</span> <span class='ocrx_word' id='word_1_775' title='bbox 2549 3249 2686 3319; x_wconf 89' lang='grc' dir='ltr'>μετά</span> <span class='ocrx_word' id='word_1_776' title='bbox 2710 3250 2811 3321; x_wconf 87' lang='grc' dir='ltr'>τὴν</span> <span class='ocrx_word' id='word_1_777' title='bbox 2848 3250 3144 3306; x_wconf 86' lang='grc' dir='ltr'>ἀνάστασιν</span> <span class='ocrx_word' id='word_1_778' title='bbox 3175 3253 3374 3324; x_wconf 83' lang='grc' dir='ltr'>μᾶλλον</span> <span class='ocrx_word' id='word_1_779' title='bbox 3403 3254 3663 3312; x_wconf 80' lang='grc' dir='ltr'>ἐπιδώσει</span> 
     </span>
    </p>
   </div>
   <div class='ocr_carea' id='block_1_104' title="bbox 2065 3329 3659 3414">
    <p class='ocr_par' dir='ltr' id='par_1_104' title="bbox 2065 3329 3659 3414">
     <span class='ocr_line' id='line_1_104' title="bbox 2065 3329 3659 3414; baseline 0.008 -32"><span class='ocrx_word' id='word_1_780' title='bbox 2065 3329 2434 3414; x_wconf 30' lang='grc' dir='ltr'>τὸΑκήρυγμα.</span> <span class='ocrx_word' id='word_1_781' title='bbox 2468 3332 2687 3405; x_wconf 85' lang='grc' dir='ltr'>Ἐπειδὴ</span> <span class='ocrx_word' id='word_1_782' title='bbox 2717 3333 2827 3406; x_wconf 87' lang='grc' dir='ltr'>γάρ</span> <span class='ocrx_word' id='word_1_783' title='bbox 2849 3334 3026 3407; x_wconf 86' lang='grc' dir='ltr'>ἐδέθη,</span> <span class='ocrx_word' id='word_1_784' title='bbox 3055 3336 3318 3409; x_wconf 88' lang='grc' dir='ltr'>προεδόθη</span> <span class='ocrx_word' id='word_1_785' title='bbox 3350 3339 3455 3392; x_wconf 82' lang='grc' dir='ltr'>ὑπὸ</span> <span class='ocrx_word' id='word_1_786' title='bbox 3483 3341 3659 3414; x_wconf 84' lang='grc' dir='ltr'>μαθη-</span> 
     </span>
    </p>
   </div>
   <div class='ocr_carea' id='block_1_105' title="bbox 2065 3411 3658 3493">
    <p class='ocr_par' dir='ltr' id='par_1_105' title="bbox 2065 3411 3658 3493">
     <span class='ocr_line' id='line_1_105' title="bbox 2065 3411 3658 3493; baseline 0.008 -27"><span class='ocrx_word' id='word_1_787' title='bbox 2065 3411 2181 3478; x_wconf 89' lang='grc' dir='ltr'>τοῦ,</span> <span class='ocrx_word' id='word_1_788' title='bbox 2240 3414 2566 3488; x_wconf 82' lang='grc' dir='ltr'>ἐνεπτύσθη,</span> <span class='ocrx_word' id='word_1_789' title='bbox 2612 3416 2950 3490; x_wconf 83' lang='grc' dir='ltr'>ἐλοιδορήθη,</span> <span class='ocrx_word' id='word_1_790' title='bbox 3002 3419 3379 3493; x_wconf 86' lang='grc' dir='ltr'>ἐμαστιγώθη,</span> <span class='ocrx_word' id='word_1_791' title='bbox 3433 3411 3658 3479; x_wconf 80' lang='grc' dir='ltr'>ἀνεσκο-</span> 
     </span>
    </p>
   </div>
   <div class='ocr_carea' id='block_1_106' title="bbox 2066 3494 3653 3580">
    <p class='ocr_par' dir='ltr' id='par_1_106' title="bbox 2066 3494 3653 3580">
     <span class='ocr_line' id='line_1_106' title="bbox 2066 3494 3653 3580; baseline 0.008 -32"><span class='ocrx_word' id='word_1_792' title='bbox 2066 3494 2319 3569; x_wconf 89' lang='grc' dir='ltr'>λοπίσθη,</span> <span class='ocrx_word' id='word_1_793' title='bbox 2361 3498 2470 3551; x_wconf 82' lang='grc' dir='ltr'>οὐδ’</span> <span class='ocrx_word' id='word_1_794' title='bbox 2520 3500 2601 3563; x_wconf 85' lang='grc' dir='ltr'>είς</span> <span class='ocrx_word' id='word_1_795' title='bbox 2638 3499 2830 3569; x_wconf 84' lang='grc' dir='ltr'>τάφον,</span> <span class='ocrx_word' id='word_1_796' title='bbox 2872 3502 2934 3554; x_wconf 87' lang='grc' dir='ltr'>τό</span> <span class='ocrx_word' id='word_1_797' title='bbox 2981 3519 3046 3571; x_wconf 90' lang='grc' dir='ltr'>γε</span> <span class='ocrx_word' id='word_1_798' title='bbox 3084 3504 3165 3568; x_wconf 87' lang='grc' dir='ltr'>είς</span> <span class='ocrx_word' id='word_1_799' title='bbox 3208 3505 3449 3571; x_wconf 80' lang='grc' dir='ltr'>ἐκείνους</span> <span class='ocrx_word' id='word_1_800' title='bbox 3495 3505 3653 3580; x_wconf 79' lang='grc' dir='ltr'>ἧκον,</span> 
     </span>
    </p>
   </div>
   <div class='ocr_carea' id='block_1_107' title="bbox 2066 3579 3659 3663">
    <p class='ocr_par' dir='ltr' id='par_1_107' title="bbox 2066 3579 3659 3663">
     <span class='ocr_line' id='line_1_107' title="bbox 2066 3579 3659 3663; baseline 0.01 -30"><span class='ocrx_word' id='word_1_801' title='bbox 2066 3579 2273 3652; x_wconf 77' lang='grc' dir='ltr'>ἠξιώθη</span> <span class='ocrx_word' id='word_1_802' title='bbox 2314 3581 2558 3653; x_wconf 89' lang='grc' dir='ltr'>τεθῆναι,</span> <span class='ocrx_word' id='word_1_803' title='bbox 2603 3584 2672 3638; x_wconf 85' lang='grc' dir='ltr'>τά</span> <span class='ocrx_word' id='word_1_804' title='bbox 2729 3584 2921 3657; x_wconf 76' lang='grc' dir='ltr'>ἱμάτια</span> <span class='ocrx_word' id='word_1_805' title='bbox 2962 3586 3132 3641; x_wconf 85' lang='grc' dir='ltr'>αὐτοῦ</span> <span class='ocrx_word' id='word_1_806' title='bbox 3182 3579 3558 3663; x_wconf 81' lang='grc' dir='ltr'>διεμερίσαντο</span> <span class='ocrx_word' id='word_1_807' title='bbox 3603 3597 3659 3650; x_wconf 86' lang='grc' dir='ltr'>οί</span> 
     </span>
    </p>
   </div>
   <div class='ocr_carea' id='block_1_108' title="bbox 2069 3665 3660 3746">
    <p class='ocr_par' dir='ltr' id='par_1_108' title="bbox 2069 3665 3660 3746">
     <span class='ocr_line' id='line_1_108' title="bbox 2069 3665 3660 3746; baseline 0.01 -30"><span class='ocrx_word' id='word_1_808' title='bbox 2069 3665 2422 3737; x_wconf 90' lang='grc' dir='ltr'>στρατιῶται,</span> <span class='ocrx_word' id='word_1_809' title='bbox 2469 3667 2564 3721; x_wconf 66' lang='grc' dir='ltr'>ἐπὶ¹</span> <span class='ocrx_word' id='word_1_810' title='bbox 2604 3668 2809 3742; x_wconf 72' lang='grc' dir='ltr'>ὑποψίᾳ</span> <span class='ocrx_word' id='word_1_811' title='bbox 2841 3672 3152 3744; x_wconf 85' lang='grc' dir='ltr'>τυραννίδος</span> <span class='ocrx_word' id='word_1_812' title='bbox 3179 3673 3269 3728; x_wconf 88' lang='grc' dir='ltr'>τὸν</span> <span class='ocrx_word' id='word_1_813' title='bbox 3296 3674 3410 3746; x_wconf 80' lang='grc' dir='ltr'>βίον</span> <span class='ocrx_word' id='word_1_814' title='bbox 3437 3677 3660 3732; x_wconf 88' lang='grc' dir='ltr'>κατέλυ-</span> 
     </span>
    </p>
   </div>
   <div class='ocr_carea' id='block_1_109' title="bbox 2069 3749 3658 3829">
    <p class='ocr_par' dir='ltr' id='par_1_109' title="bbox 2069 3749 3658 3829">
     <span class='ocr_line' id='line_1_109' title="bbox 2069 3749 3658 3829; baseline 0.011 -28"><span class='ocrx_word' id='word_1_815' title='bbox 2069 3765 2181 3815; x_wconf 89' lang='grc' dir='ltr'>σεν,</span> <span class='ocrx_word' id='word_1_816' title='bbox 2215 3750 2291 3813; x_wconf 84' lang='grc' dir='ltr'>ὡς</span> <span class='ocrx_word' id='word_1_817' title='bbox 2321 3749 2659 3824; x_wconf 82' lang='grc' dir='ltr'>βλάσφημος,</span> <span class='ocrx_word' id='word_1_818' title='bbox 2689 3754 2764 3818; x_wconf 85' lang='grc' dir='ltr'>ὡς</span> <span class='ocrx_word' id='word_1_819' title='bbox 2787 3754 3050 3827; x_wconf 88' lang='grc' dir='ltr'>τύραννος</span> <span class='ocrx_word' id='word_1_820' title='bbox 3071 3771 3084 3787; x_wconf 88' lang='grc'>·</span> <span class='ocrx_word' id='word_1_821' title='bbox 3112 3757 3238 3825; x_wconf 86' lang='grc' dir='ltr'>Πᾶς</span> <span class='ocrx_word' id='word_1_822' title='bbox 3264 3758 3376 3829; x_wconf 76' lang='grc' dir='ltr'>γὰρ</span> <span class='ocrx_word' id='word_1_823' title='bbox 3407 3765 3441 3816; x_wconf 81' lang='grc' dir='ltr'><em>ὁ</em></span> <span class='ocrx_word' id='word_1_824' title='bbox 3470 3762 3658 3818; x_wconf 77' lang='grc' dir='ltr'>ποιῶν</span> 
     </span>
    </p>
   </div>
   <div class='ocr_carea' id='block_1_110' title="bbox 2067 3834 3655 3916">
    <p class='ocr_par' dir='ltr' id='par_1_110' title="bbox 2067 3834 3655 3916">
     <span class='ocr_line' id='line_1_110' title="bbox 2067 3834 3655 3916; baseline 0.008 -29"><span class='ocrx_word' id='word_1_825' title='bbox 2067 3834 2308 3900; x_wconf 83' lang='grc' dir='ltr'>ἑαυτὸν,</span> <span class='ocrx_word' id='word_1_826' title='bbox 2356 3836 2511 3906; x_wconf 78' lang='grc' dir='ltr'>φησὶ,</span> <span class='ocrx_word' id='word_1_827' title='bbox 2550 3837 2847 3904; x_wconf 75' lang='grc' dir='ltr'>βασιλέα,</span> <span class='ocrx_word' id='word_1_828' title='bbox 2903 3840 3198 3911; x_wconf 64' lang='grc' dir='ltr'>ἀντιλέγει</span> <span class='ocrx_word' id='word_1_829' title='bbox 3244 3842 3326 3908; x_wconf 86' lang='grc' dir='ltr'>τῷ</span> <span class='ocrx_word' id='word_1_830' title='bbox 3366 3846 3655 3916; x_wconf 85' lang='grc' dir='ltr'>Καίσαρι·</span> 
     </span>
    </p>
   </div>
   <div class='ocr_carea' id='block_1_111' title="bbox 2068 3918 3671 3999">
    <p class='ocr_par' dir='ltr' id='par_1_111' title="bbox 2068 3918 3671 3999">
     <span class='ocr_line' id='line_1_111' title="bbox 2068 3918 3671 3999; baseline 0.01 -28"><span class='ocrx_word' id='word_1_831' title='bbox 2068 3918 2163 3972; x_wconf 77' lang='grc' dir='ltr'>καὶ</span> <span class='ocrx_word' id='word_1_832' title='bbox 2196 3918 2378 3986; x_wconf 89' lang='grc' dir='ltr'>πάλιν,</span> <span class='ocrx_word' id='word_1_833' title='bbox 2414 3920 2547 3983; x_wconf 84' lang='grc' dir='ltr'>Ἴδε,</span> <span class='ocrx_word' id='word_1_834' title='bbox 2574 3921 2744 3990; x_wconf 83' lang='grc' dir='ltr'>ὑμεῖς</span> <span class='ocrx_word' id='word_1_835' title='bbox 2775 3922 3081 3989; x_wconf 78' lang='grc' dir='ltr'>ἠκούσατε</span> <span class='ocrx_word' id='word_1_836' title='bbox 3114 3924 3229 3995; x_wconf 79' lang='grc' dir='ltr'>τὴν</span> <span class='ocrx_word' id='word_1_837' title='bbox 3250 3927 3671 3999; x_wconf 69' lang='grc' dir='ltr'>,ϐλασφημίαν</span> 
     </span>
    </p>
   </div>
   <div class='ocr_carea' id='block_1_112' title="bbox 2067 4000 3679 4082">
    <p class='ocr_par' dir='ltr' id='par_1_112' title="bbox 2067 4000 3679 4082">
     <span class='ocr_line' id='line_1_112' title="bbox 2067 4000 3679 4082; baseline 0.01 -29"><span class='ocrx_word' id='word_1_838' title='bbox 2067 4000 2255 4082; x_wconf 83' lang='grc' dir='ltr'>αὐτοῦ</span> <span class='ocrx_word' id='word_1_839' title='bbox 2274 4019 2288 4033; x_wconf 96' lang='grc'>·</span> <span class='ocrx_word' id='word_1_840' title='bbox 2329 4002 2453 4055; x_wconf 78' lang='grc' dir='ltr'>ἐπεὶ</span> <span class='ocrx_word' id='word_1_841' title='bbox 2480 4002 2656 4056; x_wconf 89' lang='grc' dir='ltr'>τοίνυν</span> <span class='ocrx_word' id='word_1_842' title='bbox 2682 4003 2856 4057; x_wconf 85' lang='grc' dir='ltr'>ταῦτα</span> <span class='ocrx_word' id='word_1_843' title='bbox 2889 4006 3067 4062; x_wconf 89' lang='grc' dir='ltr'>πάντα</span> <span class='ocrx_word' id='word_1_844' title='bbox 3095 4007 3287 4079; x_wconf 77' lang='grc' dir='ltr'>ἔμελλε</span> <span class='ocrx_word' id='word_1_845' title='bbox 3312 4012 3679 4082; x_wconf 59' lang='grc' dir='ltr'>συμϐαίνεινν</span> 
     </span>
    </p>
   </div>
   <div class='ocr_carea' id='block_1_113' title="bbox 2067 4080 3663 4164">
    <p class='ocr_par' dir='ltr' id='par_1_113' title="bbox 2067 4080 3663 4164">
     <span class='ocr_line' id='line_1_113' title="bbox 2067 4080 3663 4164; baseline 0.011 -30"><span class='ocrx_word' id='word_1_846' title='bbox 2067 4080 2347 4155; x_wconf 88' lang='grc' dir='ltr'>διεγείρων</span> <span class='ocrx_word' id='word_1_847' title='bbox 2372 4083 2462 4137; x_wconf 90' lang='grc' dir='ltr'>τὸν</span> <span class='ocrx_word' id='word_1_848' title='bbox 2490 4082 2767 4158; x_wconf 84' lang='grc' dir='ltr'>ἀκροατὴν</span> <span class='ocrx_word' id='word_1_849' title='bbox 2799 4088 2894 4141; x_wconf 73' lang='grc' dir='ltr'>καὶ</span> <span class='ocrx_word' id='word_1_850' title='bbox 2927 4087 3150 4161; x_wconf 75' lang='grc' dir='ltr'>θαρρεῖν</span> <span class='ocrx_word' id='word_1_851' title='bbox 3193 4080 3663 4164; x_wconf 73' lang='grc' dir='ltr'>παρασκευάζων,⁶</span> 
     </span>
    </p>
   </div>
   <div class='ocr_carea' id='block_1_114' title="bbox 2072 4165 3654 4251">
    <p class='ocr_par' dir='ltr' id='par_1_114' title="bbox 2072 4165 3654 4251">
     <span class='ocr_line' id='line_1_114' title="bbox 2072 4165 3654 4251; baseline 0.006 -29"><span class='ocrx_word' id='word_1_852' title='bbox 2072 4165 2148 4251; x_wconf 68' lang='grc' dir='ltr'>μή</span> <span class='ocrx_word' id='word_1_853' title='bbox 2177 4166 2441 4239; x_wconf 78' lang='grc' dir='ltr'>φοϐηθῇς,</span> <span class='ocrx_word' id='word_1_854' title='bbox 2477 4169 2628 4240; x_wconf 78' lang='grc' dir='ltr'>φησὶ,</span> <span class='ocrx_word' id='word_1_855' title='bbox 2662 4169 2866 4225; x_wconf 90' lang='grc' dir='ltr'>τούτων</span> <span class='ocrx_word' id='word_1_856' title='bbox 2906 4171 3099 4227; x_wconf 74' lang='grc' dir='ltr'>ἕνεκα·</span> <span class='ocrx_word' id='word_1_857' title='bbox 3140 4173 3235 4228; x_wconf 92' lang='grc' dir='ltr'>τοῦ</span> <span class='ocrx_word' id='word_1_858' title='bbox 3270 4175 3378 4246; x_wconf 91' lang='grc' dir='ltr'>γάρ</span> <span class='ocrx_word' id='word_1_859' title='bbox 3411 4194 3654 4251; x_wconf 90' lang='grc' dir='ltr'>σταυρω-</span> 
     </span>
    </p>
   </div>
   <div class='ocr_carea' id='block_1_115' title="bbox 2070 4249 3656 4335">
    <p class='ocr_par' dir='ltr' id='par_1_115' title="bbox 2070 4249 3656 4335">
     <span class='ocr_line' id='line_1_115' title="bbox 2070 4249 3656 4335; baseline 0.009 -33"><span class='ocrx_word' id='word_1_860' title='bbox 2070 4249 2273 4335; x_wconf 84' lang='grc' dir='ltr'>θέντος,</span> <span class='ocrx_word' id='word_1_861' title='bbox 2301 4251 2394 4335; x_wconf 74' lang='grc' dir='ltr'>τοῦ</span> <span class='ocrx_word' id='word_1_862' title='bbox 2428 4253 2881 4323; x_wconf 85' lang='grc' dir='ltr'>μαστιγωθέντος,</span> <span class='ocrx_word' id='word_1_863' title='bbox 2914 4255 3009 4310; x_wconf 89' lang='grc' dir='ltr'>τοῦ</span> <span class='ocrx_word' id='word_1_864' title='bbox 3038 4257 3142 4310; x_wconf 81' lang='grc' dir='ltr'>ὑπὸ</span> <span class='ocrx_word' id='word_1_865' title='bbox 3179 4257 3390 4332; x_wconf 79' lang='grc' dir='ltr'>λῃστῶν</span> <span class='ocrx_word' id='word_1_866' title='bbox 3420 4249 3656 4335; x_wconf 66' lang='grc' dir='ltr'>λοιδόρη-</span> 
     </span>
    </p>
   </div>
   <div class='ocr_carea' id='block_1_116' title="bbox 2067 4332 3652 4414">
    <p class='ocr_par' dir='ltr' id='par_1_116' title="bbox 2067 4332 3652 4414">
     <span class='ocr_line' id='line_1_116' title="bbox 2067 4332 3652 4414; baseline 0.009 -29"><span class='ocrx_word' id='word_1_867' title='bbox 2067 4332 2271 4398; x_wconf 87' lang='grc' dir='ltr'>θέντος,</span> <span class='ocrx_word' id='word_1_868' title='bbox 2302 4332 2397 4386; x_wconf 88' lang='grc' dir='ltr'>τοῦ</span> <span class='ocrx_word' id='word_1_869' title='bbox 2435 4335 2527 4387; x_wconf 76' lang='grc' dir='ltr'>ἐπὶ</span> <span class='ocrx_word' id='word_1_870' title='bbox 2565 4335 2834 4408; x_wconf 80' lang='grc' dir='ltr'>ὑπολήψει</span> <span class='ocrx_word' id='word_1_871' title='bbox 2886 4339 3238 4411; x_wconf 87' lang='grc' dir='ltr'>βλασφημίας</span> <span class='ocrx_word' id='word_1_872' title='bbox 3274 4332 3652 4414; x_wconf 75' lang='grc' dir='ltr'>ἀναιρεθέντος</span> 
     </span>
    </p>
   </div>
   <div class='ocr_carea' id='block_1_117' title="bbox 2064 4414 3651 4501">
    <p class='ocr_par' dir='ltr' id='par_1_117' title="bbox 2064 4414 3651 4501">
     <span class='ocr_line' id='line_1_117' title="bbox 2064 4414 3651 4501; baseline 0.01 -33"><span class='ocrx_word' id='word_1_873' title='bbox 2064 4414 2289 4501; x_wconf 86' lang='grc' dir='ltr'>τοιαῦτα</span> <span class='ocrx_word' id='word_1_874' title='bbox 2319 4415 2470 4470; x_wconf 78' lang='grc' dir='ltr'>ἔσται</span> <span class='ocrx_word' id='word_1_875' title='bbox 2495 4415 2563 4470; x_wconf 85' lang='grc' dir='ltr'>τὰ</span> <span class='ocrx_word' id='word_1_876' title='bbox 2591 4418 2893 4490; x_wconf 80' lang='grc' dir='ltr'>πράγματα</span> <span class='ocrx_word' id='word_1_877' title='bbox 2924 4423 3063 4493; x_wconf 88' lang='grc' dir='ltr'>μετά</span> <span class='ocrx_word' id='word_1_878' title='bbox 3085 4423 3183 4497; x_wconf 82' lang='grc' dir='ltr'>τήν</span> <span class='ocrx_word' id='word_1_879' title='bbox 3210 4424 3485 4499; x_wconf 82' lang='grc' dir='ltr'>τελευτὴν,</span> <span class='ocrx_word' id='word_1_880' title='bbox 3513 4430 3651 4501; x_wconf 86' lang='grc' dir='ltr'>μετά</span> 
     </span>
    </p>
   </div>
   <div class='ocr_carea' id='block_1_118' title="bbox 2065 4499 3653 4586">
    <p class='ocr_par' dir='ltr' id='par_1_118' title="bbox 2065 4499 3653 4586">
     <span class='ocr_line' id='line_1_118' title="bbox 2065 4499 3653 4586; baseline 0.011 -35"><span class='ocrx_word' id='word_1_881' title='bbox 2065 4499 2162 4586; x_wconf 80' lang='grc' dir='ltr'>τὴν</span> <span class='ocrx_word' id='word_1_882' title='bbox 2186 4500 2502 4586; x_wconf 80' lang='grc' dir='ltr'>ἀνάστασιν,</span> <span class='ocrx_word' id='word_1_883' title='bbox 2531 4502 2607 4567; x_wconf 85' lang='grc' dir='ltr'>ὡς</span> <span class='ocrx_word' id='word_1_884' title='bbox 2648 4504 2853 4575; x_wconf 87' lang='grc' dir='ltr'>μηδένα</span> <span class='ocrx_word' id='word_1_885' title='bbox 2895 4507 3195 4574; x_wconf 78' lang='grc' dir='ltr'>ἀντειπεῖν,</span> <span class='ocrx_word' id='word_1_886' title='bbox 3235 4511 3315 4567; x_wconf 78' lang='grc' dir='ltr'>ὅτι</span> <span class='ocrx_word' id='word_1_887' title='bbox 3356 4511 3417 4565; x_wconf 84' lang='grc' dir='ltr'>οὐ</span> <span class='ocrx_word' id='word_1_888' title='bbox 3449 4499 3653 4586; x_wconf 84' lang='grc' dir='ltr'>πολλῆς</span> 
     </span>
    </p>
   </div>
   <div class='ocr_carea' id='block_1_119' title="bbox 2065 4584 3645 4667">
    <p class='ocr_par' dir='ltr' id='par_1_119' title="bbox 2065 4584 3645 4667">
     <span class='ocr_line' id='line_1_119' title="bbox 2065 4584 3645 4667; baseline 0.011 -30"><span class='ocrx_word' id='word_1_889' title='bbox 2065 4584 2446 4656; x_wconf 88' lang='grc' dir='ltr'>ἐμπέπλησται</span> <span class='ocrx_word' id='word_1_890' title='bbox 2483 4587 2582 4659; x_wconf 85' lang='grc' dir='ltr'>τῆς</span> <span class='ocrx_word' id='word_1_891' title='bbox 2627 4590 2813 4660; x_wconf 89' lang='grc' dir='ltr'>τιμῆς.</span> <span class='ocrx_word' id='word_1_892' title='bbox 2860 4590 3032 4647; x_wconf 87' lang='grc' dir='ltr'>Τοῦτο</span> <span class='ocrx_word' id='word_1_893' title='bbox 3089 4595 3222 4663; x_wconf 81' lang='grc' dir='ltr'>γοῦν</span> <span class='ocrx_word' id='word_1_894' title='bbox 3270 4597 3383 4652; x_wconf 75' lang='grc' dir='ltr'>καὶ·</span> <span class='ocrx_word' id='word_1_895' title='bbox 3409 4584 3645 4667; x_wconf 80' lang='grc' dir='ltr'>ἐγένετο.</span> 
     </span>
    </p>
   </div>
   <div class='ocr_carea' id='block_1_120' title="bbox 2067 4669 3649 4752">
    <p class='ocr_par' dir='ltr' id='par_1_120' title="bbox 2067 4669 3649 4752">
     <span class='ocr_line' id='line_1_120' title="bbox 2067 4669 3649 4752; baseline 0.029 -52"><span class='ocrx_word' id='word_1_896' title='bbox 2289 4669 2354 4740; x_wconf 72' lang='grc' dir='ltr'>δὴ</span> <span class='ocrx_word' id='word_1_897' title='bbox 2396 4669 2493 4724; x_wconf 74' lang='grc' dir='ltr'>καὶ</span> <span class='ocrx_word' id='word_1_898' title='bbox 2535 4671 2818 4752; x_wconf 67' lang='grc' dir='ltr'>πόρρωθεν</span> <span class='ocrx_word' id='word_1_899' title='bbox 2860 4679 3265 4748; x_wconf 85' lang='grc' dir='ltr'>προαναφωνῶν</span> <span class='ocrx_word' id='word_1_900' title='bbox 3302 4682 3331 4733; x_wconf 92' lang='lat'>6</span> <span class='ocrx_word' id='word_1_901' title='bbox 3364 4682 3649 4752; x_wconf 81' lang='grc' dir='ltr'>προφήτης</span> 
     </span>
    </p>
   </div>
   <div class='ocr_carea' id='block_1_121' title="bbox 2064 4749 3647 4825">
    <p class='ocr_par' dir='ltr' id='par_1_121' title="bbox 2064 4749 3647 4825">
     <span class='ocr_line' id='line_1_121' title="bbox 2064 4749 3647 4825; baseline 0.009 -21"><span class='ocrx_word' id='word_1_902' title='bbox 2064 4749 2276 4821; x_wconf 76' lang='grc' dir='ltr'>ἔλεγεν·</span> <span class='ocrx_word' id='word_1_903' title='bbox 2311 4754 2524 4809; x_wconf 85' lang='grc' dir='ltr'>Ἔσται</span> <span class='ocrx_word' id='word_1_904' title='bbox 2567 4755 2605 4822; x_wconf 86' lang='grc' dir='ltr'>ή</span> <span class='ocrx_word' id='word_1_905' title='bbox 2628 4751 2761 4823; x_wconf 77' lang='grc' dir='ltr'>ρίζα</span> <span class='ocrx_word' id='word_1_906' title='bbox 2785 4757 2891 4812; x_wconf 90' lang='grc' dir='ltr'>τοῦ</span> <span class='ocrx_word' id='word_1_907' title='bbox 2918 4760 3161 4825; x_wconf 80' lang='grc' dir='ltr'>Ἰεσσαὶ,</span> <span class='ocrx_word' id='word_1_908' title='bbox 3200 4761 3299 4816; x_wconf 81' lang='grc' dir='ltr'>καὶ</span> <span class='ocrx_word' id='word_1_909' title='bbox 3329 4764 3363 4816; x_wconf 84' lang='grc' dir='ltr'><em>ὁ</em></span> <span class='ocrx_word' id='word_1_910' title='bbox 3398 4749 3647 4817; x_wconf 74' lang='grc' dir='ltr'>ἀνιστά-</span> 
     </span>
    </p>
   </div>
   <div class='ocr_carea' id='block_1_122' title="bbox 2059 4835 3645 4914">
    <p class='ocr_par' dir='ltr' id='par_1_122' title="bbox 2059 4835 3645 4914">
     <span class='ocr_line' id='line_1_122' title="bbox 2059 4835 3645 4914; baseline 0.009 -27"><span class='ocrx_word' id='word_1_911' title='bbox 2059 4851 2243 4903; x_wconf 86' lang='grc' dir='ltr'>μενος</span> <span class='ocrx_word' id='word_1_912' title='bbox 2266 4835 2471 4905; x_wconf 80' lang='grc' dir='ltr'>ἄρχειν</span> <span class='ocrx_word' id='word_1_913' title='bbox 2491 4836 2683 4893; x_wconf 84' lang='grc' dir='ltr'>ἐθνῶν</span> <span class='ocrx_word' id='word_1_914' title='bbox 2700 4856 2714 4872; x_wconf 91' lang='grc'>·</span> <span class='ocrx_word' id='word_1_915' title='bbox 2746 4840 2840 4894; x_wconf 80' lang='grc' dir='ltr'>ἐπ’</span> <span class='ocrx_word' id='word_1_916' title='bbox 2866 4842 3027 4911; x_wconf 81' lang='grc' dir='ltr'>αὐτῷ</span> <span class='ocrx_word' id='word_1_917' title='bbox 3050 4844 3194 4914; x_wconf 79' lang='grc' dir='ltr'>ἔθνη</span> <span class='ocrx_word' id='word_1_918' title='bbox 3223 4845 3519 4912; x_wconf 81' lang='grc' dir='ltr'>ἐλπιοῦσι,</span> <span class='ocrx_word' id='word_1_919' title='bbox 3548 4848 3645 4902; x_wconf 80' lang='grc' dir='ltr'>καὶ</span> 
     </span>
    </p>
   </div>
   <div class='ocr_carea' id='block_1_123' title="bbox 2062 4917 3661 4999">
    <p class='ocr_par' dir='ltr' id='par_1_123' title="bbox 2062 4917 3661 4999">
     <span class='ocr_line' id='line_1_123' title="bbox 2062 4917 3661 4999; baseline 0.009 -30"><span class='ocrx_word' id='word_1_920' title='bbox 2062 4917 2234 4999; x_wconf 76' lang='grc' dir='ltr'>ἔσται</span> <span class='ocrx_word' id='word_1_921' title='bbox 2256 4918 2294 4985; x_wconf 88' lang='grc' dir='ltr'>ή</span> <span class='ocrx_word' id='word_1_922' title='bbox 2321 4917 2665 4985; x_wconf 80' lang='grc' dir='ltr'>ἀνάπαυσις</span> <span class='ocrx_word' id='word_1_923' title='bbox 2690 4924 2878 4979; x_wconf 87' lang='grc' dir='ltr'>αὐτοῦ</span> <span class='ocrx_word' id='word_1_924' title='bbox 2909 4926 3064 4997; x_wconf 84' lang='grc' dir='ltr'>τιμή.</span> <span class='ocrx_word' id='word_1_925' title='bbox 3094 4928 3239 4982; x_wconf 74' lang='grc' dir='ltr'>Ὠσεὶ</span> <span class='ocrx_word' id='word_1_926' title='bbox 3271 4928 3474 4999; x_wconf 79' lang='grc' dir='ltr'>ἔλεγεν·</span> <span class='ocrx_word' id='word_1_927' title='bbox 3503 4928 3661 4986; x_wconf 75' lang='grc' dir='ltr'>Αὐτὸ</span> 
     </span>
    </p>
   </div>
   <div class='ocr_carea' id='block_1_124' title="bbox 2061 4996 3640 5085">
    <p class='ocr_par' dir='ltr' id='par_1_124' title="bbox 2061 4996 3640 5085">
     <span class='ocr_line' id='line_1_124' title="bbox 2061 4996 3640 5085; baseline 0.01 -33"><span class='ocrx_word' id='word_1_928' title='bbox 2061 4999 2124 5085; x_wconf 79' lang='grc' dir='ltr'>τὸ</span> <span class='ocrx_word' id='word_1_929' title='bbox 2162 4996 2300 5085; x_wconf 79' lang='grc' dir='ltr'>εἶδος</span> <span class='ocrx_word' id='word_1_930' title='bbox 2332 5002 2437 5085; x_wconf 84' lang='grc' dir='ltr'>τῆς</span> <span class='ocrx_word' id='word_1_931' title='bbox 2469 5004 2726 5078; x_wconf 78' lang='grc' dir='ltr'>τελευτῆς</span> <span class='ocrx_word' id='word_1_932' title='bbox 2768 4996 3098 5081; x_wconf 88' lang='grc' dir='ltr'>διαδήματός</span> <span class='ocrx_word' id='word_1_933' title='bbox 3139 5014 3255 5066; x_wconf 86' lang='grc' dir='ltr'>ἐστι</span> <span class='ocrx_word' id='word_1_934' title='bbox 3300 4996 3640 5085; x_wconf 86' lang='grc' dir='ltr'>τιμιώτερον.</span> 
     </span>
    </p>
   </div>
   <div class='ocr_carea' id='block_1_125' title="bbox 2062 5082 3646 5165">
    <p class='ocr_par' dir='ltr' id='par_1_125' title="bbox 2062 5082 3646 5165">
     <span class='ocr_line' id='line_1_125' title="bbox 2062 5082 3646 5165; baseline 0.008 -29"><span class='ocrx_word' id='word_1_935' title='bbox 2062 5083 2125 5137; x_wconf 89' lang='grc' dir='ltr'>Οί</span> <span class='ocrx_word' id='word_1_936' title='bbox 2160 5082 2289 5152; x_wconf 90' lang='grc' dir='ltr'>γοῦν</span> <span class='ocrx_word' id='word_1_937' title='bbox 2319 5084 2557 5155; x_wconf 88' lang='grc' dir='ltr'>βασιλεῖς</span> <span class='ocrx_word' id='word_1_938' title='bbox 2593 5087 2898 5160; x_wconf 87' lang='grc' dir='ltr'>διαδήματα</span> <span class='ocrx_word' id='word_1_939' title='bbox 2935 5092 3338 5165; x_wconf 84' lang='grc' dir='ltr'>ἀποτιθέμενοι,</span> <span class='ocrx_word' id='word_1_940' title='bbox 3361 5082 3464 5149; x_wconf 78' lang='grc' dir='ltr'>τὸν</span> <span class='ocrx_word' id='word_1_941' title='bbox 3491 5082 3646 5151; x_wconf 79' lang='grc' dir='ltr'>σταυ-</span> 
     </span>
    </p>
   </div>
   <div class='ocr_carea' id='block_1_126' title="bbox 2065 5165 3638 5251">
    <p class='ocr_par' dir='ltr' id='par_1_126' title="bbox 2065 5165 3638 5251">
     <span class='ocr_line' id='line_1_126' title="bbox 2065 5165 3638 5251; baseline 0.011 -33"><span class='ocrx_word' id='word_1_942' title='bbox 2065 5165 2158 5251; x_wconf 88' lang='grc' dir='ltr'>ρὸν</span> <span class='ocrx_word' id='word_1_943' title='bbox 2178 5166 2637 5237; x_wconf 83' lang='grc' dir='ltr'>ἀναλαμϐάνουσι,</span> <span class='ocrx_word' id='word_1_944' title='bbox 2666 5172 2726 5225; x_wconf 89' lang='grc' dir='ltr'>τὸ</span> <span class='ocrx_word' id='word_1_945' title='bbox 2755 5172 3022 5244; x_wconf 78' lang='grc' dir='ltr'>σύμϐολον</span> <span class='ocrx_word' id='word_1_946' title='bbox 3050 5176 3222 5230; x_wconf 83' lang='grc' dir='ltr'>αὐτοῦ</span> <span class='ocrx_word' id='word_1_947' title='bbox 3243 5178 3343 5249; x_wconf 84' lang='grc' dir='ltr'>τῆς</span> <span class='ocrx_word' id='word_1_948' title='bbox 3363 5178 3638 5251; x_wconf 87' lang='grc' dir='ltr'>τελευτῆς·</span> 
     </span>
    </p>
   </div>
   <div class='ocr_carea' id='block_1_127' title="bbox 2059 5250 3644 5332">
    <p class='ocr_par' dir='ltr' id='par_1_127' title="bbox 2059 5250 3644 5332">
     <span class='ocr_line' id='line_1_127' title="bbox 2059 5250 3644 5332; baseline 0.011 -30"><span class='ocrx_word' id='word_1_949' title='bbox 2059 5250 2117 5303; x_wconf 84' lang='grc' dir='ltr'>ἐν</span> <span class='ocrx_word' id='word_1_950' title='bbox 2164 5253 2462 5325; x_wconf 89' lang='grc' dir='ltr'>πορφυρίσι</span> <span class='ocrx_word' id='word_1_951' title='bbox 2502 5256 2752 5326; x_wconf 86' lang='grc' dir='ltr'>σταυρὸς,</span> <span class='ocrx_word' id='word_1_952' title='bbox 2797 5257 2856 5309; x_wconf 89' lang='grc' dir='ltr'>ἐν</span> <span class='ocrx_word' id='word_1_953' title='bbox 2899 5256 3191 5329; x_wconf 77' lang='grc' dir='ltr'>διαδήμασι</span> <span class='ocrx_word' id='word_1_954' title='bbox 3252 5262 3503 5332; x_wconf 79' lang='grc' dir='ltr'>σταυρὸς,</span> <span class='ocrx_word' id='word_1_955' title='bbox 3548 5250 3644 5320; x_wconf 77' lang='grc' dir='ltr'>ἐπὶ</span> 
     </span>
    </p>
   </div>
   <div class='ocr_carea' id='block_1_128' title="bbox 2059 5333 3655 5421">
    <p class='ocr_par' dir='ltr' id='par_1_128' title="bbox 2059 5333 3655 5421">
     <span class='ocr_line' id='line_1_128' title="bbox 2059 5333 3655 5421; baseline 0.008 -34"><span class='ocrx_word' id='word_1_956' title='bbox 2059 5333 2245 5421; x_wconf 8' lang='grc' dir='ltr'>εὐχῶν,</span> <span class='ocrx_word' id='word_1_957' title='bbox 2265 5338 2516 5409; x_wconf 90' lang='grc' dir='ltr'>σταυρὸς,</span> <span class='ocrx_word' id='word_1_958' title='bbox 2549 5339 2643 5391; x_wconf 67' lang='grc' dir='ltr'>ἐπὶ⁹</span> <span class='ocrx_word' id='word_1_959' title='bbox 2680 5339 3135 5414; x_wconf 58' lang='grc' dir='ltr'>ὃπλωννσταυρὸς,</span> <span class='ocrx_word' id='word_1_960' title='bbox 3177 5344 3267 5398; x_wconf 74' lang='grc' dir='ltr'>ἐπὶ</span> <span class='ocrx_word' id='word_1_961' title='bbox 3309 5345 3407 5415; x_wconf 89' lang='grc' dir='ltr'>τῆς</span> <span class='ocrx_word' id='word_1_962' title='bbox 3438 5353 3655 5421; x_wconf 57' lang='grc' dir='ltr'>τραπέτ.</span> 
     </span>
    </p>
   </div>
   <div class='ocr_carea' id='block_1_129' title="bbox 2059 5415 3647 5502">
    <p class='ocr_par' dir='ltr' id='par_1_129' title="bbox 2059 5415 3647 5502">
     <span class='ocr_line' id='line_1_129' title="bbox 2059 5415 3647 5502; baseline 0.008 -31"><span class='ocrx_word' id='word_1_963' title='bbox 2059 5415 2160 5502; x_wconf 76' lang='grc' dir='ltr'>ζης</span> <span class='ocrx_word' id='word_1_964' title='bbox 2185 5419 2461 5502; x_wconf 75' lang='grc' dir='ltr'>τῆςίερᾶς</span> <span class='ocrx_word' id='word_1_965' title='bbox 2484 5421 2736 5495; x_wconf 89' lang='grc' dir='ltr'>σταυρὸς,</span> <span class='ocrx_word' id='word_1_966' title='bbox 2760 5423 2873 5478; x_wconf 77' lang='grc' dir='ltr'>καὶε</span> <span class='ocrx_word' id='word_1_967' title='bbox 2888 5424 3163 5497; x_wconf 79' lang='grc' dir='ltr'>πανταχοῦ</span> <span class='ocrx_word' id='word_1_968' title='bbox 3188 5426 3289 5496; x_wconf 85' lang='grc' dir='ltr'>τῆς</span> <span class='ocrx_word' id='word_1_969' title='bbox 3316 5415 3647 5502; x_wconf 71' lang='grc' dir='ltr'>οἰκουμένης¹</span> 
     </span>
    </p>
   </div>
   <div class='ocr_carea' id='block_1_130' title="bbox 2057 5501 3638 5582">
    <p class='ocr_par' dir='ltr' id='par_1_130' title="bbox 2057 5501 3638 5582">
     <span class='ocr_line' id='line_1_130' title="bbox 2057 5501 3638 5582; baseline 0.009 -29"><span class='ocrx_word' id='word_1_970' title='bbox 2057 5501 2086 5554; x_wconf 94' lang='lat'>6</span> <span class='ocrx_word' id='word_1_971' title='bbox 2117 5501 2344 5574; x_wconf 87' lang='grc' dir='ltr'>σταυρὸς</span> <span class='ocrx_word' id='word_1_972' title='bbox 2380 5503 2518 5574; x_wconf 82' lang='grc' dir='ltr'>ὑπὲρ</span> <span class='ocrx_word' id='word_1_973' title='bbox 2559 5505 2650 5559; x_wconf 91' lang='grc' dir='ltr'>τὸν</span> <span class='ocrx_word' id='word_1_974' title='bbox 2685 5504 2837 5575; x_wconf 74' lang='grc' dir='ltr'>ἣλιον</span> <span class='ocrx_word' id='word_1_975' title='bbox 2867 5506 3182 5581; x_wconf 87' lang='grc' dir='ltr'>διαλάμπει.</span> <span class='ocrx_word' id='word_1_976' title='bbox 3234 5509 3343 5564; x_wconf 66' lang='grc' dir='ltr'>Καὶ</span> <span class='ocrx_word' id='word_1_977' title='bbox 3392 5511 3563 5569; x_wconf 81' lang='grc' dir='ltr'>ἔσται</span> 
     </span>
    </p>
   </div>
   <div class='ocr_carea' id='block_1_131' title="bbox 2057 5583 2815 5658">
    <p class='ocr_par' dir='ltr' id='par_1_131' title="bbox 2057 5583 2815 5658">
     <span class='ocr_line' id='line_1_131' title="bbox 2057 5583 2815 5658; baseline 0.007 -19"><span class='ocrx_word' id='word_1_978' title='bbox 2057 5583 2401 5653; x_wconf 79' lang='grc' dir='ltr'>ἀνάπαυσις</span> <span class='ocrx_word' id='word_1_979' title='bbox 2428 5586 2616 5641; x_wconf 85' lang='grc' dir='ltr'>αὑτοῦ</span> <span class='ocrx_word' id='word_1_980' title='bbox 2656 5587 2815 5658; x_wconf 85' lang='grc' dir='ltr'>τιμή.</span> 
     </span>
    </p>
   </div>
   <div class='ocr_carea' id='block_1_132' title="bbox 2129 5720 3640 5795">
    <p class='ocr_par' dir='ltr' id='par_1_132' title="bbox 2129 5720 3640 5795">
     <span class='ocr_line' id='line_1_132' title="bbox 2129 5720 3640 5795; baseline 0.008 -21"><span class='ocrx_word' id='word_1_981' title='bbox 2129 5720 2355 5779; x_wconf 75' lang='grc' dir='ltr'>θ’.,Ἀλλ⁹</span> <span class='ocrx_word' id='word_1_982' title='bbox 2386 5721 2448 5776; x_wconf 85' lang='grc' dir='ltr'>οὐ</span> <span class='ocrx_word' id='word_1_983' title='bbox 2477 5721 2546 5776; x_wconf 74' lang='grc' dir='ltr'>τὰ</span> <span class='ocrx_word' id='word_1_984' title='bbox 2574 5722 2888 5795; x_wconf 85' lang='grc' dir='ltr'>ἀνθρώπινα</span> <span class='ocrx_word' id='word_1_985' title='bbox 2908 5726 3148 5795; x_wconf 86' lang='grc' dir='ltr'>τοιαῦτα,</span> <span class='ocrx_word' id='word_1_986' title='bbox 3172 5729 3288 5785; x_wconf 85' lang='grc' dir='ltr'>ἀλλ’</span> <span class='ocrx_word' id='word_1_987' title='bbox 3310 5730 3640 5795; x_wconf 73' lang='grc' dir='ltr'>ἀπεναντίας</span> 
     </span>
    </p>
   </div>
   <div class='ocr_carea' id='block_1_133' title="bbox 2062 5804 3639 5889">
    <p class='ocr_par' dir='ltr' id='par_1_133' title="bbox 2062 5804 3639 5889">
     <span class='ocr_line' id='line_1_133' title="bbox 2062 5804 3639 5889; baseline 0.004 -28"><span class='ocrx_word' id='word_1_988' title='bbox 2062 5804 2216 5861; x_wconf 78' lang='grc' dir='ltr'>εἴωθε</span> <span class='ocrx_word' id='word_1_989' title='bbox 2241 5805 2506 5874; x_wconf 87' lang='grc' dir='ltr'>γίνεσθαι.</span> <span class='ocrx_word' id='word_1_990' title='bbox 2538 5807 2764 5865; x_wconf 85' lang='grc' dir='ltr'>Ζώντων</span> <span class='ocrx_word' id='word_1_991' title='bbox 2800 5810 2898 5883; x_wconf 81' lang='grc' dir='ltr'>μὲν</span> <span class='ocrx_word' id='word_1_992' title='bbox 2920 5810 3027 5884; x_wconf 85' lang='grc' dir='ltr'>γὰρ</span> <span class='ocrx_word' id='word_1_993' title='bbox 3057 5813 3163 5869; x_wconf 87' lang='grc' dir='ltr'>τῶν</span> <span class='ocrx_word' id='word_1_994' title='bbox 3189 5814 3639 5889; x_wconf 70' lang='grc' dir='ltr'>εὐδοκιμούντων,</span> 
     </span>
    </p>
   </div>
  </div>
