  <div class='ocr_page' id='page_1' title='image "/cluster/home/n/w/nwhite01/storage/ocr_20150623/48/mdp.39015032114640/305.png"; bbox 0 0 4062 6166; ppageno 0'>
   <div class='ocr_carea' id='block_1_1' title="bbox 410 330 516 387">
    <p class='ocr_par' dir='ltr' id='par_1_1' title="bbox 410 330 516 387">
     <span class='ocr_line' id='line_1_1' title="bbox 410 330 516 387; baseline -0.019 0"><span class='ocrx_word' id='word_1_1' title='bbox 410 330 516 387; x_wconf 70' lang='lat'>8‘25</span> 
     </span>
    </p>
   </div>
   <div class='ocr_carea' id='block_1_2' title="bbox 405 432 1985 506">
    <p class='ocr_par' dir='ltr' id='par_1_2' title="bbox 405 432 1985 506">
     <span class='ocr_line' id='line_1_2' title="bbox 405 432 1985 506; baseline -0.013 -6"><span class='ocrx_word' id='word_1_2' title='bbox 405 446 501 501; x_wconf 69' lang='grc' dir='ltr'>καὶ</span> <span class='ocrx_word' id='word_1_3' title='bbox 531 442 600 498; x_wconf 80' lang='grc' dir='ltr'>τὰ</span> <span class='ocrx_word' id='word_1_4' title='bbox 632 440 858 495; x_wconf 76' lang='grc' dir='ltr'>ἐκείνων</span> <span class='ocrx_word' id='word_1_5' title='bbox 894 436 1079 490; x_wconf 87' lang='grc' dir='ltr'>ἀνθεῖ·</span> <span class='ocrx_word' id='word_1_6' title='bbox 1119 435 1554 506; x_wconf 72' lang='grc' dir='ltr'>τελευτησάντων</span> <span class='ocrx_word' id='word_1_7' title='bbox 1590 432 1669 497; x_wconf 90' lang='grc' dir='ltr'>δέ,</span> <span class='ocrx_word' id='word_1_8' title='bbox 1715 443 1985 498; x_wconf 85' lang='grc' dir='ltr'>συγκατα-</span> 
     </span>
    </p>
   </div>
   <div class='ocr_carea' id='block_1_3' title="bbox 406 510 1982 583">
    <p class='ocr_par' dir='ltr' id='par_1_3' title="bbox 406 510 1982 583">
     <span class='ocr_line' id='line_1_3' title="bbox 406 510 1982 583; baseline -0.014 0"><span class='ocrx_word' id='word_1_9' title='bbox 406 529 592 583; x_wconf 89' lang='grc' dir='ltr'>λύεται</span> <span class='ocrx_word' id='word_1_10' title='bbox 631 524 727 579; x_wconf 69' lang='grc' dir='ltr'>καὶ</span> <span class='ocrx_word' id='word_1_11' title='bbox 761 522 829 577; x_wconf 84' lang='grc' dir='ltr'>τά</span> <span class='ocrx_word' id='word_1_12' title='bbox 859 520 1098 576; x_wconf 89' lang='grc' dir='ltr'>ἐκείνων.</span> <span class='ocrx_word' id='word_1_13' title='bbox 1136 519 1248 573; x_wconf 75' lang='grc' dir='ltr'>Καὶ</span> <span class='ocrx_word' id='word_1_14' title='bbox 1280 517 1437 571; x_wconf 85' lang='grc' dir='ltr'>τοῦτο</span> <span class='ocrx_word' id='word_1_15' title='bbox 1462 518 1563 571; x_wconf 78' lang='grc' dir='ltr'>οὐκ</span> <span class='ocrx_word' id='word_1_16' title='bbox 1592 515 1684 568; x_wconf 73' lang='grc' dir='ltr'>ἐπὶ</span> <span class='ocrx_word' id='word_1_17' title='bbox 1707 510 1982 572; x_wconf 74' lang='grc' dir='ltr'>πλουσίου,</span> 
     </span>
    </p>
   </div>
   <div class='ocr_carea' id='block_1_4' title="bbox 407 593 1986 677">
    <p class='ocr_par' dir='ltr' id='par_1_4' title="bbox 407 593 1986 677">
     <span class='ocr_line' id='line_1_4' title="bbox 407 593 1986 677; baseline -0.015 -11"><span class='ocrx_word' id='word_1_18' title='bbox 407 614 508 666; x_wconf 84' lang='grc' dir='ltr'>οὐκ</span> <span class='ocrx_word' id='word_1_19' title='bbox 536 610 628 664; x_wconf 81' lang='grc' dir='ltr'>ἐπὶ</span> <span class='ocrx_word' id='word_1_20' title='bbox 664 609 941 677; x_wconf 83' lang='grc' dir='ltr'>ἄρχοντος,</span> <span class='ocrx_word' id='word_1_21' title='bbox 983 603 1096 656; x_wconf 87' lang='grc' dir='ltr'>ἀλλ’</span> <span class='ocrx_word' id='word_1_22' title='bbox 1128 603 1215 654; x_wconf 81' lang='grc' dir='ltr'>ἐπ’</span> <span class='ocrx_word' id='word_1_23' title='bbox 1249 599 1413 654; x_wconf 84' lang='grc' dir='ltr'>αὐτοῦ</span> <span class='ocrx_word' id='word_1_24' title='bbox 1451 598 1546 652; x_wconf 89' lang='grc' dir='ltr'>τοῦ</span> <span class='ocrx_word' id='word_1_25' title='bbox 1586 595 1846 668; x_wconf 88' lang='grc' dir='ltr'>βασιλέως</span> <span class='ocrx_word' id='word_1_26' title='bbox 1890 593 1986 647; x_wconf 76' lang='grc' dir='ltr'>ἴδοι</span> 
     </span>
    </p>
   </div>
   <div class='ocr_carea' id='block_1_5' title="bbox 406 678 1986 770">
    <p class='ocr_par' dir='ltr' id='par_1_5' title="bbox 406 678 1986 770">
     <span class='ocr_line' id='line_1_5' title="bbox 406 678 1986 770; baseline -0.014 -19"><span class='ocrx_word' id='word_1_27' title='bbox 406 714 490 760; x_wconf 87' lang='grc' dir='ltr'>τις</span> <span class='ocrx_word' id='word_1_28' title='bbox 531 693 616 749; x_wconf 76' lang='grc' dir='ltr'>ἄν.</span> <span class='ocrx_word' id='word_1_29' title='bbox 670 692 779 745; x_wconf 69' lang='grc' dir='ltr'>Καὶ</span> <span class='ocrx_word' id='word_1_30' title='bbox 824 689 933 760; x_wconf 77' lang='grc' dir='ltr'>γάρ</span> <span class='ocrx_word' id='word_1_31' title='bbox 970 689 1067 741; x_wconf 70' lang='grc' dir='ltr'>καὶ</span> <span class='ocrx_word' id='word_1_32' title='bbox 1094 687 1142 739; x_wconf 89' lang='grc' dir='ltr'>οί</span> <span class='ocrx_word' id='word_1_33' title='bbox 1193 685 1347 755; x_wconf 91' lang='grc' dir='ltr'>νόμοι</span> <span class='ocrx_word' id='word_1_34' title='bbox 1394 682 1574 737; x_wconf 78' lang='grc' dir='ltr'>αὐτῶν</span> <span class='ocrx_word' id='word_1_35' title='bbox 1608 678 1986 770; x_wconf 66' lang='grc' dir='ltr'>καταλύονται,</span> 
     </span>
    </p>
   </div>
   <div class='ocr_carea' id='block_1_6' title="bbox 409 760 1988 841">
    <p class='ocr_par' dir='ltr' id='par_1_6' title="bbox 409 760 1988 841">
     <span class='ocr_line' id='line_1_6' title="bbox 409 760 1988 841; baseline -0.014 -9"><span class='ocrx_word' id='word_1_36' title='bbox 409 781 505 832; x_wconf 73' lang='grc' dir='ltr'>καὶ</span> <span class='ocrx_word' id='word_1_37' title='bbox 552 778 606 830; x_wconf 87' lang='grc' dir='ltr'>αί</span> <span class='ocrx_word' id='word_1_38' title='bbox 648 775 854 835; x_wconf 89' lang='grc' dir='ltr'>εἰκόνες</span> <span class='ocrx_word' id='word_1_39' title='bbox 896 768 1289 841; x_wconf 89' lang='grc' dir='ltr'>άμαυροῦνται,</span> <span class='ocrx_word' id='word_1_40' title='bbox 1339 766 1434 819; x_wconf 71' lang='grc' dir='ltr'>καί¹</span> <span class='ocrx_word' id='word_1_41' title='bbox 1484 767 1519 834; x_wconf 84' lang='grc' dir='ltr'><strong>ἡ</strong></span> <span class='ocrx_word' id='word_1_42' title='bbox 1566 765 1753 834; x_wconf 83' lang='grc' dir='ltr'>μνήμη</span> <span class='ocrx_word' id='word_1_43' title='bbox 1809 760 1988 813; x_wconf 84' lang='grc' dir='ltr'>αὐτῶν</span> 
     </span>
    </p>
   </div>
   <div class='ocr_carea' id='block_1_7' title="bbox 411 846 1992 922">
    <p class='ocr_par' dir='ltr' id='par_1_7' title="bbox 411 846 1992 922">
     <span class='ocr_line' id='line_1_7' title="bbox 411 846 1992 922; baseline -0.014 -7"><span class='ocrx_word' id='word_1_44' title='bbox 411 861 717 921; x_wconf 89' lang='grc' dir='ltr'>σϐέννυται,</span> <span class='ocrx_word' id='word_1_45' title='bbox 738 857 834 910; x_wconf 75' lang='grc' dir='ltr'>καὶ</span> <span class='ocrx_word' id='word_1_46' title='bbox 864 854 924 907; x_wconf 89' lang='grc' dir='ltr'>τὸ</span> <span class='ocrx_word' id='word_1_47' title='bbox 951 853 1120 922; x_wconf 78' lang='grc' dir='ltr'>ὄνομα</span> <span class='ocrx_word' id='word_1_48' title='bbox 1148 850 1326 904; x_wconf 84' lang='grc' dir='ltr'>αὐτῶν</span> <span class='ocrx_word' id='word_1_49' title='bbox 1356 851 1414 903; x_wconf 91' lang='grc' dir='ltr'>ἐν</span> <span class='ocrx_word' id='word_1_50' title='bbox 1441 848 1602 921; x_wconf 82' lang='grc' dir='ltr'>λήθῃ,</span> <span class='ocrx_word' id='word_1_51' title='bbox 1626 846 1721 900; x_wconf 72' lang='grc' dir='ltr'>καὶ</span> <span class='ocrx_word' id='word_1_52' title='bbox 1748 846 1797 898; x_wconf 89' lang='grc' dir='ltr'>οἰ</span> <span class='ocrx_word' id='word_1_53' title='bbox 1825 857 1992 913; x_wconf 90' lang='grc' dir='ltr'>προσ-</span> 
     </span>
    </p>
   </div>
   <div class='ocr_carea' id='block_1_8' title="bbox 410 923 1994 1017">
    <p class='ocr_par' dir='ltr' id='par_1_8' title="bbox 410 923 1994 1017">
     <span class='ocr_line' id='line_1_8' title="bbox 410 923 1994 1017; baseline -0.013 -18"><span class='ocrx_word' id='word_1_54' title='bbox 410 946 635 1017; x_wconf 84' lang='grc' dir='ltr'>ήκοντες</span> <span class='ocrx_word' id='word_1_55' title='bbox 675 943 732 993; x_wconf 82' lang='grc' dir='ltr'>ἐν</span> <span class='ocrx_word' id='word_1_56' title='bbox 756 937 1179 1008; x_wconf 79' lang='grc' dir='ltr'>καταφρονήσει,</span> <span class='ocrx_word' id='word_1_57' title='bbox 1209 933 1432 988; x_wconf 83' lang='grc' dir='ltr'>ἐκείνων</span> <span class='ocrx_word' id='word_1_58' title='bbox 1468 932 1574 986; x_wconf 87' lang='grc' dir='ltr'>τῶν</span> <span class='ocrx_word' id='word_1_59' title='bbox 1612 929 1751 983; x_wconf 82' lang='grc' dir='ltr'>ὅπλα</span> <span class='ocrx_word' id='word_1_60' title='bbox 1783 923 1994 1017; x_wconf 72' lang='grc' dir='ltr'>κινούν-</span> 
     </span>
    </p>
   </div>
   <div class='ocr_carea' id='block_1_9' title="bbox 411 1008 1994 1093">
    <p class='ocr_par' dir='ltr' id='par_1_9' title="bbox 411 1008 1994 1093">
     <span class='ocr_line' id='line_1_9' title="bbox 411 1008 1994 1093; baseline -0.013 -12"><span class='ocrx_word' id='word_1_61' title='bbox 411 1008 538 1091; x_wconf 62' lang='grc' dir='ltr'>⁴των,</span> <span class='ocrx_word' id='word_1_62' title='bbox 569 1024 677 1078; x_wconf 89' lang='grc' dir='ltr'>τῶν</span> <span class='ocrx_word' id='word_1_63' title='bbox 718 1021 794 1093; x_wconf 86' lang='grc' dir='ltr'>τῷ</span> <span class='ocrx_word' id='word_1_64' title='bbox 838 1020 1066 1091; x_wconf 80' lang='grc' dir='ltr'>νεύματι</span> <span class='ocrx_word' id='word_1_65' title='bbox 1113 1017 1507 1089; x_wconf 83' lang='grc' dir='ltr'>μετατιθέντων</span> <span class='ocrx_word' id='word_1_66' title='bbox 1546 1015 1732 1084; x_wconf 83' lang='grc' dir='ltr'>δήμων</span> <span class='ocrx_word' id='word_1_67' title='bbox 1758 1010 1860 1093; x_wconf 7' lang='grc' dir='ltr'>,καὶ</span> <span class='ocrx_word' id='word_1_68' title='bbox 1898 1008 1994 1061; x_wconf 84' lang='grc' dir='ltr'>πό-</span> 
     </span>
    </p>
   </div>
   <div class='ocr_carea' id='block_1_10' title="bbox 410 1092 1993 1177">
    <p class='ocr_par' dir='ltr' id='par_1_10' title="bbox 410 1092 1993 1177">
     <span class='ocr_line' id='line_1_10' title="bbox 410 1092 1993 1177; baseline -0.012 -15"><span class='ocrx_word' id='word_1_69' title='bbox 410 1108 546 1162; x_wconf 88' lang='grc' dir='ltr'>λεων</span> <span class='ocrx_word' id='word_1_70' title='bbox 578 1107 673 1161; x_wconf 74' lang='grc' dir='ltr'>καὶ</span> <span class='ocrx_word' id='word_1_71' title='bbox 718 1092 867 1177; x_wconf 72' lang='lat'><strong>[570]</strong></span> <span class='ocrx_word' id='word_1_72' title='bbox 911 1101 1251 1174; x_wconf 83' lang='grc' dir='ltr'>πραγμάτων</span> <span class='ocrx_word' id='word_1_73' title='bbox 1280 1098 1662 1159; x_wconf 78' lang='grc' dir='ltr'>καταστάσεις,</span> <span class='ocrx_word' id='word_1_74' title='bbox 1698 1092 1808 1148; x_wconf 90' lang='grc' dir='ltr'>τῶν</span> <span class='ocrx_word' id='word_1_75' title='bbox 1837 1093 1993 1177; x_wconf 81' lang='grc' dir='ltr'>ἀναι-</span> 
     </span>
    </p>
   </div>
   <div class='ocr_carea' id='block_1_11' title="bbox 417 1174 1995 1264">
    <p class='ocr_par' dir='ltr' id='par_1_11' title="bbox 417 1174 1995 1264">
     <span class='ocr_line' id='line_1_11' title="bbox 417 1174 1995 1264; baseline -0.015 -17"><span class='ocrx_word' id='word_1_76' title='bbox 417 1195 527 1264; x_wconf 87' lang='grc' dir='ltr'>ρεῖν</span> <span class='ocrx_word' id='word_1_77' title='bbox 563 1174 790 1261; x_wconf 79' lang='grc' dir='ltr'>κυρίων,</span> <span class='ocrx_word' id='word_1_78' title='bbox 835 1174 944 1241; x_wconf 80' lang='grc' dir='ltr'>τῶν</span> <span class='ocrx_word' id='word_1_79' title='bbox 989 1184 1371 1255; x_wconf 84' lang='grc' dir='ltr'>ἀπαγομένους</span> <span class='ocrx_word' id='word_1_80' title='bbox 1417 1177 1801 1264; x_wconf 82' lang='grc' dir='ltr'>ἀνακαλεῖσθαι</span> <span class='ocrx_word' id='word_1_81' title='bbox 1837 1174 1995 1264; x_wconf 50' lang='grc' dir='ltr'>δυνας-</span> 
     </span>
    </p>
   </div>
   <div class='ocr_carea' id='block_1_12' title="bbox 417 1256 1996 1348">
    <p class='ocr_par' dir='ltr' id='par_1_12' title="bbox 417 1256 1996 1348">
     <span class='ocr_line' id='line_1_12' title="bbox 417 1256 1996 1348; baseline -0.013 -19"><span class='ocrx_word' id='word_1_82' title='bbox 417 1256 613 1348; x_wconf 75' lang='grc' dir='ltr'>μένων.</span> <span class='ocrx_word' id='word_1_83' title='bbox 637 1256 793 1326; x_wconf 69' lang='grc' dir='ltr'>”Αλλ’</span> <span class='ocrx_word' id='word_1_84' title='bbox 827 1272 977 1340; x_wconf 85' lang='grc' dir='ltr'>ὅμως</span> <span class='ocrx_word' id='word_1_85' title='bbox 1017 1269 1232 1323; x_wconf 79' lang='grc' dir='ltr'>ἅπαντα</span> <span class='ocrx_word' id='word_1_86' title='bbox 1275 1264 1624 1348; x_wconf 68' lang='grc' dir='ltr'>καταλύεται,</span> <span class='ocrx_word' id='word_1_87' title='bbox 1669 1262 1718 1348; x_wconf 79' lang='grc' dir='ltr'>εἰ</span> <span class='ocrx_word' id='word_1_88' title='bbox 1765 1258 1860 1348; x_wconf 59' lang='grc' dir='ltr'>καί</span> <span class='ocrx_word' id='word_1_89' title='bbox 1889 1256 1996 1328; x_wconf 85' lang='grc' dir='ltr'>πρὸ</span> 
     </span>
    </p>
   </div>
   <div class='ocr_carea' id='block_1_13' title="bbox 412 1342 1995 1425">
    <p class='ocr_par' dir='ltr' id='par_1_13' title="bbox 412 1342 1995 1425">
     <span class='ocr_line' id='line_1_13' title="bbox 412 1342 1995 1425; baseline -0.013 -12"><span class='ocrx_word' id='word_1_90' title='bbox 412 1342 605 1412; x_wconf 73' lang='grc' dir='ltr'>τούτου</span> <span class='ocrx_word' id='word_1_91' title='bbox 645 1355 938 1425; x_wconf 79' lang='grc' dir='ltr'>εὐδοκίμει.</span> <span class='ocrx_word' id='word_1_92' title='bbox 987 1352 1110 1406; x_wconf 81' lang='grc' dir='ltr'>Ἐπὶ</span> <span class='ocrx_word' id='word_1_93' title='bbox 1146 1350 1203 1404; x_wconf 79' lang='grc' dir='ltr'>δὲ</span> <span class='ocrx_word' id='word_1_94' title='bbox 1236 1348 1330 1404; x_wconf 89' lang='grc' dir='ltr'>τοῦ</span> <span class='ocrx_word' id='word_1_95' title='bbox 1372 1345 1607 1419; x_wconf 81' lang='grc' dir='ltr'>Χριστοῦ</span> <span class='ocrx_word' id='word_1_96' title='bbox 1635 1346 1743 1398; x_wconf 84' lang='grc' dir='ltr'>πᾶν</span> <span class='ocrx_word' id='word_1_97' title='bbox 1774 1342 1995 1397; x_wconf 76' lang='grc' dir='ltr'>τούναν-</span> 
     </span>
    </p>
   </div>
   <div class='ocr_carea' id='block_1_14' title="bbox 412 1425 1997 1511">
    <p class='ocr_par' dir='ltr' id='par_1_14' title="bbox 412 1425 1997 1511">
     <span class='ocr_line' id='line_1_14' title="bbox 412 1425 1997 1511; baseline -0.013 -15"><span class='ocrx_word' id='word_1_98' title='bbox 412 1443 549 1497; x_wconf 87' lang='grc' dir='ltr'>τίον.</span> <span class='ocrx_word' id='word_1_99' title='bbox 574 1441 687 1511; x_wconf 88' lang='grc' dir='ltr'>Πρὸ</span> <span class='ocrx_word' id='word_1_100' title='bbox 709 1438 806 1510; x_wconf 83' lang='grc' dir='ltr'>μὲν</span> <span class='ocrx_word' id='word_1_101' title='bbox 826 1437 934 1509; x_wconf 83' lang='grc' dir='ltr'>γάρ</span> <span class='ocrx_word' id='word_1_102' title='bbox 961 1434 1192 1506; x_wconf 88' lang='grc' dir='ltr'>σταυροῦ</span> <span class='ocrx_word' id='word_1_103' title='bbox 1219 1435 1277 1486; x_wconf 86' lang='grc' dir='ltr'>ἐν</span> <span class='ocrx_word' id='word_1_104' title='bbox 1305 1429 1578 1502; x_wconf 78' lang='grc' dir='ltr'>κατηφείᾳ</span> <span class='ocrx_word' id='word_1_105' title='bbox 1605 1428 1674 1481; x_wconf 79' lang='grc' dir='ltr'>τά</span> <span class='ocrx_word' id='word_1_106' title='bbox 1697 1425 1997 1511; x_wconf 82' lang='grc' dir='ltr'>πράγματα</span> 
     </span>
    </p>
   </div>
   <div class='ocr_carea' id='block_1_15' title="bbox 414 1506 1999 1598">
    <p class='ocr_par' dir='ltr' id='par_1_15' title="bbox 414 1506 1999 1598">
     <span class='ocr_line' id='line_1_15' title="bbox 414 1506 1999 1598; baseline -0.013 -18"><span class='ocrx_word' id='word_1_107' title='bbox 414 1521 504 1598; x_wconf 79' lang='grc' dir='ltr'>ἦν,</span> <span class='ocrx_word' id='word_1_108' title='bbox 544 1506 742 1586; x_wconf 75' lang='grc' dir='ltr'>Ἰούδας</span> <span class='ocrx_word' id='word_1_109' title='bbox 788 1506 1084 1592; x_wconf 80' lang='grc' dir='ltr'>προέδωκε,</span> <span class='ocrx_word' id='word_1_110' title='bbox 1135 1517 1340 1588; x_wconf 80' lang='grc' dir='ltr'>Πέτρος</span> <span class='ocrx_word' id='word_1_111' title='bbox 1390 1515 1685 1598; x_wconf 63' lang='grc' dir='ltr'>ἠρνήσατο,</span> <span class='ocrx_word' id='word_1_112' title='bbox 1732 1509 1782 1598; x_wconf 81' lang='grc' dir='ltr'>οἱ</span> <span class='ocrx_word' id='word_1_113' title='bbox 1821 1506 1999 1598; x_wconf 80' lang='grc' dir='ltr'>λοιποὶ</span> 
     </span>
    </p>
   </div>
   <div class='ocr_carea' id='block_1_16' title="bbox 418 1590 1998 1678">
    <p class='ocr_par' dir='ltr' id='par_1_16' title="bbox 418 1590 1998 1678">
     <span class='ocr_line' id='line_1_16' title="bbox 418 1590 1998 1678; baseline -0.014 -16"><span class='ocrx_word' id='word_1_114' title='bbox 418 1590 653 1678; x_wconf 80' lang='grc' dir='ltr'>φυγάδες</span> <span class='ocrx_word' id='word_1_115' title='bbox 675 1590 939 1673; x_wconf 78' lang='grc' dir='ltr'>ἐγένοντο.</span> <span class='ocrx_word' id='word_1_116' title='bbox 968 1602 1125 1673; x_wconf 84' lang='grc' dir='ltr'>μόνος</span> <span class='ocrx_word' id='word_1_117' title='bbox 1152 1599 1354 1671; x_wconf 82' lang='grc' dir='ltr'>μεταξὺ</span> <span class='ocrx_word' id='word_1_118' title='bbox 1383 1598 1491 1650; x_wconf 87' lang='grc' dir='ltr'>τῶν</span> <span class='ocrx_word' id='word_1_119' title='bbox 1516 1595 1610 1666; x_wconf 91' lang='grc' dir='ltr'>ἐχθ</span> <span class='ocrx_word' id='word_1_120' title='bbox 1620 1590 1998 1678; x_wconf 19' lang='grc' dir='ltr'>ρῶνᾼάπελ-αμ-</span> 
     </span>
    </p>
   </div>
   <div class='ocr_carea' id='block_1_17' title="bbox 418 1673 1996 1751">
    <p class='ocr_par' dir='ltr' id='par_1_17' title="bbox 418 1673 1996 1751">
     <span class='ocr_line' id='line_1_17' title="bbox 418 1673 1996 1751; baseline -0.012 -8"><span class='ocrx_word' id='word_1_121' title='bbox 418 1673 631 1751; x_wconf 80' lang='grc' dir='ltr'>ϐάνετο,</span> <span class='ocrx_word' id='word_1_122' title='bbox 669 1686 853 1740; x_wconf 78' lang='grc' dir='ltr'>πολλοὶ</span> <span class='ocrx_word' id='word_1_123' title='bbox 892 1682 1282 1744; x_wconf 79' lang='grc' dir='ltr'>πιστεύσαντες</span> <span class='ocrx_word' id='word_1_124' title='bbox 1309 1679 1550 1750; x_wconf 81' lang='grc' dir='ltr'>ἀπῆλθον</span> <span class='ocrx_word' id='word_1_125' title='bbox 1579 1679 1656 1740; x_wconf 89' lang='grc' dir='ltr'>εἰς</span> <span class='ocrx_word' id='word_1_126' title='bbox 1691 1674 1759 1728; x_wconf 86' lang='grc' dir='ltr'>τὰ</span> <span class='ocrx_word' id='word_1_127' title='bbox 1803 1673 1996 1726; x_wconf 82' lang='grc' dir='ltr'>ὀπίσω.</span> 
     </span>
    </p>
   </div>
   <div class='ocr_carea' id='block_1_18' title="bbox 431 1755 2000 1842">
    <p class='ocr_par' dir='ltr' id='par_1_18' title="bbox 431 1755 2000 1842">
     <span class='ocr_line' id='line_1_18' title="bbox 431 1755 2000 1842; baseline -0.013 -15"><span class='ocrx_word' id='word_1_128' title='bbox 431 1771 649 1842; x_wconf 82' lang='grc' dir='ltr'>Ἐπειδὴ</span> <span class='ocrx_word' id='word_1_129' title='bbox 691 1770 749 1822; x_wconf 83' lang='grc' dir='ltr'>δὲ</span> <span class='ocrx_word' id='word_1_130' title='bbox 789 1771 1000 1837; x_wconf 78' lang='grc' dir='ltr'>ἐσφάγη</span> <span class='ocrx_word' id='word_1_131' title='bbox 1052 1767 1145 1820; x_wconf 72' lang='grc' dir='ltr'>καὶ</span> <span class='ocrx_word' id='word_1_132' title='bbox 1178 1763 1549 1833; x_wconf 89' lang='grc' dir='ltr'>ἐτελεύτησεν,</span> <span class='ocrx_word' id='word_1_133' title='bbox 1587 1760 1677 1812; x_wconf 76' lang='grc' dir='ltr'>ἵνα</span> <span class='ocrx_word' id='word_1_134' title='bbox 1707 1757 1882 1842; x_wconf 79' lang='grc' dir='ltr'>μάθῃς</span> <span class='ocrx_word' id='word_1_135' title='bbox 1918 1755 2000 1842; x_wconf 77' lang='grc' dir='ltr'>ὅτι</span> 
     </span>
    </p>
   </div>
   <div class='ocr_carea' id='block_1_19' title="bbox 416 1837 2003 1931">
    <p class='ocr_par' dir='ltr' id='par_1_19' title="bbox 416 1837 2003 1931">
     <span class='ocr_line' id='line_1_19' title="bbox 416 1837 2003 1931; baseline -0.016 -19"><span class='ocrx_word' id='word_1_136' title='bbox 416 1859 480 1914; x_wconf 85' lang='grc' dir='ltr'>οὐ</span> <span class='ocrx_word' id='word_1_137' title='bbox 501 1837 654 1928; x_wconf 74' lang='grc' dir='ltr'>ψιλὸς</span> <span class='ocrx_word' id='word_1_138' title='bbox 681 1852 963 1925; x_wconf 80' lang='grc' dir='ltr'>ἄνθρωπός</span> <span class='ocrx_word' id='word_1_139' title='bbox 991 1868 1075 1913; x_wconf 90' lang='grc' dir='ltr'>τις</span> <span class='ocrx_word' id='word_1_140' title='bbox 1102 1844 1170 1919; x_wconf 82' lang='grc' dir='ltr'>ἦν</span> <span class='ocrx_word' id='word_1_141' title='bbox 1198 1850 1226 1901; x_wconf 91' lang='grc' dir='ltr'>ὁ</span> <span class='ocrx_word' id='word_1_142' title='bbox 1253 1842 1730 1931; x_wconf 30' lang='grc' dir='ltr'>σταυρω-θεὶςηκαὶ</span> <span class='ocrx_word' id='word_1_143' title='bbox 1755 1837 2003 1931; x_wconf 67' lang='grc' dir='ltr'>λαμπρό-</span> 
     </span>
    </p>
   </div>
   <div class='ocr_carea' id='block_1_20' title="bbox 418 1919 1998 2014">
    <p class='ocr_par' dir='ltr' id='par_1_20' title="bbox 418 1919 1998 2014">
     <span class='ocr_line' id='line_1_20' title="bbox 418 1919 1998 2014; baseline -0.013 -22"><span class='ocrx_word' id='word_1_144' title='bbox 418 1919 552 2011; x_wconf 77' lang='grc' dir='ltr'>τερα</span> <span class='ocrx_word' id='word_1_145' title='bbox 590 1939 683 1991; x_wconf 77' lang='grc' dir='ltr'>καὶ</span> <span class='ocrx_word' id='word_1_146' title='bbox 723 1919 1051 2006; x_wconf 68' lang='grc' dir='ltr'>φαιδρότερι.</span> <span class='ocrx_word' id='word_1_147' title='bbox 1089 1931 1278 2001; x_wconf 89' lang='grc' dir='ltr'>γέγονε</span> <span class='ocrx_word' id='word_1_148' title='bbox 1319 1925 1764 2014; x_wconf 21' lang='grc' dir='ltr'>καὶ-λύψηλότερα</span> <span class='ocrx_word' id='word_1_149' title='bbox 1777 1919 1998 2014; x_wconf 33' lang='grc' dir='ltr'>*πολλῷ.</span> 
     </span>
    </p>
   </div>
   <div class='ocr_carea' id='block_1_21' title="bbox 433 2007 2003 2093">
    <p class='ocr_par' dir='ltr' id='par_1_21' title="bbox 433 2007 2003 2093">
     <span class='ocr_line' id='line_1_21' title="bbox 433 2007 2003 2093; baseline -0.015 -16"><span class='ocrx_word' id='word_1_150' title='bbox 433 2007 495 2078; x_wconf 72' lang='grc' dir='ltr'><strong>’ό</strong></span> <span class='ocrx_word' id='word_1_151' title='bbox 528 2023 624 2093; x_wconf 84' lang='grc' dir='ltr'>μὲν</span> <span class='ocrx_word' id='word_1_152' title='bbox 644 2015 735 2074; x_wconf 77' lang='grc' dir='ltr'>οὗν</span> <span class='ocrx_word' id='word_1_153' title='bbox 767 2020 1059 2090; x_wconf 81' lang='grc' dir='ltr'>κορυφαῖος</span> <span class='ocrx_word' id='word_1_154' title='bbox 1092 2014 1199 2068; x_wconf 86' lang='grc' dir='ltr'>τῶν</span> <span class='ocrx_word' id='word_1_155' title='bbox 1239 2010 1552 2068; x_wconf 82' lang='grc' dir='ltr'>ἀποστόλων</span> <span class='ocrx_word' id='word_1_156' title='bbox 1582 2007 1689 2093; x_wconf 81' lang='grc' dir='ltr'>πρὸ</span> <span class='ocrx_word' id='word_1_157' title='bbox 1711 2007 1806 2058; x_wconf 88' lang='grc' dir='ltr'>τοῦ</span> <span class='ocrx_word' id='word_1_158' title='bbox 1839 2019 2003 2093; x_wconf 82' lang='grc' dir='ltr'>σταυ-</span> 
     </span>
    </p>
   </div>
   <div class='ocr_carea' id='block_1_22' title="bbox 423 2085 2004 2180">
    <p class='ocr_par' dir='ltr' id='par_1_22' title="bbox 423 2085 2004 2180">
     <span class='ocr_line' id='line_1_22' title="bbox 423 2085 2004 2180; baseline -0.015 -20"><span class='ocrx_word' id='word_1_159' title='bbox 423 2085 682 2180; x_wconf 72' lang='grc' dir='ltr'>ροῦόύδέ</span> <span class='ocrx_word' id='word_1_160' title='bbox 720 2085 967 2173; x_wconf 79' lang='grc' dir='ltr'>θυρωροῦ</span> <span class='ocrx_word' id='word_1_161' title='bbox 1012 2097 1239 2168; x_wconf 83' lang='grc' dir='ltr'>ἀπειλὴν</span> <span class='ocrx_word' id='word_1_162' title='bbox 1277 2088 1705 2180; x_wconf 20' lang='grc' dir='ltr'>ἦνεγᾲκεν,ιάλλά</span> <span class='ocrx_word' id='word_1_163' title='bbox 1742 2085 1879 2159; x_wconf 76' lang='grc' dir='ltr'>μετὰ</span> <span class='ocrx_word' id='word_1_164' title='bbox 1917 2101 2004 2180; x_wconf 46' lang='lat'>10‘-</span> 
     </span>
    </p>
   </div>
   <div class='ocr_carea' id='block_1_23' title="bbox 425 2165 2005 2259">
    <p class='ocr_par' dir='ltr' id='par_1_23' title="bbox 425 2165 2005 2259">
     <span class='ocr_line' id='line_1_23' title="bbox 425 2165 2005 2259; baseline -0.016 -17"><span class='ocrx_word' id='word_1_165' title='bbox 425 2165 625 2258; x_wconf 63' lang='grc' dir='ltr'>σαύτην</span> <span class='ocrx_word' id='word_1_166' title='bbox 661 2165 1041 2256; x_wconf 68' lang='grc' dir='ltr'>μυσταγωγίαν</span> <span class='ocrx_word' id='word_1_167' title='bbox 1074 2165 1273 2251; x_wconf 74' lang='grc' dir='ltr'>ἔφησεν</span> <span class='ocrx_word' id='word_1_168' title='bbox 1302 2165 1461 2230; x_wconf 84' lang='grc' dir='ltr'>αὐτὸν</span> <span class='ocrx_word' id='word_1_169' title='bbox 1600 2170 1798 2224; x_wconf 79' lang='grc' dir='ltr'>εἰδέναι</span> <span class='ocrx_word' id='word_1_170' title='bbox 1815 2184 1840 2259; x_wconf 41' lang='grc'><strong>⁸-</strong></span> <span class='ocrx_word' id='word_1_171' title='bbox 1869 2165 2005 2259; x_wconf 67' lang='grc' dir='ltr'>μετὰ</span> 
     </span>
    </p>
   </div>
   <div class='ocr_carea' id='block_1_24' title="bbox 423 2253 2004 2337">
    <p class='ocr_par' dir='ltr' id='par_1_24' title="bbox 423 2253 2004 2337">
     <span class='ocr_line' id='line_1_24' title="bbox 423 2253 2004 2337; baseline -0.015 -13"><span class='ocrx_word' id='word_1_172' title='bbox 423 2271 480 2325; x_wconf 79' lang='grc' dir='ltr'>δὲ</span> <span class='ocrx_word' id='word_1_173' title='bbox 513 2253 602 2323; x_wconf 80' lang='grc' dir='ltr'>τὸν</span> <span class='ocrx_word' id='word_1_174' title='bbox 635 2253 864 2337; x_wconf 80' lang='grc' dir='ltr'>σταυρὸν</span> <span class='ocrx_word' id='word_1_175' title='bbox 900 2263 997 2334; x_wconf 82' lang='grc' dir='ltr'>τὴν</span> <span class='ocrx_word' id='word_1_176' title='bbox 1032 2260 1355 2331; x_wconf 78' lang='grc' dir='ltr'>οἰκουμένην</span> <span class='ocrx_word' id='word_1_177' title='bbox 1394 2257 1799 2337; x_wconf 70' lang='grc' dir='ltr'>περιέδραμενῇ</span> <span class='ocrx_word' id='word_1_178' title='bbox 1824 2253 2004 2337; x_wconf 79' lang='grc' dir='ltr'>ἐντεῦ-</span> 
     </span>
    </p>
   </div>
   <div class='ocr_carea' id='block_1_25' title="bbox 426 2335 2005 2422">
    <p class='ocr_par' dir='ltr' id='par_1_25' title="bbox 426 2335 2005 2422">
     <span class='ocr_line' id='line_1_25' title="bbox 426 2335 2005 2422; baseline -0.013 -15"><span class='ocrx_word' id='word_1_179' title='bbox 426 2354 519 2407; x_wconf 86' lang='grc' dir='ltr'>θεν</span> <span class='ocrx_word' id='word_1_180' title='bbox 577 2350 757 2422; x_wconf 88' lang='grc' dir='ltr'>μυρίοι</span> <span class='ocrx_word' id='word_1_181' title='bbox 777 2335 786 2337; x_wconf 36' lang='grc'><strong><em>-</em></strong></span> <span class='ocrx_word' id='word_1_182' title='bbox 810 2348 971 2419; x_wconf 83' lang='grc' dir='ltr'>δῆμοι</span> <span class='ocrx_word' id='word_1_183' title='bbox 1030 2343 1322 2417; x_wconf 88' lang='grc' dir='ltr'>μαρτύρων</span> <span class='ocrx_word' id='word_1_184' title='bbox 1372 2341 1729 2422; x_wconf 65' lang='grc' dir='ltr'>ἐσφάγησαν,⁸</span> <span class='ocrx_word' id='word_1_185' title='bbox 1757 2335 2005 2422; x_wconf 68' lang='grc' dir='ltr'>Δἑλόμενοι</span> 
     </span>
    </p>
   </div>
   <div class='ocr_carea' id='block_1_26' title="bbox 430 2418 2006 2508">
    <p class='ocr_par' dir='ltr' id='par_1_26' title="bbox 430 2418 2006 2508">
     <span class='ocr_line' id='line_1_26' title="bbox 430 2418 2006 2508; baseline -0.013 -18"><span class='ocrx_word' id='word_1_186' title='bbox 430 2418 627 2508; x_wconf 79' lang='grc' dir='ltr'>μᾶλλον</span> <span class='ocrx_word' id='word_1_187' title='bbox 654 2418 1031 2500; x_wconf 55' lang='lat' dir='ltr'><strong>homser</strong></span> <span class='ocrx_word' id='word_1_188' title='bbox 1066 2425 1401 2497; x_wconf 81' lang='grc' dir='ltr'>φθέγξασθαι</span> <span class='ocrx_word' id='word_1_189' title='bbox 1447 2419 1938 2508; x_wconf 35' lang='grc' dir='ltr'>ἆπερῌέφθέγξατο</span> <span class='ocrx_word' id='word_1_190' title='bbox 1978 2418 2006 2470; x_wconf 89' lang='grc' dir='ltr'>ό</span> 
     </span>
    </p>
   </div>
   <div class='ocr_carea' id='block_1_27' title="bbox 425 2503 2009 2590">
    <p class='ocr_par' dir='ltr' id='par_1_27' title="bbox 425 2503 2009 2590">
     <span class='ocr_line' id='line_1_27' title="bbox 425 2503 2009 2590; baseline -0.013 -16"><span class='ocrx_word' id='word_1_191' title='bbox 425 2503 718 2590; x_wconf 72' lang='grc' dir='ltr'>κορυφαῖος</span> <span class='ocrx_word' id='word_1_192' title='bbox 740 2515 848 2569; x_wconf 89' lang='grc' dir='ltr'>τῶν</span> <span class='ocrx_word' id='word_1_193' title='bbox 871 2512 1198 2573; x_wconf 85' lang='grc' dir='ltr'>ἀποστόλων,</span> <span class='ocrx_word' id='word_1_194' title='bbox 1228 2510 1355 2581; x_wconf 84' lang='grc' dir='ltr'>μιᾶς</span> <span class='ocrx_word' id='word_1_195' title='bbox 1379 2503 1829 2590; x_wconf 36' lang='grc' dir='ltr'>θυρωροῦ-δείσας</span> <span class='ocrx_word' id='word_1_196' title='bbox 1852 2503 1980 2590; x_wconf 77' lang='grc' dir='ltr'>ἀπει</span> <span class='ocrx_word' id='word_1_197' title='bbox 1996 2529 2009 2541; x_wconf 75' lang='grc' dir='ltr'><strong><em>ο</em></strong></span> 
     </span>
    </p>
   </div>
   <div class='ocr_carea' id='block_1_28' title="bbox 427 2583 2009 2673">
    <p class='ocr_par' dir='ltr' id='par_1_28' title="bbox 427 2583 2009 2673">
     <span class='ocr_line' id='line_1_28' title="bbox 427 2583 2009 2673; baseline -0.011 -18"><span class='ocrx_word' id='word_1_198' title='bbox 427 2583 548 2673; x_wconf 77' lang='grc' dir='ltr'>λήν.</span> <span class='ocrx_word' id='word_1_199' title='bbox 577 2583 770 2663; x_wconf 51' lang='grc' dir='ltr'>Ὀὕτως</span> <span class='ocrx_word' id='word_1_200' title='bbox 804 2597 864 2663; x_wconf 83' lang='grc' dir='ltr'>ἐξ</span> <span class='ocrx_word' id='word_1_201' title='bbox 894 2596 1103 2650; x_wconf 88' lang='grc' dir='ltr'>ἐκείνου</span> <span class='ocrx_word' id='word_1_202' title='bbox 1142 2594 1314 2646; x_wconf 83' lang='grc' dir='ltr'>πᾶσαι</span> <span class='ocrx_word' id='word_1_203' title='bbox 1344 2589 1518 2662; x_wconf 85' lang='grc' dir='ltr'>χῶραι</span> <span class='ocrx_word' id='word_1_204' title='bbox 1564 2588 1660 2643; x_wconf 75' lang='grc' dir='ltr'>καὶ</span> <span class='ocrx_word' id='word_1_205' title='bbox 1700 2588 1872 2673; x_wconf 82' lang='grc' dir='ltr'>πᾶσαι</span> <span class='ocrx_word' id='word_1_206' title='bbox 1911 2583 2009 2673; x_wconf 83' lang='grc' dir='ltr'>πό-</span> 
     </span>
    </p>
   </div>
   <div class='ocr_carea' id='block_1_29' title="bbox 427 2667 2010 2751">
    <p class='ocr_par' dir='ltr' id='par_1_29' title="bbox 427 2667 2010 2751">
     <span class='ocr_line' id='line_1_29' title="bbox 427 2667 2010 2751; baseline -0.012 -11"><span class='ocrx_word' id='word_1_207' title='bbox 427 2667 560 2751; x_wconf 78' lang='grc' dir='ltr'>λεις,</span> <span class='ocrx_word' id='word_1_208' title='bbox 604 2684 699 2738; x_wconf 76' lang='grc' dir='ltr'>καὶ</span> <span class='ocrx_word' id='word_1_209' title='bbox 752 2680 957 2750; x_wconf 83' lang='grc' dir='ltr'>ἐρημος</span> <span class='ocrx_word' id='word_1_210' title='bbox 1005 2678 1098 2730; x_wconf 71' lang='grc' dir='ltr'>καὶ</span> <span class='ocrx_word' id='word_1_211' title='bbox 1142 2673 1435 2745; x_wconf 74' lang='grc' dir='ltr'>οἰκουμένη</span> <span class='ocrx_word' id='word_1_212' title='bbox 1483 2673 1578 2726; x_wconf 69' lang='grc' dir='ltr'>καὶ</span> <span class='ocrx_word' id='word_1_213' title='bbox 1622 2670 1876 2741; x_wconf 88' lang='grc' dir='ltr'>ἀοίκητος</span> <span class='ocrx_word' id='word_1_214' title='bbox 1917 2667 2010 2721; x_wconf 91' lang='grc' dir='ltr'>τὸν</span> 
     </span>
    </p>
   </div>
   <div class='ocr_carea' id='block_1_30' title="bbox 430 2752 2011 2836">
    <p class='ocr_par' dir='ltr' id='par_1_30' title="bbox 430 2752 2011 2836">
     <span class='ocr_line' id='line_1_30' title="bbox 430 2752 2011 2836; baseline -0.011 -15"><span class='ocrx_word' id='word_1_215' title='bbox 430 2763 844 2836; x_wconf 87' lang='grc' dir='ltr'>ἐσταυρωμένον</span> <span class='ocrx_word' id='word_1_216' title='bbox 904 2757 1380 2830; x_wconf 85' lang='grc' dir='ltr'>ἀνακηρύττομεν’</span> <span class='ocrx_word' id='word_1_217' title='bbox 1453 2756 1548 2809; x_wconf 76' lang='grc' dir='ltr'>καὶ</span> <span class='ocrx_word' id='word_1_218' title='bbox 1613 2754 1847 2836; x_wconf 85' lang='grc' dir='ltr'>βασιλεῖς</span> <span class='ocrx_word' id='word_1_219' title='bbox 1916 2752 2011 2836; x_wconf 66' lang='grc' dir='ltr'>καί</span> 
     </span>
    </p>
   </div>
   <div class='ocr_carea' id='block_1_31' title="bbox 433 2833 2011 2919">
    <p class='ocr_par' dir='ltr' id='par_1_31' title="bbox 433 2833 2011 2919">
     <span class='ocr_line' id='line_1_31' title="bbox 433 2833 2011 2919; baseline -0.01 -17"><span class='ocrx_word' id='word_1_220' title='bbox 433 2833 726 2919; x_wconf 79' lang='grc' dir='ltr'>στρατηγοὶ</span> <span class='ocrx_word' id='word_1_221' title='bbox 762 2845 857 2898; x_wconf 75' lang='grc' dir='ltr'>καὶ</span> <span class='ocrx_word' id='word_1_222' title='bbox 901 2843 1158 2913; x_wconf 80' lang='grc' dir='ltr'>ἄρχοντες</span> <span class='ocrx_word' id='word_1_223' title='bbox 1189 2840 1285 2893; x_wconf 76' lang='grc' dir='ltr'>καὶ</span> <span class='ocrx_word' id='word_1_224' title='bbox 1316 2837 1531 2902; x_wconf 75' lang='grc' dir='ltr'>ὕπατοι,</span> <span class='ocrx_word' id='word_1_225' title='bbox 1575 2838 1669 2891; x_wconf 75' lang='grc' dir='ltr'>καὶ</span> <span class='ocrx_word' id='word_1_226' title='bbox 1704 2835 1878 2890; x_wconf 89' lang='grc' dir='ltr'>δοῦλοι</span> <span class='ocrx_word' id='word_1_227' title='bbox 1915 2833 2011 2919; x_wconf 61' lang='grc' dir='ltr'>καλ</span> 
     </span>
    </p>
   </div>
   <div class='ocr_carea' id='block_1_32' title="bbox 431 2917 2012 3002">
    <p class='ocr_par' dir='ltr' id='par_1_32' title="bbox 431 2917 2012 3002">
     <span class='ocr_line' id='line_1_32' title="bbox 431 2917 2012 3002; baseline -0.011 -15"><span class='ocrx_word' id='word_1_228' title='bbox 431 2917 724 3002; x_wconf 79' lang='grc' dir='ltr'>ἐλεύθεροι,</span> <span class='ocrx_word' id='word_1_229' title='bbox 767 2930 860 2982; x_wconf 81' lang='grc' dir='ltr'>καὶ</span> <span class='ocrx_word' id='word_1_230' title='bbox 904 2924 1111 2980; x_wconf 84' lang='grc' dir='ltr'>ἰδιῶται</span> <span class='ocrx_word' id='word_1_231' title='bbox 1166 2924 1261 2977; x_wconf 76' lang='grc' dir='ltr'>καὶ</span> <span class='ocrx_word' id='word_1_232' title='bbox 1312 2921 1465 2990; x_wconf 88' lang='grc' dir='ltr'>σοφοί</span> <span class='ocrx_word' id='word_1_233' title='bbox 1510 2921 1606 3002; x_wconf 72' lang='grc' dir='ltr'>καὶ</span> <span class='ocrx_word' id='word_1_234' title='bbox 1652 2920 1864 3002; x_wconf 82' lang='grc' dir='ltr'>ἄσοφοι,</span> <span class='ocrx_word' id='word_1_235' title='bbox 1916 2917 2012 3002; x_wconf 60' lang='grc' dir='ltr'>καλ</span> 
     </span>
    </p>
   </div>
   <div class='ocr_carea' id='block_1_33' title="bbox 435 2999 2011 3090">
    <p class='ocr_par' dir='ltr' id='par_1_33' title="bbox 435 2999 2011 3090">
     <span class='ocr_line' id='line_1_33' title="bbox 435 2999 2011 3090; baseline -0.011 -20"><span class='ocrx_word' id='word_1_236' title='bbox 435 2999 698 3086; x_wconf 78' lang='grc' dir='ltr'>βάρϐαροι</span> <span class='ocrx_word' id='word_1_237' title='bbox 741 3012 836 3064; x_wconf 78' lang='grc' dir='ltr'>καὶ</span> <span class='ocrx_word' id='word_1_238' title='bbox 878 3009 946 3063; x_wconf 80' lang='grc' dir='ltr'>τά</span> <span class='ocrx_word' id='word_1_239' title='bbox 986 3006 1206 3061; x_wconf 76' lang='grc' dir='ltr'>ποικίλα</span> <span class='ocrx_word' id='word_1_240' title='bbox 1242 3004 1349 3059; x_wconf 90' lang='grc' dir='ltr'>τῶν</span> <span class='ocrx_word' id='word_1_241' title='bbox 1397 2999 2011 3090; x_wconf 28' lang='grc' dir='ltr'>ἀνθρώπων-γένηηκαὶ</span> 
     </span>
    </p>
   </div>
   <div class='ocr_carea' id='block_1_34' title="bbox 430 3082 2009 3166">
    <p class='ocr_par' dir='ltr' id='par_1_34' title="bbox 430 3082 2009 3166">
     <span class='ocr_line' id='line_1_34' title="bbox 430 3082 2009 3166; baseline -0.011 -14"><span class='ocrx_word' id='word_1_242' title='bbox 430 3082 775 3166; x_wconf 60' lang='grc' dir='ltr'>λοιπὸνὸσην</span> <span class='ocrx_word' id='word_1_243' title='bbox 801 3093 950 3164; x_wconf 79' lang='grc' dir='ltr'>ἥλιος</span> <span class='ocrx_word' id='word_1_244' title='bbox 981 3091 1154 3163; x_wconf 81' lang='grc' dir='ltr'>ἐφορᾷ</span> <span class='ocrx_word' id='word_1_245' title='bbox 1182 3092 1307 3161; x_wconf 86' lang='grc' dir='ltr'>γῆν,</span> <span class='ocrx_word' id='word_1_246' title='bbox 1345 3087 1549 3159; x_wconf 91' lang='grc' dir='ltr'>ταύτην</span> <span class='ocrx_word' id='word_1_247' title='bbox 1589 3085 1654 3157; x_wconf 79' lang='grc' dir='ltr'>δὴ</span> <span class='ocrx_word' id='word_1_248' title='bbox 1679 3086 1778 3157; x_wconf 82' lang='grc' dir='ltr'>τήν</span> <span class='ocrx_word' id='word_1_249' title='bbox 1816 3082 2009 3138; x_wconf 81' lang='grc' dir='ltr'>τοσαύ-</span> 
     </span>
    </p>
   </div>
   <div class='ocr_carea' id='block_1_35' title="bbox 429 3165 2013 3253">
    <p class='ocr_par' dir='ltr' id='par_1_35' title="bbox 429 3165 2013 3253">
     <span class='ocr_line' id='line_1_35' title="bbox 429 3165 2013 3253; baseline -0.012 -16"><span class='ocrx_word' id='word_1_250' title='bbox 429 3199 530 3253; x_wconf 89' lang='grc' dir='ltr'>την</span> <span class='ocrx_word' id='word_1_251' title='bbox 587 3165 883 3251; x_wconf 86' lang='grc' dir='ltr'>ἐπέδραμε,</span> <span class='ocrx_word' id='word_1_252' title='bbox 925 3175 987 3229; x_wconf 89' lang='grc' dir='ltr'>τὸ</span> <span class='ocrx_word' id='word_1_253' title='bbox 1030 3174 1203 3244; x_wconf 75' lang='grc' dir='ltr'>ὄνομα</span> <span class='ocrx_word' id='word_1_254' title='bbox 1249 3171 1421 3253; x_wconf 12' lang='grc' dir='ltr'>καίῗή</span> <span class='ocrx_word' id='word_1_255' title='bbox 1475 3168 1876 3253; x_wconf 75' lang='grc' dir='ltr'>προσκύνησις,</span> <span class='ocrx_word' id='word_1_256' title='bbox 1926 3165 2013 3253; x_wconf 75' lang='grc' dir='ltr'>ἵνα</span> 
     </span>
    </p>
   </div>
   <div class='ocr_carea' id='block_1_36' title="bbox 435 3247 2009 3338">
    <p class='ocr_par' dir='ltr' id='par_1_36' title="bbox 435 3247 2009 3338">
     <span class='ocr_line' id='line_1_36' title="bbox 435 3247 2009 3338; baseline -0.009 -20"><span class='ocrx_word' id='word_1_257' title='bbox 435 3247 611 3338; x_wconf 78' lang='grc' dir='ltr'>μάθῃς</span> <span class='ocrx_word' id='word_1_258' title='bbox 636 3263 689 3315; x_wconf 90' lang='grc' dir='ltr'>τί</span> <span class='ocrx_word' id='word_1_259' title='bbox 719 3247 898 3325; x_wconf 80' lang='grc' dir='ltr'>ἐστιν,</span> <span class='ocrx_word' id='word_1_260' title='bbox 932 3259 1138 3311; x_wconf 83' lang='grc' dir='ltr'>Ἔσται</span> <span class='ocrx_word' id='word_1_261' title='bbox 1182 3255 1221 3323; x_wconf 78' lang='grc' dir='ltr'>ἡ</span> <span class='ocrx_word' id='word_1_262' title='bbox 1254 3252 1598 3338; x_wconf 71' lang='grc' dir='ltr'>ἀνάπαυσις</span> <span class='ocrx_word' id='word_1_263' title='bbox 1637 3251 1824 3338; x_wconf 67' lang='grc' dir='ltr'>αὐτοῦ</span> <span class='ocrx_word' id='word_1_264' title='bbox 1851 3247 2009 3338; x_wconf 65' lang='grc' dir='ltr'>τιμή.</span> 
     </span>
    </p>
   </div>
   <div class='ocr_carea' id='block_1_37' title="bbox 443 3330 2021 3426">
    <p class='ocr_par' dir='ltr' id='par_1_37' title="bbox 443 3330 2021 3426">
     <span class='ocr_line' id='line_1_37' title="bbox 443 3330 2021 3426; baseline 0.002 -33"><span class='ocrx_word' id='word_1_265' title='bbox 443 3330 502 3402; x_wconf 64' lang='grc' dir='ltr'>³ο</span> <span class='ocrx_word' id='word_1_266' title='bbox 544 3330 605 3400; x_wconf 54' lang='grc' dir='ltr'>ἑὲ</span> <span class='ocrx_word' id='word_1_267' title='bbox 643 3345 705 3397; x_wconf 90' lang='grc' dir='ltr'>τὸ</span> <span class='ocrx_word' id='word_1_268' title='bbox 746 3342 908 3414; x_wconf 88' lang='grc' dir='ltr'>σῶμα</span> <span class='ocrx_word' id='word_1_269' title='bbox 952 3339 1240 3410; x_wconf 83' lang='grc' dir='ltr'>δεξάμενος</span> <span class='ocrx_word' id='word_1_270' title='bbox 1260 3338 1452 3426; x_wconf 69' lang='grc' dir='ltr'>Δἐκεῖνο</span> <span class='ocrx_word' id='word_1_271' title='bbox 1491 3334 1553 3387; x_wconf 89' lang='grc' dir='ltr'>τὸ</span> <span class='ocrx_word' id='word_1_272' title='bbox 1586 3333 1791 3426; x_wconf 71' lang='grc' dir='ltr'>σφαγέν</span> <span class='ocrx_word' id='word_1_273' title='bbox 1828 3330 2021 3426; x_wconf 46' lang='grc' dir='ltr'>τότξίὶςν,</span> 
     </span>
    </p>
   </div>
   <div class='ocr_carea' id='block_1_38' title="bbox 435 3414 2013 3503">
    <p class='ocr_par' dir='ltr' id='par_1_38' title="bbox 435 3414 2013 3503">
     <span class='ocr_line' id='line_1_38' title="bbox 435 3414 2013 3503; baseline -0.011 -18"><span class='ocrx_word' id='word_1_274' title='bbox 435 3427 664 3503; x_wconf 85' lang='grc' dir='ltr'>σμικρὸς</span> <span class='ocrx_word' id='word_1_275' title='bbox 717 3426 791 3480; x_wconf 83' lang='grc' dir='ltr'>ὣν</span> <span class='ocrx_word' id='word_1_276' title='bbox 834 3424 933 3480; x_wconf 72' lang='grc' dir='ltr'>καὶ</span> <span class='ocrx_word' id='word_1_277' title='bbox 1001 3423 1206 3493; x_wconf 82' lang='grc' dir='ltr'>σφόδρα</span> <span class='ocrx_word' id='word_1_278' title='bbox 1256 3419 1461 3503; x_wconf 65' lang='grc' dir='ltr'>βραχύς</span> <span class='ocrx_word' id='word_1_279' title='bbox 1487 3457 1537 3503; x_wconf 21' lang='grc' dir='ltr'>,Α</span> <span class='ocrx_word' id='word_1_280' title='bbox 1572 3416 1789 3503; x_wconf 73' lang='grc' dir='ltr'>μυρίων</span> <span class='ocrx_word' id='word_1_281' title='bbox 1837 3414 2013 3503; x_wconf 63' lang='grc' dir='ltr'>αύλῶν</span> 
     </span>
    </p>
   </div>
   <div class='ocr_carea' id='block_1_39' title="bbox 438 3497 2015 3584">
    <p class='ocr_par' dir='ltr' id='par_1_39' title="bbox 438 3497 2015 3584">
     <span class='ocr_line' id='line_1_39' title="bbox 438 3497 2015 3584; baseline -0.012 -17"><span class='ocrx_word' id='word_1_282' title='bbox 438 3497 728 3584; x_wconf 71' lang='grc' dir='ltr'>βασιλικῶν</span> <span class='ocrx_word' id='word_1_283' title='bbox 775 3510 893 3562; x_wconf 83' lang='grc' dir='ltr'>ἐστι</span> <span class='ocrx_word' id='word_1_284' title='bbox 941 3504 1298 3576; x_wconf 87' lang='grc' dir='ltr'>σεμνότερος,</span> <span class='ocrx_word' id='word_1_285' title='bbox 1342 3501 1437 3554; x_wconf 80' lang='grc' dir='ltr'>καὶ</span> <span class='ocrx_word' id='word_1_286' title='bbox 1468 3500 1662 3584; x_wconf 82' lang='grc' dir='ltr'>αὐτοῖς</span> <span class='ocrx_word' id='word_1_287' title='bbox 1708 3500 1818 3562; x_wconf 90' lang='grc' dir='ltr'>τοῖς</span> <span class='ocrx_word' id='word_1_288' title='bbox 1861 3497 2015 3584; x_wconf 50' lang='grc' dir='ltr'>βασις</span> 
     </span>
    </p>
   </div>
   <div class='ocr_carea' id='block_1_40' title="bbox 433 3579 2012 3663">
    <p class='ocr_par' dir='ltr' id='par_1_40' title="bbox 433 3579 2012 3663">
     <span class='ocr_line' id='line_1_40' title="bbox 433 3579 2012 3663; baseline -0.01 -14"><span class='ocrx_word' id='word_1_289' title='bbox 433 3579 586 3649; x_wconf 87' lang='grc' dir='ltr'>λεῦσι</span> <span class='ocrx_word' id='word_1_290' title='bbox 624 3590 948 3663; x_wconf 85' lang='grc' dir='ltr'>τιμιώτερος</span> <span class='ocrx_word' id='word_1_291' title='bbox 967 3604 980 3618; x_wconf 89' lang='grc'><strong>·</strong></span> <span class='ocrx_word' id='word_1_292' title='bbox 1028 3586 1137 3641; x_wconf 74' lang='grc' dir='ltr'>Καὶ</span> <span class='ocrx_word' id='word_1_293' title='bbox 1168 3584 1341 3638; x_wconf 77' lang='grc' dir='ltr'>ἔσται</span> <span class='ocrx_word' id='word_1_294' title='bbox 1376 3584 1415 3651; x_wconf 74' lang='grc' dir='ltr'><strong><em>ἡ</em></strong></span> <span class='ocrx_word' id='word_1_295' title='bbox 1447 3581 1794 3646; x_wconf 77' lang='grc' dir='ltr'>ἀνάπαυσις</span> <span class='ocrx_word' id='word_1_296' title='bbox 1826 3579 2012 3663; x_wconf 66' lang='grc' dir='ltr'>αὐτοῦ</span> 
     </span>
    </p>
   </div>
   <div class='ocr_carea' id='block_1_41' title="bbox 434 3661 2015 3747">
    <p class='ocr_par' dir='ltr' id='par_1_41' title="bbox 434 3661 2015 3747">
     <span class='ocr_line' id='line_1_41' title="bbox 434 3661 2015 3747; baseline -0.011 -15"><span class='ocrx_word' id='word_1_297' title='bbox 434 3678 592 3747; x_wconf 82' lang='grc' dir='ltr'>τιμή.</span> <span class='ocrx_word' id='word_1_298' title='bbox 627 3661 700 3728; x_wconf 88' lang='grc' dir='ltr'>Τὸ</span> <span class='ocrx_word' id='word_1_299' title='bbox 733 3673 789 3725; x_wconf 82' lang='grc' dir='ltr'>δὲ</span> <span class='ocrx_word' id='word_1_300' title='bbox 823 3668 1122 3742; x_wconf 80' lang='grc' dir='ltr'>παράδοξον</span> <span class='ocrx_word' id='word_1_301' title='bbox 1142 3706 1157 3730; x_wconf 93' lang='grc'>,</span> <span class='ocrx_word' id='word_1_302' title='bbox 1204 3667 1304 3719; x_wconf 81' lang='grc' dir='ltr'>οὐκ</span> <span class='ocrx_word' id='word_1_303' title='bbox 1338 3665 1423 3718; x_wconf 86' lang='grc' dir='ltr'>ἐπ’</span> <span class='ocrx_word' id='word_1_304' title='bbox 1465 3664 1647 3747; x_wconf 81' lang='grc' dir='ltr'>αὑτοῦ</span> <span class='ocrx_word' id='word_1_305' title='bbox 1666 3664 1845 3747; x_wconf 85' lang='grc' dir='ltr'>μόνον,</span> <span class='ocrx_word' id='word_1_306' title='bbox 1878 3661 2015 3747; x_wconf 85' lang='grc' dir='ltr'>άλλά</span> 
     </span>
    </p>
   </div>
   <div class='ocr_carea' id='block_1_42' title="bbox 436 3746 2014 3826">
    <p class='ocr_par' dir='ltr' id='par_1_42' title="bbox 436 3746 2014 3826">
     <span class='ocr_line' id='line_1_42' title="bbox 436 3746 2014 3826; baseline -0.011 -11"><span class='ocrx_word' id='word_1_307' title='bbox 436 3746 533 3816; x_wconf 61' lang='grc' dir='ltr'>καὶ⁹</span> <span class='ocrx_word' id='word_1_308' title='bbox 559 3758 650 3817; x_wconf 71' lang='grc' dir='ltr'>ἐπὶ</span> <span class='ocrx_word' id='word_1_309' title='bbox 683 3756 795 3809; x_wconf 91' lang='grc' dir='ltr'>τῶν</span> <span class='ocrx_word' id='word_1_310' title='bbox 825 3751 1078 3826; x_wconf 86' lang='grc' dir='ltr'>μαθητῶν</span> <span class='ocrx_word' id='word_1_311' title='bbox 1111 3748 1275 3803; x_wconf 82' lang='grc' dir='ltr'>αὐτοῦ</span> <span class='ocrx_word' id='word_1_312' title='bbox 1307 3748 1370 3801; x_wconf 90' lang='grc' dir='ltr'>τὸ</span> <span class='ocrx_word' id='word_1_313' title='bbox 1404 3747 1535 3801; x_wconf 82' lang='grc' dir='ltr'>αὐτὸ</span> <span class='ocrx_word' id='word_1_314' title='bbox 1570 3746 1727 3799; x_wconf 88' lang='grc' dir='ltr'>τοῦτο</span> <span class='ocrx_word' id='word_1_315' title='bbox 1759 3746 1824 3818; x_wconf 82' lang='grc' dir='ltr'>δὴ</span> <span class='ocrx_word' id='word_1_316' title='bbox 1855 3746 2014 3815; x_wconf 85' lang='grc' dir='ltr'>γέγο-</span> 
     </span>
    </p>
   </div>
   <div class='ocr_carea' id='block_1_43' title="bbox 437 3831 2015 3910">
    <p class='ocr_par' dir='ltr' id='par_1_43' title="bbox 437 3831 2015 3910">
     <span class='ocr_line' id='line_1_43' title="bbox 437 3831 2015 3910; baseline -0.01 -12"><span class='ocrx_word' id='word_1_317' title='bbox 437 3862 547 3899; x_wconf 90' lang='grc' dir='ltr'>νεν.</span> <span class='ocrx_word' id='word_1_318' title='bbox 589 3841 651 3896; x_wconf 73' lang='lat' dir='ltr'>Ol</span> <span class='ocrx_word' id='word_1_319' title='bbox 696 3838 804 3910; x_wconf 75' lang='grc' dir='ltr'>γὰρ</span> <span class='ocrx_word' id='word_1_320' title='bbox 841 3837 1097 3907; x_wconf 84' lang='grc' dir='ltr'>ἀγόμενοι</span> <span class='ocrx_word' id='word_1_321' title='bbox 1150 3832 1244 3886; x_wconf 81' lang='grc' dir='ltr'>καί</span> <span class='ocrx_word' id='word_1_322' title='bbox 1295 3831 1718 3903; x_wconf 89' lang='grc' dir='ltr'>περιαγόμενοι,</span> <span class='ocrx_word' id='word_1_323' title='bbox 1752 3831 1803 3883; x_wconf 88' lang='grc' dir='ltr'>οἰ</span> <span class='ocrx_word' id='word_1_324' title='bbox 1847 3847 2015 3884; x_wconf 88' lang='grc' dir='ltr'>κατα-</span> 
     </span>
    </p>
   </div>
   <div class='ocr_carea' id='block_1_44' title="bbox 439 3911 2013 3997">
    <p class='ocr_par' dir='ltr' id='par_1_44' title="bbox 439 3911 2013 3997">
     <span class='ocr_line' id='line_1_44' title="bbox 439 3911 2013 3997; baseline -0.016 -18"><span class='ocrx_word' id='word_1_325' title='bbox 439 3922 814 3997; x_wconf 88' lang='grc' dir='ltr'>φρονούμενοι,</span> <span class='ocrx_word' id='word_1_326' title='bbox 873 3919 968 3972; x_wconf 72' lang='grc' dir='ltr'>καὶ</span> <span class='ocrx_word' id='word_1_327' title='bbox 1005 3914 1407 3997; x_wconf 61' lang='grc' dir='ltr'>δεσμούμενοι,</span> <span class='ocrx_word' id='word_1_328' title='bbox 1439 3913 1489 3997; x_wconf 75' lang='grc' dir='ltr'>οἰ</span> <span class='ocrx_word' id='word_1_329' title='bbox 1552 3912 1623 3997; x_wconf 68' lang='grc' dir='ltr'>τά</span> <span class='ocrx_word' id='word_1_330' title='bbox 1681 3911 1878 3997; x_wconf 43' lang='grc' dir='ltr'>μυρία,-</span> <span class='ocrx_word' id='word_1_331' title='bbox 1907 3911 2013 3965; x_wconf 76' lang='grc' dir='ltr'>πά-</span> 
     </span>
    </p>
   </div>
   <div class='ocr_carea' id='block_1_45' title="bbox 439 3993 2012 4079">
    <p class='ocr_par' dir='ltr' id='par_1_45' title="bbox 439 3993 2012 4079">
     <span class='ocr_line' id='line_1_45' title="bbox 439 3993 2012 4079; baseline -0.01 -16"><span class='ocrx_word' id='word_1_332' title='bbox 439 3993 655 4079; x_wconf 79' lang='grc' dir='ltr'>σχοντες</span> <span class='ocrx_word' id='word_1_333' title='bbox 687 4003 854 4069; x_wconf 78' lang='grc' dir='ltr'>δεινά,</span> <span class='ocrx_word' id='word_1_334' title='bbox 899 4000 1314 4070; x_wconf 84' lang='grc' dir='ltr'>τελευτήσαντες</span> <span class='ocrx_word' id='word_1_335' title='bbox 1351 3994 1530 4050; x_wconf 76' lang='grc' dir='ltr'>αὐτῶν</span> <span class='ocrx_word' id='word_1_336' title='bbox 1557 3993 1802 4079; x_wconf 21' lang='grc' dir='ltr'>είσιᾼτῶν</span> <span class='ocrx_word' id='word_1_337' title='bbox 1855 3994 2012 4065; x_wconf 84' lang='grc' dir='ltr'>βασι-</span> 
     </span>
    </p>
   </div>
   <div class='ocr_carea' id='block_1_46' title="bbox 436 4077 2012 4160">
    <p class='ocr_par' dir='ltr' id='par_1_46' title="bbox 436 4077 2012 4160">
     <span class='ocr_line' id='line_1_46' title="bbox 436 4077 2012 4160; baseline -0.011 -14"><span class='ocrx_word' id='word_1_338' title='bbox 436 4077 574 4147; x_wconf 81' lang='grc' dir='ltr'>λέων</span> <span class='ocrx_word' id='word_1_339' title='bbox 610 4086 954 4160; x_wconf 76' lang='grc' dir='ltr'>τιμιώτεροιο</span> <span class='ocrx_word' id='word_1_340' title='bbox 986 4084 1080 4137; x_wconf 74' lang='grc' dir='ltr'>καὶ</span> <span class='ocrx_word' id='word_1_341' title='bbox 1120 4081 1256 4145; x_wconf 84' lang='grc' dir='ltr'>πῶς,</span> <span class='ocrx_word' id='word_1_342' title='bbox 1294 4080 1484 4134; x_wconf 91' lang='grc' dir='ltr'>σκόπει</span> <span class='ocrx_word' id='word_1_343' title='bbox 1514 4077 1780 4133; x_wconf 89' lang='grc' dir='ltr'>ἐντεῦθεν.</span> <span class='ocrx_word' id='word_1_344' title='bbox 1832 4079 1920 4160; x_wconf 82' lang='grc' dir='ltr'>Ἑν</span> 
     </span>
    </p>
   </div>
   <div class='ocr_carea' id='block_1_47' title="bbox 441 4159 2016 4245">
    <p class='ocr_par' dir='ltr' id='par_1_47' title="bbox 441 4159 2016 4245">
     <span class='ocr_line' id='line_1_47' title="bbox 441 4159 2016 4245; baseline -0.008 -19"><span class='ocrx_word' id='word_1_345' title='bbox 441 4159 840 4245; x_wconf 80' lang='grc' dir='ltr'>βασιλικωτάτῃ</span> <span class='ocrx_word' id='word_1_346' title='bbox 864 4167 1016 4220; x_wconf 82' lang='grc' dir='ltr'>πόλει</span> <span class='ocrx_word' id='word_1_347' title='bbox 1043 4163 1254 4237; x_wconf 84' lang='grc' dir='ltr'>Ῥώμῃ,</span> <span class='ocrx_word' id='word_1_348' title='bbox 1283 4161 1463 4217; x_wconf 85' lang='grc' dir='ltr'>πάντα</span> <span class='ocrx_word' id='word_1_349' title='bbox 1488 4160 1758 4245; x_wconf 86' lang='grc' dir='ltr'>ἀφιέντες,</span> <span class='ocrx_word' id='word_1_350' title='bbox 1780 4159 1874 4213; x_wconf 78' lang='grc' dir='ltr'>ἐπὶ</span> <span class='ocrx_word' id='word_1_351' title='bbox 1886 4159 2016 4245; x_wconf 79' lang='grc' dir='ltr'>τοὺς</span> 
     </span>
    </p>
   </div>
   <div class='ocr_carea' id='block_1_48' title="bbox 437 4243 2015 4326">
    <p class='ocr_par' dir='ltr' id='par_1_48' title="bbox 437 4243 2015 4326">
     <span class='ocr_line' id='line_1_48' title="bbox 437 4243 2015 4326; baseline -0.008 -16"><span class='ocrx_word' id='word_1_352' title='bbox 437 4243 641 4326; x_wconf 79' lang='grc' dir='ltr'>τάφους</span> <span class='ocrx_word' id='word_1_353' title='bbox 677 4254 771 4306; x_wconf 89' lang='grc' dir='ltr'>τοῦ</span> <span class='ocrx_word' id='word_1_354' title='bbox 800 4250 996 4313; x_wconf 85' lang='grc' dir='ltr'>ἁλιέως</span> <span class='ocrx_word' id='word_1_355' title='bbox 1023 4247 1118 4303; x_wconf 80' lang='grc' dir='ltr'>καί</span> <span class='ocrx_word' id='word_1_356' title='bbox 1147 4246 1243 4300; x_wconf 90' lang='grc' dir='ltr'>τοῦ</span> <span class='ocrx_word' id='word_1_357' title='bbox 1273 4244 1598 4315; x_wconf 86' lang='grc' dir='ltr'>σκηνοποιοῦ</span> <span class='ocrx_word' id='word_1_358' title='bbox 1636 4243 1885 4314; x_wconf 87' lang='grc' dir='ltr'>τρέχουσι</span> <span class='ocrx_word' id='word_1_359' title='bbox 1920 4244 2015 4298; x_wconf 73' lang='grc' dir='ltr'>καὶ</span> 
     </span>
    </p>
   </div>
   <div class='ocr_carea' id='block_1_49' title="bbox 442 4328 2017 4411">
    <p class='ocr_par' dir='ltr' id='par_1_49' title="bbox 442 4328 2017 4411">
     <span class='ocr_line' id='line_1_49' title="bbox 442 4328 2017 4411; baseline -0.01 -17"><span class='ocrx_word' id='word_1_360' title='bbox 442 4340 679 4411; x_wconf 83' lang='grc' dir='ltr'>βασιλεῖς</span> <span class='ocrx_word' id='word_1_361' title='bbox 717 4336 810 4390; x_wconf 73' lang='grc' dir='ltr'>καὶ</span> <span class='ocrx_word' id='word_1_362' title='bbox 844 4334 1042 4388; x_wconf 77' lang='grc' dir='ltr'>ὕπατοι</span> <span class='ocrx_word' id='word_1_363' title='bbox 1061 4331 1156 4386; x_wconf 78' lang='grc' dir='ltr'>καί</span> <span class='ocrx_word' id='word_1_364' title='bbox 1185 4329 1511 4402; x_wconf 88' lang='grc' dir='ltr'>στρατηγοί·</span> <span class='ocrx_word' id='word_1_365' title='bbox 1571 4328 1680 4411; x_wconf 47' lang='grc' dir='ltr'>καί</span> <span class='ocrx_word' id='word_1_366' title='bbox 1693 4328 1748 4379; x_wconf 89' lang='grc' dir='ltr'>ἐν</span> <span class='ocrx_word' id='word_1_367' title='bbox 1774 4329 1838 4398; x_wconf 84' lang='grc' dir='ltr'>τῇ</span> <span class='ocrx_word' id='word_1_368' title='bbox 1863 4328 2017 4411; x_wconf 82' lang='grc' dir='ltr'>Κων-</span> 
     </span>
    </p>
   </div>
   <div class='ocr_carea' id='block_1_50' title="bbox 443 4408 2012 4485">
    <p class='ocr_par' dir='ltr' id='par_1_50' title="bbox 443 4408 2012 4485">
     <span class='ocr_line' id='line_1_50' title="bbox 443 4408 2012 4485; baseline -0.008 -11"><span class='ocrx_word' id='word_1_369' title='bbox 443 4408 876 4475; x_wconf 83' lang='grc' dir='ltr'>σταντινουπόλει</span> <span class='ocrx_word' id='word_1_370' title='bbox 912 4417 968 4470; x_wconf 85' lang='grc' dir='ltr'>δὲ</span> <span class='ocrx_word' id='word_1_371' title='bbox 1000 4413 1120 4468; x_wconf 82' lang='grc' dir='ltr'>ούδέ</span> <span class='ocrx_word' id='word_1_372' title='bbox 1148 4412 1285 4485; x_wconf 91' lang='grc' dir='ltr'>πρὸς</span> <span class='ocrx_word' id='word_1_373' title='bbox 1313 4412 1438 4473; x_wconf 74' lang='grc' dir='ltr'>τοὺς</span> <span class='ocrx_word' id='word_1_374' title='bbox 1468 4408 1794 4472; x_wconf 86' lang='grc' dir='ltr'>ἀποστόλους</span> <span class='ocrx_word' id='word_1_375' title='bbox 1825 4409 2012 4478; x_wconf 82' lang='grc' dir='ltr'>ἐγγὺς,</span> 
     </span>
    </p>
   </div>
   <div class='ocr_carea' id='block_1_51' title="bbox 441 4488 2016 4572">
    <p class='ocr_par' dir='ltr' id='par_1_51' title="bbox 441 4488 2016 4572">
     <span class='ocr_line' id='line_1_51' title="bbox 441 4488 2016 4572; baseline -0.009 -14"><span class='ocrx_word' id='word_1_376' title='bbox 441 4503 577 4558; x_wconf 81' lang='grc' dir='ltr'>ἀλλὰ</span> <span class='ocrx_word' id='word_1_377' title='bbox 608 4501 737 4572; x_wconf 76' lang='grc' dir='ltr'>παρ’</span> <span class='ocrx_word' id='word_1_378' title='bbox 756 4499 895 4552; x_wconf 84' lang='grc' dir='ltr'>αὐτὰ</span> <span class='ocrx_word' id='word_1_379' title='bbox 923 4498 993 4552; x_wconf 79' lang='grc' dir='ltr'>τὰ</span> <span class='ocrx_word' id='word_1_380' title='bbox 1018 4497 1265 4570; x_wconf 86' lang='grc' dir='ltr'>πρόθυρα</span> <span class='ocrx_word' id='word_1_381' title='bbox 1296 4494 1399 4559; x_wconf 81' lang='grc' dir='ltr'>ἐξω</span> <span class='ocrx_word' id='word_1_382' title='bbox 1430 4493 1713 4563; x_wconf 87' lang='grc' dir='ltr'>ἀγαπητὸν</span> <span class='ocrx_word' id='word_1_383' title='bbox 1741 4488 1878 4546; x_wconf 76' lang='grc' dir='ltr'>εἶναι</span> <span class='ocrx_word' id='word_1_384' title='bbox 1901 4492 2016 4545; x_wconf 87' lang='grc' dir='ltr'>ἐνό-</span> 
     </span>
    </p>
   </div>
   <div class='ocr_carea' id='block_1_52' title="bbox 447 4574 2016 4658">
    <p class='ocr_par' dir='ltr' id='par_1_52' title="bbox 447 4574 2016 4658">
     <span class='ocr_line' id='line_1_52' title="bbox 447 4574 2016 4658; baseline -0.007 -19"><span class='ocrx_word' id='word_1_385' title='bbox 447 4602 611 4658; x_wconf 90' lang='grc' dir='ltr'>μισαν</span> <span class='ocrx_word' id='word_1_386' title='bbox 631 4586 680 4637; x_wconf 83' lang='grc' dir='ltr'>οἱ</span> <span class='ocrx_word' id='word_1_387' title='bbox 706 4583 773 4637; x_wconf 84' lang='grc' dir='ltr'>τὰ</span> <span class='ocrx_word' id='word_1_388' title='bbox 809 4582 1112 4650; x_wconf 83' lang='grc' dir='ltr'>διαδήματα</span> <span class='ocrx_word' id='word_1_389' title='bbox 1155 4578 1527 4649; x_wconf 86' lang='grc' dir='ltr'>περικείμενοι</span> <span class='ocrx_word' id='word_1_390' title='bbox 1558 4575 1629 4629; x_wconf 90' lang='grc' dir='ltr'>τά</span> <span class='ocrx_word' id='word_1_391' title='bbox 1659 4574 1892 4658; x_wconf 81' lang='grc' dir='ltr'>σώματα</span> <span class='ocrx_word' id='word_1_392' title='bbox 1920 4575 2016 4658; x_wconf 72' lang='grc' dir='ltr'>αύ-</span> 
     </span>
    </p>
   </div>
   <div class='ocr_carea' id='block_1_53' title="bbox 442 4656 2016 4738">
    <p class='ocr_par' dir='ltr' id='par_1_53' title="bbox 442 4656 2016 4738">
     <span class='ocr_line' id='line_1_53' title="bbox 442 4656 2016 4738; baseline -0.008 -14"><span class='ocrx_word' id='word_1_393' title='bbox 442 4656 551 4725; x_wconf 84' lang='grc' dir='ltr'>τῶν</span> <span class='ocrx_word' id='word_1_394' title='bbox 581 4662 1022 4738; x_wconf 89' lang='grc' dir='ltr'>κατορύττεσθαι,</span> <span class='ocrx_word' id='word_1_395' title='bbox 1051 4660 1145 4714; x_wconf 72' lang='grc' dir='ltr'>καὶ</span> <span class='ocrx_word' id='word_1_396' title='bbox 1171 4659 1423 4728; x_wconf 89' lang='grc' dir='ltr'>γεγόνασι</span> <span class='ocrx_word' id='word_1_397' title='bbox 1445 4656 1679 4729; x_wconf 84' lang='grc' dir='ltr'>θυρωροί</span> <span class='ocrx_word' id='word_1_398' title='bbox 1697 4656 1881 4710; x_wconf 88' lang='grc' dir='ltr'>λοιπὸν</span> <span class='ocrx_word' id='word_1_399' title='bbox 1908 4656 2016 4711; x_wconf 89' lang='grc' dir='ltr'>τῶν</span> 
     </span>
    </p>
   </div>
   <div class='ocr_carea' id='block_1_54' title="bbox 443 4738 2014 4821">
    <p class='ocr_par' dir='ltr' id='par_1_54' title="bbox 443 4738 2014 4821">
     <span class='ocr_line' id='line_1_54' title="bbox 443 4738 2014 4821; baseline -0.011 -13"><span class='ocrx_word' id='word_1_400' title='bbox 443 4754 638 4808; x_wconf 86' lang='grc' dir='ltr'>ἁλιέων</span> <span class='ocrx_word' id='word_1_401' title='bbox 654 4753 703 4804; x_wconf 89' lang='grc' dir='ltr'>οἰ</span> <span class='ocrx_word' id='word_1_402' title='bbox 731 4748 988 4821; x_wconf 83' lang='grc' dir='ltr'>βασιλεῖς,</span> <span class='ocrx_word' id='word_1_403' title='bbox 1005 4744 1098 4797; x_wconf 76' lang='grc' dir='ltr'>καὶ</span> <span class='ocrx_word' id='word_1_404' title='bbox 1121 4745 1176 4796; x_wconf 81' lang='grc' dir='ltr'>ἐν</span> <span class='ocrx_word' id='word_1_405' title='bbox 1198 4744 1263 4812; x_wconf 81' lang='grc' dir='ltr'>τῇ</span> <span class='ocrx_word' id='word_1_406' title='bbox 1284 4740 1508 4810; x_wconf 88' lang='grc' dir='ltr'>τελευτῇ</span> <span class='ocrx_word' id='word_1_407' title='bbox 1529 4740 1630 4792; x_wconf 85' lang='grc' dir='ltr'>οὐκ</span> <span class='ocrx_word' id='word_1_408' title='bbox 1652 4738 2014 4808; x_wconf 80' lang='grc' dir='ltr'>αἰσχύνονται,</span> 
     </span>
    </p>
   </div>
   <div class='ocr_carea' id='block_1_55' title="bbox 443 4821 2017 4901">
    <p class='ocr_par' dir='ltr' id='par_1_55' title="bbox 443 4821 2017 4901">
     <span class='ocr_line' id='line_1_55' title="bbox 443 4821 2017 4901; baseline -0.009 -12"><span class='ocrx_word' id='word_1_409' title='bbox 443 4836 578 4890; x_wconf 89' lang='grc' dir='ltr'>άλλά</span> <span class='ocrx_word' id='word_1_410' title='bbox 602 4835 694 4887; x_wconf 68' lang='grc' dir='ltr'>καὶ</span> <span class='ocrx_word' id='word_1_411' title='bbox 721 4827 1237 4901; x_wconf 81' lang='grc' dir='ltr'>ἐγκαλλωπίζονται,</span> <span class='ocrx_word' id='word_1_412' title='bbox 1252 4823 1312 4875; x_wconf 82' lang='grc' dir='ltr'>ού</span> <span class='ocrx_word' id='word_1_413' title='bbox 1338 4821 1494 4892; x_wconf 86' lang='grc' dir='ltr'>μόνον</span> <span class='ocrx_word' id='word_1_414' title='bbox 1515 4821 1685 4886; x_wconf 76' lang='grc' dir='ltr'>αὐτοὶ,</span> <span class='ocrx_word' id='word_1_415' title='bbox 1703 4821 1839 4874; x_wconf 88' lang='grc' dir='ltr'>ἀλλά</span> <span class='ocrx_word' id='word_1_416' title='bbox 1856 4823 1949 4875; x_wconf 79' lang='grc' dir='ltr'>καὶ</span> <span class='ocrx_word' id='word_1_417' title='bbox 1968 4824 2017 4876; x_wconf 85' lang='grc' dir='ltr'>οί</span> 
     </span>
    </p>
   </div>
   <div class='ocr_carea' id='block_1_56' title="bbox 443 4903 2017 4987">
    <p class='ocr_par' dir='ltr' id='par_1_56' title="bbox 443 4903 2017 4987">
     <span class='ocr_line' id='line_1_56' title="bbox 443 4903 2017 4987; baseline -0.011 -14"><span class='ocrx_word' id='word_1_418' title='bbox 443 4920 656 4987; x_wconf 75' lang='grc' dir='ltr'>ἔκγονοι</span> <span class='ocrx_word' id='word_1_419' title='bbox 682 4914 925 4968; x_wconf 83' lang='grc' dir='ltr'>ἐκείνων.</span> <span class='ocrx_word' id='word_1_420' title='bbox 945 4909 1053 4964; x_wconf 81' lang='grc' dir='ltr'>Καὶ</span> <span class='ocrx_word' id='word_1_421' title='bbox 1083 4907 1274 4968; x_wconf 77' lang='grc' dir='ltr'>ἔσται,</span> <span class='ocrx_word' id='word_1_422' title='bbox 1291 4905 1474 4976; x_wconf 76' lang='grc' dir='ltr'>φησὶν,</span> <span class='ocrx_word' id='word_1_423' title='bbox 1490 4905 1528 4972; x_wconf 75' lang='grc' dir='ltr'><strong><em>ἡ</em></strong></span> <span class='ocrx_word' id='word_1_424' title='bbox 1544 4903 1882 4970; x_wconf 80' lang='grc' dir='ltr'>ἀνάπαυσις</span> <span class='ocrx_word' id='word_1_425' title='bbox 1910 4907 2017 4959; x_wconf 85' lang='grc' dir='ltr'>αὺ-</span> 
     </span>
    </p>
   </div>
   <div class='ocr_carea' id='block_1_57' title="bbox 443 4986 2020 5070">
    <p class='ocr_par' dir='ltr' id='par_1_57' title="bbox 443 4986 2020 5070">
     <span class='ocr_line' id='line_1_57' title="bbox 443 4986 2020 5070; baseline -0.018 -14"><span class='ocrx_word' id='word_1_426' title='bbox 443 4986 549 5056; x_wconf 79' lang='grc' dir='ltr'>τοῦ</span> <span class='ocrx_word' id='word_1_427' title='bbox 574 4999 733 5070; x_wconf 82' lang='grc' dir='ltr'>τιμή.</span> <span class='ocrx_word' id='word_1_428' title='bbox 766 4997 901 5051; x_wconf 88' lang='grc' dir='ltr'>Τότε</span> <span class='ocrx_word' id='word_1_429' title='bbox 923 4994 1024 5063; x_wconf 82' lang='grc' dir='ltr'>τῆς</span> <span class='ocrx_word' id='word_1_430' title='bbox 1061 4990 1225 5061; x_wconf 81' lang='grc' dir='ltr'>τιμῆς</span> <span class='ocrx_word' id='word_1_431' title='bbox 1256 4988 1319 5041; x_wconf 90' lang='grc' dir='ltr'>τὸ</span> <span class='ocrx_word' id='word_1_432' title='bbox 1352 4987 1579 5059; x_wconf 87' lang='grc' dir='ltr'>μέγεθος</span> <span class='ocrx_word' id='word_1_433' title='bbox 1601 4986 1742 5056; x_wconf 75' lang='grc' dir='ltr'>ὄψει,</span> <span class='ocrx_word' id='word_1_434' title='bbox 1769 4988 1897 5041; x_wconf 85' lang='grc' dir='ltr'>ὅταν</span> <span class='ocrx_word' id='word_1_435' title='bbox 1926 5005 2020 5042; x_wconf 82' lang='grc' dir='ltr'>κα-</span> 
     </span>
    </p>
   </div>
   <div class='ocr_carea' id='block_1_58' title="bbox 442 5069 2017 5155">
    <p class='ocr_par' dir='ltr' id='par_1_58' title="bbox 442 5069 2017 5155">
     <span class='ocr_line' id='line_1_58' title="bbox 442 5069 2017 5155; baseline -0.015 -16"><span class='ocrx_word' id='word_1_436' title='bbox 442 5083 695 5155; x_wconf 81' lang='grc' dir='ltr'>ταμάθῃς</span> <span class='ocrx_word' id='word_1_437' title='bbox 715 5078 877 5134; x_wconf 84' lang='grc' dir='ltr'>αὑτοῦ</span> <span class='ocrx_word' id='word_1_438' title='bbox 915 5075 1007 5131; x_wconf 90' lang='grc' dir='ltr'>τοῦ</span> <span class='ocrx_word' id='word_1_439' title='bbox 1047 5073 1279 5155; x_wconf 83' lang='grc' dir='ltr'>θανάτου</span> <span class='ocrx_word' id='word_1_440' title='bbox 1313 5070 1374 5124; x_wconf 89' lang='grc' dir='ltr'>τὸ</span> <span class='ocrx_word' id='word_1_441' title='bbox 1415 5069 1699 5155; x_wconf 70' lang='grc' dir='ltr'>σύμϐολον,</span> <span class='ocrx_word' id='word_1_442' title='bbox 1728 5070 1820 5155; x_wconf 75' lang='grc' dir='ltr'>τοῦ</span> <span class='ocrx_word' id='word_1_443' title='bbox 1854 5071 2017 5155; x_wconf 67' lang='grc' dir='ltr'>θανά-</span> 
     </span>
    </p>
   </div>
   <div class='ocr_carea' id='block_1_59' title="bbox 444 5151 2019 5233">
    <p class='ocr_par' dir='ltr' id='par_1_59' title="bbox 444 5151 2019 5233">
     <span class='ocr_line' id='line_1_59' title="bbox 444 5151 2019 5233; baseline -0.008 -13"><span class='ocrx_word' id='word_1_444' title='bbox 444 5151 537 5220; x_wconf 79' lang='grc' dir='ltr'>του</span> <span class='ocrx_word' id='word_1_445' title='bbox 562 5151 662 5219; x_wconf 78' lang='grc' dir='ltr'>τοῦ</span> <span class='ocrx_word' id='word_1_446' title='bbox 683 5162 957 5233; x_wconf 88' lang='grc' dir='ltr'>ἐπαράτου</span> <span class='ocrx_word' id='word_1_447' title='bbox 975 5199 989 5223; x_wconf 93' lang='grc'>,</span> <span class='ocrx_word' id='word_1_448' title='bbox 1027 5156 1119 5211; x_wconf 88' lang='grc' dir='ltr'>τοῦ</span> <span class='ocrx_word' id='word_1_449' title='bbox 1147 5153 1376 5209; x_wconf 90' lang='grc' dir='ltr'>θανάτου</span> <span class='ocrx_word' id='word_1_450' title='bbox 1399 5151 1491 5205; x_wconf 90' lang='grc' dir='ltr'>τοῦ</span> <span class='ocrx_word' id='word_1_451' title='bbox 1526 5152 1744 5207; x_wconf 87' lang='grc' dir='ltr'>πάντων</span> <span class='ocrx_word' id='word_1_452' title='bbox 1774 5153 2019 5233; x_wconf 81' lang='grc' dir='ltr'>θανάτων</span> 
     </span>
    </p>
   </div>
   <div class='ocr_carea' id='block_1_60' title="bbox 451 5232 2018 5319">
    <p class='ocr_par' dir='ltr' id='par_1_60' title="bbox 451 5232 2018 5319">
     <span class='ocr_line' id='line_1_60' title="bbox 451 5232 2018 5319; baseline -0.007 -17"><span class='ocrx_word' id='word_1_453' title='bbox 451 5248 724 5319; x_wconf 81' lang='grc' dir='ltr'>αἰσχίστου</span> <span class='ocrx_word' id='word_1_454' title='bbox 759 5232 970 5299; x_wconf 76' lang='grc' dir='ltr'>’τοῦτο</span> <span class='ocrx_word' id='word_1_455' title='bbox 1012 5240 1120 5312; x_wconf 81' lang='grc' dir='ltr'>γὰρ</span> <span class='ocrx_word' id='word_1_456' title='bbox 1157 5237 1314 5310; x_wconf 89' lang='grc' dir='ltr'>μόνον</span> <span class='ocrx_word' id='word_1_457' title='bbox 1355 5236 1468 5319; x_wconf 80' lang='grc' dir='ltr'>τῆς</span> <span class='ocrx_word' id='word_1_458' title='bbox 1493 5236 1749 5307; x_wconf 66' lang='grc' dir='ltr'>τελευτῆς</span> <span class='ocrx_word' id='word_1_459' title='bbox 1781 5237 1842 5290; x_wconf 91' lang='grc' dir='ltr'>τὸ</span> <span class='ocrx_word' id='word_1_460' title='bbox 1879 5232 2018 5303; x_wconf 87' lang='grc' dir='ltr'>εἶδος</span> 
     </span>
    </p>
   </div>
   <div class='ocr_carea' id='block_1_61' title="bbox 449 5317 2020 5402">
    <p class='ocr_par' dir='ltr' id='par_1_61' title="bbox 449 5317 2020 5402">
     <span class='ocr_line' id='line_1_61' title="bbox 449 5317 2020 5402; baseline -0.008 -16"><span class='ocrx_word' id='word_1_461' title='bbox 449 5317 713 5402; x_wconf 16' lang='grc' dir='ltr'>ύπὸίάράν</span> <span class='ocrx_word' id='word_1_462' title='bbox 748 5328 941 5382; x_wconf 75' lang='grc' dir='ltr'>ἔκειτο.</span> <span class='ocrx_word' id='word_1_463' title='bbox 973 5320 1095 5379; x_wconf 76' lang='grc' dir='ltr'>Οἶόν</span> <span class='ocrx_word' id='word_1_464' title='bbox 1123 5340 1177 5377; x_wconf 89' lang='grc' dir='ltr'>τι</span> <span class='ocrx_word' id='word_1_465' title='bbox 1203 5320 1372 5387; x_wconf 84' lang='grc' dir='ltr'>λέγω’</span> <span class='ocrx_word' id='word_1_466' title='bbox 1402 5317 1510 5402; x_wconf 82' lang='grc' dir='ltr'>τῶν</span> <span class='ocrx_word' id='word_1_467' title='bbox 1528 5320 1942 5402; x_wconf 75' lang='grc' dir='ltr'>ἁμαρτανόντων</span> <span class='ocrx_word' id='word_1_468' title='bbox 1958 5321 2020 5374; x_wconf 90' lang='grc' dir='ltr'>τὸ</span> 
     </span>
    </p>
   </div>
   <div class='ocr_carea' id='block_1_62' title="bbox 449 5397 2020 5482">
    <p class='ocr_par' dir='ltr' id='par_1_62' title="bbox 449 5397 2020 5482">
     <span class='ocr_line' id='line_1_62' title="bbox 449 5397 2020 5482; baseline -0.004 -17"><span class='ocrx_word' id='word_1_469' title='bbox 449 5397 674 5466; x_wconf 82' lang='grc' dir='ltr'>παλαιὸν</span> <span class='ocrx_word' id='word_1_470' title='bbox 702 5412 749 5463; x_wconf 92' lang='grc' dir='ltr'>οἰ</span> <span class='ocrx_word' id='word_1_471' title='bbox 784 5411 879 5482; x_wconf 81' lang='grc' dir='ltr'>μὲν</span> <span class='ocrx_word' id='word_1_472' title='bbox 904 5408 1167 5468; x_wconf 84' lang='grc' dir='ltr'>ἐκαίοντο,</span> <span class='ocrx_word' id='word_1_473' title='bbox 1184 5406 1232 5457; x_wconf 90' lang='grc' dir='ltr'>οί</span> <span class='ocrx_word' id='word_1_474' title='bbox 1257 5404 1313 5457; x_wconf 87' lang='grc' dir='ltr'>δέ</span> <span class='ocrx_word' id='word_1_475' title='bbox 1344 5400 1674 5467; x_wconf 80' lang='grc' dir='ltr'>ἐλιθάζοντο,</span> <span class='ocrx_word' id='word_1_476' title='bbox 1691 5401 1740 5455; x_wconf 87' lang='grc' dir='ltr'>οί</span> <span class='ocrx_word' id='word_1_477' title='bbox 1766 5397 1828 5454; x_wconf 85' lang='grc' dir='ltr'>δὲ</span> <span class='ocrx_word' id='word_1_478' title='bbox 1850 5405 2020 5477; x_wconf 78' lang='grc' dir='ltr'>ἑτέρῳ</span> 
     </span>
    </p>
   </div>
   <div class='ocr_carea' id='block_1_63' title="bbox 449 5483 2018 5566">
    <p class='ocr_par' dir='ltr' id='par_1_63' title="bbox 449 5483 2018 5566">
     <span class='ocr_line' id='line_1_63' title="bbox 449 5483 2018 5566; baseline -0.006 -20"><span class='ocrx_word' id='word_1_479' title='bbox 449 5494 634 5566; x_wconf 84' lang='grc' dir='ltr'>τρόπῳ</span> <span class='ocrx_word' id='word_1_480' title='bbox 665 5492 932 5563; x_wconf 88' lang='grc' dir='ltr'>τιμωρίας</span> <span class='ocrx_word' id='word_1_481' title='bbox 962 5489 1051 5544; x_wconf 91' lang='grc' dir='ltr'>τὸν</span> <span class='ocrx_word' id='word_1_482' title='bbox 1080 5488 1190 5559; x_wconf 87' lang='grc' dir='ltr'>βίον</span> <span class='ocrx_word' id='word_1_483' title='bbox 1222 5484 1479 5540; x_wconf 89' lang='grc' dir='ltr'>κατέλυον</span> <span class='ocrx_word' id='word_1_484' title='bbox 1498 5500 1511 5512; x_wconf 88' lang='grc'><strong>·</strong></span> <span class='ocrx_word' id='word_1_485' title='bbox 1531 5485 1559 5536; x_wconf 91' lang='grc' dir='ltr'>ό</span> <span class='ocrx_word' id='word_1_486' title='bbox 1585 5483 1638 5537; x_wconf 81' lang='grc' dir='ltr'>δέ</span> <span class='ocrx_word' id='word_1_487' title='bbox 1668 5483 2018 5538; x_wconf 83' lang='grc' dir='ltr'>ἀνεσκολοπι-</span> 
     </span>
    </p>
   </div>
   <div class='ocr_carea' id='block_1_64' title="bbox 453 5567 2020 5644">
    <p class='ocr_par' dir='ltr' id='par_1_64' title="bbox 453 5567 2020 5644">
     <span class='ocr_line' id='line_1_64' title="bbox 453 5567 2020 5644; baseline -0.003 -17"><span class='ocrx_word' id='word_1_488' title='bbox 453 5575 646 5644; x_wconf 83' lang='grc' dir='ltr'>σμένος</span> <span class='ocrx_word' id='word_1_489' title='bbox 665 5577 759 5628; x_wconf 77' lang='grc' dir='ltr'>καὶ</span> <span class='ocrx_word' id='word_1_490' title='bbox 774 5576 865 5626; x_wconf 73' lang='grc' dir='ltr'>ἐπὶ</span> <span class='ocrx_word' id='word_1_491' title='bbox 883 5573 1035 5637; x_wconf 82' lang='grc' dir='ltr'>ξύλου</span> <span class='ocrx_word' id='word_1_492' title='bbox 1058 5571 1422 5643; x_wconf 87' lang='grc' dir='ltr'>κρεμάμενος,</span> <span class='ocrx_word' id='word_1_493' title='bbox 1444 5568 1505 5621; x_wconf 82' lang='grc' dir='ltr'>ού</span> <span class='ocrx_word' id='word_1_494' title='bbox 1535 5567 1692 5620; x_wconf 87' lang='grc' dir='ltr'>τοῦτο</span> <span class='ocrx_word' id='word_1_495' title='bbox 1716 5568 1874 5638; x_wconf 88' lang='grc' dir='ltr'>μόνον</span> <span class='ocrx_word' id='word_1_496' title='bbox 1889 5568 2020 5622; x_wconf 80' lang='grc' dir='ltr'>ύπέ-</span> 
     </span>
    </p>
   </div>
   <div class='ocr_carea' id='block_1_65' title="bbox 456 5649 2015 5725">
    <p class='ocr_par' dir='ltr' id='par_1_65' title="bbox 456 5649 2015 5725">
     <span class='ocr_line' id='line_1_65' title="bbox 456 5649 2015 5725; baseline -0.003 -18"><span class='ocrx_word' id='word_1_497' title='bbox 456 5671 606 5725; x_wconf 85' lang='grc' dir='ltr'>μεινε</span> <span class='ocrx_word' id='word_1_498' title='bbox 641 5657 702 5707; x_wconf 91' lang='grc' dir='ltr'>τὸ</span> <span class='ocrx_word' id='word_1_499' title='bbox 731 5655 991 5723; x_wconf 87' lang='grc' dir='ltr'>χαλεπὸν,</span> <span class='ocrx_word' id='word_1_500' title='bbox 1028 5655 1112 5707; x_wconf 85' lang='grc' dir='ltr'>ὅτι</span> <span class='ocrx_word' id='word_1_501' title='bbox 1149 5650 1373 5722; x_wconf 80' lang='grc' dir='ltr'>τοιαύτῃ</span> <span class='ocrx_word' id='word_1_502' title='bbox 1407 5649 1693 5714; x_wconf 74' lang='grc' dir='ltr'>ἐκολάζετο</span> <span class='ocrx_word' id='word_1_503' title='bbox 1731 5650 2015 5724; x_wconf 83' lang='grc' dir='ltr'>καταδίκῃ,</span> 
     </span>
    </p>
   </div>
   <div class='ocr_carea' id='block_1_66' title="bbox 462 5728 2017 5808">
    <p class='ocr_par' dir='ltr' id='par_1_66' title="bbox 462 5728 2017 5808">
     <span class='ocr_line' id='line_1_66' title="bbox 462 5728 2017 5808; baseline -0.01 -17"><span class='ocrx_word' id='word_1_504' title='bbox 462 5737 573 5797; x_wconf 82' lang='grc' dir='ltr'>ἀλλ’</span> <span class='ocrx_word' id='word_1_505' title='bbox 595 5736 677 5791; x_wconf 82' lang='grc' dir='ltr'>ὅτι</span> <span class='ocrx_word' id='word_1_506' title='bbox 698 5734 794 5791; x_wconf 74' lang='grc' dir='ltr'>καὶ</span> <span class='ocrx_word' id='word_1_507' title='bbox 853 5738 1121 5808; x_wconf 76' lang='grc' dir='ltr'>ἐπάρατος</span> <span class='ocrx_word' id='word_1_508' title='bbox 1156 5737 1185 5788; x_wconf 87' lang='grc' dir='ltr'><strong>ὁ</strong></span> <span class='ocrx_word' id='word_1_509' title='bbox 1222 5733 1459 5798; x_wconf 87' lang='grc' dir='ltr'>τοιοῦτος</span> <span class='ocrx_word' id='word_1_510' title='bbox 1503 5728 1591 5805; x_wconf 75' lang='grc' dir='ltr'>ἦν.</span> <span class='ocrx_word' id='word_1_511' title='bbox 1641 5735 2017 5806; x_wconf 77' lang='grc' dir='ltr'>Ἐπικατάρα-</span> 
     </span>
    </p>
   </div>
   <div class='ocr_carea' id='block_1_67' title="bbox 1119 312 2988 378">
    <p class='ocr_par' dir='ltr' id='par_1_67' title="bbox 1119 312 2988 378">
     <span class='ocr_line' id='line_1_67' title="bbox 1119 312 2988 378; baseline -0.004 0"><span class='ocrx_word' id='word_1_512' title='bbox 1119 323 1176 377; x_wconf 94' lang='lat' dir='ltr'>S.</span> <span class='ocrx_word' id='word_1_513' title='bbox 1218 320 1500 378; x_wconf 73' lang='lat' dir='ltr'>JOANNIS</span> <span class='ocrx_word' id='word_1_514' title='bbox 1532 312 2029 376; x_wconf 79' lang='lat' dir='ltr'>CHRYSOSTOMI</span> <span class='ocrx_word' id='word_1_515' title='bbox 2090 312 2409 370; x_wconf 77' lang='lat' dir='ltr'>ARCHIEP.</span> <span class='ocrx_word' id='word_1_516' title='bbox 2450 312 2988 372; x_wconf 63' lang='lat' dir='ltr'>CONSTANTINOP.</span> 
     </span>
    </p>
   </div>
   <div class='ocr_carea' id='block_1_68' title="bbox 3555 319 3662 376">
    <p class='ocr_par' dir='ltr' id='par_1_68' title="bbox 3555 319 3662 376">
     <span class='ocr_line' id='line_1_68' title="bbox 3555 319 3662 376; baseline 0.019 -2"><span class='ocrx_word' id='word_1_517' title='bbox 3555 319 3662 376; x_wconf 70' lang='grc' dir='ltr'>ις-ὶϐ</span> 
     </span>
    </p>
   </div>
   <div class='ocr_carea' id='block_1_69' title="bbox 2086 420 3654 498">
    <p class='ocr_par' dir='ltr' id='par_1_69' title="bbox 2086 420 3654 498">
     <span class='ocr_line' id='line_1_69' title="bbox 2086 420 3654 498; baseline 0.005 -21"><span class='ocrx_word' id='word_1_518' title='bbox 2086 441 2189 491; x_wconf 85' lang='grc' dir='ltr'>τος</span> <span class='ocrx_word' id='word_1_519' title='bbox 2224 425 2355 497; x_wconf 85' lang='grc' dir='ltr'>γάρ,</span> <span class='ocrx_word' id='word_1_520' title='bbox 2376 425 2527 498; x_wconf 75' lang='grc' dir='ltr'>φησὶ,</span> <span class='ocrx_word' id='word_1_521' title='bbox 2547 424 2666 493; x_wconf 76' lang='grc' dir='ltr'>πᾶς</span> <span class='ocrx_word' id='word_1_522' title='bbox 2698 429 2731 480; x_wconf 84' lang='grc' dir='ltr'><em>ὁ</em></span> <span class='ocrx_word' id='word_1_523' title='bbox 2757 426 3123 496; x_wconf 79' lang='grc' dir='ltr'>κρεμάμενος</span> <span class='ocrx_word' id='word_1_524' title='bbox 3153 428 3251 483; x_wconf 78' lang='grc' dir='ltr'>ἐπὶ</span> <span class='ocrx_word' id='word_1_525' title='bbox 3272 431 3479 495; x_wconf 67' lang='grc' dir='ltr'>ξύλου.</span> <span class='ocrx_word' id='word_1_526' title='bbox 3513 420 3654 477; x_wconf 74' lang='grc' dir='ltr'>Ἀλλ’</span> 
     </span>
    </p>
   </div>
   <div class='ocr_carea' id='block_1_70' title="bbox 2084 508 3664 586">
    <p class='ocr_par' dir='ltr' id='par_1_70' title="bbox 2084 508 3664 586">
     <span class='ocr_line' id='line_1_70' title="bbox 2084 508 3664 586; baseline 0.006 -26"><span class='ocrx_word' id='word_1_527' title='bbox 2084 508 2235 579; x_wconf 82' lang='grc' dir='ltr'>ὅμως</span> <span class='ocrx_word' id='word_1_528' title='bbox 2266 508 2327 562; x_wconf 91' lang='grc' dir='ltr'>τὸ</span> <span class='ocrx_word' id='word_1_529' title='bbox 2354 508 2630 581; x_wconf 88' lang='grc' dir='ltr'>ἐπάρατον</span> <span class='ocrx_word' id='word_1_530' title='bbox 2660 509 2839 571; x_wconf 86' lang='grc' dir='ltr'>τοῦτο,</span> <span class='ocrx_word' id='word_1_531' title='bbox 2871 511 2932 564; x_wconf 90' lang='grc' dir='ltr'>τὸ</span> <span class='ocrx_word' id='word_1_532' title='bbox 2960 512 3253 579; x_wconf 80' lang='grc' dir='ltr'>ἀπευκτὸν,</span> <span class='ocrx_word' id='word_1_533' title='bbox 3286 514 3346 567; x_wconf 90' lang='grc' dir='ltr'>τὸ</span> <span class='ocrx_word' id='word_1_534' title='bbox 3383 515 3482 586; x_wconf 82' lang='grc' dir='ltr'>τῆς</span> <span class='ocrx_word' id='word_1_535' title='bbox 3504 517 3664 586; x_wconf 81' lang='grc' dir='ltr'>ἐσχά-</span> 
     </span>
    </p>
   </div>
   <div class='ocr_carea' id='block_1_71' title="bbox 2085 591 3668 663">
    <p class='ocr_par' dir='ltr' id='par_1_71' title="bbox 2085 591 3668 663">
     <span class='ocr_line' id='line_1_71' title="bbox 2085 591 3668 663; baseline 0.007 -22"><span class='ocrx_word' id='word_1_536' title='bbox 2085 607 2185 662; x_wconf 89' lang='grc' dir='ltr'>της</span> <span class='ocrx_word' id='word_1_537' title='bbox 2208 591 2478 663; x_wconf 81' lang='grc' dir='ltr'>τιμωρίας</span> <span class='ocrx_word' id='word_1_538' title='bbox 2506 591 2794 663; x_wconf 88' lang='grc' dir='ltr'>σύμϐολον,</span> <span class='ocrx_word' id='word_1_539' title='bbox 2817 592 2914 646; x_wconf 88' lang='grc' dir='ltr'>νῦν</span> <span class='ocrx_word' id='word_1_540' title='bbox 2939 593 3129 662; x_wconf 89' lang='grc' dir='ltr'>γέγονε</span> <span class='ocrx_word' id='word_1_541' title='bbox 3163 596 3411 651; x_wconf 86' lang='grc' dir='ltr'>ποθεινὸν</span> <span class='ocrx_word' id='word_1_542' title='bbox 3441 596 3535 651; x_wconf 76' lang='grc' dir='ltr'>καὶ</span> <span class='ocrx_word' id='word_1_543' title='bbox 3569 602 3668 653; x_wconf 85' lang='grc' dir='ltr'>ἐπ-</span> 
     </span>
    </p>
   </div>
   <div class='ocr_carea' id='block_1_72' title="bbox 2089 673 3668 749">
    <p class='ocr_par' dir='ltr' id='par_1_72' title="bbox 2089 673 3668 749">
     <span class='ocr_line' id='line_1_72' title="bbox 2089 673 3668 749; baseline 0.007 -24"><span class='ocrx_word' id='word_1_544' title='bbox 2089 673 2334 744; x_wconf 91' lang='grc' dir='ltr'>έραστον.</span> <span class='ocrx_word' id='word_1_545' title='bbox 2360 674 2495 728; x_wconf 83' lang='grc' dir='ltr'>Οὐδὲ</span> <span class='ocrx_word' id='word_1_546' title='bbox 2520 677 2626 747; x_wconf 83' lang='grc' dir='ltr'>γάρ</span> <span class='ocrx_word' id='word_1_547' title='bbox 2648 675 2790 728; x_wconf 78' lang='grc' dir='ltr'>οὕτω</span> <span class='ocrx_word' id='word_1_548' title='bbox 2817 678 3078 746; x_wconf 85' lang='grc' dir='ltr'>στέφανος</span> <span class='ocrx_word' id='word_1_549' title='bbox 3099 678 3371 749; x_wconf 85' lang='grc' dir='ltr'>βασιλικὸς</span> <span class='ocrx_word' id='word_1_550' title='bbox 3399 680 3668 736; x_wconf 82' lang='grc' dir='ltr'>καλλωπί-</span> 
     </span>
    </p>
   </div>
   <div class='ocr_carea' id='block_1_73' title="bbox 2090 753 3667 835">
    <p class='ocr_par' dir='ltr' id='par_1_73' title="bbox 2090 753 3667 835">
     <span class='ocr_line' id='line_1_73' title="bbox 2090 753 3667 835; baseline 0.007 -28"><span class='ocrx_word' id='word_1_551' title='bbox 2090 753 2173 818; x_wconf 84' lang='grc' dir='ltr'>ζει</span> <span class='ocrx_word' id='word_1_552' title='bbox 2202 756 2466 827; x_wconf 86' lang='grc' dir='ltr'>κεφαλὴν,</span> <span class='ocrx_word' id='word_1_553' title='bbox 2495 757 2570 821; x_wconf 81' lang='grc' dir='ltr'>ὡς</span> <span class='ocrx_word' id='word_1_554' title='bbox 2595 759 2826 828; x_wconf 84' lang='grc' dir='ltr'>σταυρὸς</span> <span class='ocrx_word' id='word_1_555' title='bbox 2846 761 3045 824; x_wconf 89' lang='grc' dir='ltr'>παντὸς</span> <span class='ocrx_word' id='word_1_556' title='bbox 3073 760 3222 833; x_wconf 80' lang='grc'>[571]</span> <span class='ocrx_word' id='word_1_557' title='bbox 3242 763 3448 833; x_wconf 84' lang='grc' dir='ltr'>κόσμου</span> <span class='ocrx_word' id='word_1_558' title='bbox 3471 765 3667 835; x_wconf 82' lang='grc' dir='ltr'>τιμιώ-</span> 
     </span>
    </p>
   </div>
   <div class='ocr_carea' id='block_1_74' title="bbox 2087 839 3668 917">
    <p class='ocr_par' dir='ltr' id='par_1_74' title="bbox 2087 839 3668 917">
     <span class='ocr_line' id='line_1_74' title="bbox 2087 839 3668 917; baseline 0.006 -25"><span class='ocrx_word' id='word_1_559' title='bbox 2087 857 2248 911; x_wconf 87' lang='grc' dir='ltr'>τερος</span> <span class='ocrx_word' id='word_1_560' title='bbox 2270 839 2345 894; x_wconf 80' lang='grc' dir='ltr'>ών</span> <span class='ocrx_word' id='word_1_561' title='bbox 2364 857 2377 870; x_wconf 87' lang='grc'><strong>·</strong></span> <span class='ocrx_word' id='word_1_562' title='bbox 2399 842 2491 895; x_wconf 70' lang='grc' dir='ltr'>καὶ</span> <span class='ocrx_word' id='word_1_563' title='bbox 2521 842 2550 895; x_wconf 83' lang='grc' dir='ltr'>ὃ</span> <span class='ocrx_word' id='word_1_564' title='bbox 2578 842 2817 907; x_wconf 75' lang='grc' dir='ltr'>ἅπαντες</span> <span class='ocrx_word' id='word_1_565' title='bbox 2846 845 3216 916; x_wconf 78' lang='grc' dir='ltr'>ἐπεφρίκεσαν</span> <span class='ocrx_word' id='word_1_566' title='bbox 3248 847 3458 917; x_wconf 84' lang='grc' dir='ltr'>πρώην,</span> <span class='ocrx_word' id='word_1_567' title='bbox 3478 848 3668 902; x_wconf 87' lang='grc' dir='ltr'>τούτου</span> 
     </span>
    </p>
   </div>
   <div class='ocr_carea' id='block_1_75' title="bbox 2089 923 3667 1000">
    <p class='ocr_par' dir='ltr' id='par_1_75' title="bbox 2089 923 3667 1000">
     <span class='ocr_line' id='line_1_75' title="bbox 2089 923 3667 1000; baseline 0.006 -24"><span class='ocrx_word' id='word_1_568' title='bbox 2089 923 2186 977; x_wconf 91' lang='grc' dir='ltr'>νῦν</span> <span class='ocrx_word' id='word_1_569' title='bbox 2206 924 2265 978; x_wconf 90' lang='grc' dir='ltr'>τὸ</span> <span class='ocrx_word' id='word_1_570' title='bbox 2284 924 2466 995; x_wconf 79' lang='grc' dir='ltr'>σχῆμα</span> <span class='ocrx_word' id='word_1_571' title='bbox 2486 925 2656 989; x_wconf 80' lang='grc' dir='ltr'>οὕτως</span> <span class='ocrx_word' id='word_1_572' title='bbox 2677 927 2826 980; x_wconf 77' lang='grc' dir='ltr'>ἐστὶν</span> <span class='ocrx_word' id='word_1_573' title='bbox 2853 927 3022 981; x_wconf 81' lang='grc' dir='ltr'>ἅπασι</span> <span class='ocrx_word' id='word_1_574' title='bbox 3040 929 3430 1000; x_wconf 79' lang='grc' dir='ltr'>περιμάχητον,</span> <span class='ocrx_word' id='word_1_575' title='bbox 3445 930 3517 994; x_wconf 80' lang='grc' dir='ltr'>ὡς</span> <span class='ocrx_word' id='word_1_576' title='bbox 3532 948 3667 985; x_wconf 70' lang='lat' dir='ltr'>nav-</span> 
     </span>
    </p>
   </div>
   <div class='ocr_carea' id='block_1_76' title="bbox 2089 1007 3671 1085">
    <p class='ocr_par' dir='ltr' id='par_1_76' title="bbox 2089 1007 3671 1085">
     <span class='ocr_line' id='line_1_76' title="bbox 2089 1007 3671 1085; baseline 0.005 -24"><span class='ocrx_word' id='word_1_577' title='bbox 2089 1007 2254 1080; x_wconf 85' lang='grc' dir='ltr'>ταχοῦ</span> <span class='ocrx_word' id='word_1_578' title='bbox 2274 1008 2433 1063; x_wconf 90' lang='grc' dir='ltr'>τοῦτο</span> <span class='ocrx_word' id='word_1_579' title='bbox 2454 1008 2796 1080; x_wconf 83' lang='grc' dir='ltr'>εὑρίσκεσθαι</span> <span class='ocrx_word' id='word_1_580' title='bbox 2827 1011 2977 1081; x_wconf 88' lang='grc' dir='ltr'>παρά</span> <span class='ocrx_word' id='word_1_581' title='bbox 3003 1010 3249 1082; x_wconf 83' lang='grc' dir='ltr'>ἄρχουσι,</span> <span class='ocrx_word' id='word_1_582' title='bbox 3264 1014 3415 1085; x_wconf 81' lang='grc' dir='ltr'>παρά</span> <span class='ocrx_word' id='word_1_583' title='bbox 3437 1015 3671 1085; x_wconf 85' lang='grc' dir='ltr'>ἀρχομέ-</span> 
     </span>
    </p>
   </div>
   <div class='ocr_carea' id='block_1_77' title="bbox 2091 1092 3669 1169">
    <p class='ocr_par' dir='ltr' id='par_1_77' title="bbox 2091 1092 3669 1169">
     <span class='ocr_line' id='line_1_77' title="bbox 2091 1092 3669 1169; baseline 0.002 -22"><span class='ocrx_word' id='word_1_584' title='bbox 2091 1109 2223 1156; x_wconf 85' lang='grc' dir='ltr'>νοις,</span> <span class='ocrx_word' id='word_1_585' title='bbox 2265 1093 2416 1163; x_wconf 82' lang='grc' dir='ltr'>παρά</span> <span class='ocrx_word' id='word_1_586' title='bbox 2445 1092 2678 1161; x_wconf 72' lang='grc' dir='ltr'>γυναιξὶ,</span> <span class='ocrx_word' id='word_1_587' title='bbox 2723 1093 2875 1165; x_wconf 86' lang='grc' dir='ltr'>παρά</span> <span class='ocrx_word' id='word_1_588' title='bbox 2915 1093 3161 1166; x_wconf 88' lang='grc' dir='ltr'>ἀνδράσι,</span> <span class='ocrx_word' id='word_1_589' title='bbox 3192 1097 3342 1166; x_wconf 74' lang='grc' dir='ltr'>παρὰ</span> <span class='ocrx_word' id='word_1_590' title='bbox 3361 1098 3669 1169; x_wconf 86' lang='grc' dir='ltr'>παρθένοις,</span> 
     </span>
    </p>
   </div>
   <div class='ocr_carea' id='block_1_78' title="bbox 2093 1173 3668 1252">
    <p class='ocr_par' dir='ltr' id='par_1_78' title="bbox 2093 1173 3668 1252">
     <span class='ocr_line' id='line_1_78' title="bbox 2093 1173 3668 1252; baseline 0.004 -25"><span class='ocrx_word' id='word_1_591' title='bbox 2093 1174 2244 1243; x_wconf 88' lang='grc' dir='ltr'>παρά</span> <span class='ocrx_word' id='word_1_592' title='bbox 2270 1173 2702 1245; x_wconf 84' lang='grc' dir='ltr'>γεγαμημέναις,</span> <span class='ocrx_word' id='word_1_593' title='bbox 2738 1176 2888 1246; x_wconf 83' lang='grc' dir='ltr'>παρά</span> <span class='ocrx_word' id='word_1_594' title='bbox 2917 1175 3143 1242; x_wconf 88' lang='grc' dir='ltr'>δούλοις,</span> <span class='ocrx_word' id='word_1_595' title='bbox 3167 1175 3317 1245; x_wconf 86' lang='grc' dir='ltr'>παρά</span> <span class='ocrx_word' id='word_1_596' title='bbox 3344 1179 3668 1252; x_wconf 88' lang='grc' dir='ltr'>ἐλευθέροις.</span> 
     </span>
    </p>
   </div>
   <div class='ocr_carea' id='block_1_79' title="bbox 2093 1255 3673 1330">
    <p class='ocr_par' dir='ltr' id='par_1_79' title="bbox 2093 1255 3673 1330">
     <span class='ocr_line' id='line_1_79' title="bbox 2093 1255 3673 1330; baseline 0.005 -22"><span class='ocrx_word' id='word_1_597' title='bbox 2093 1257 2203 1309; x_wconf 77' lang='grc' dir='ltr'>Καὶ</span> <span class='ocrx_word' id='word_1_598' title='bbox 2218 1255 2326 1326; x_wconf 81' lang='grc' dir='ltr'>γὰρ</span> <span class='ocrx_word' id='word_1_599' title='bbox 2349 1256 2585 1326; x_wconf 86' lang='grc' dir='ltr'>συνεχῶς</span> <span class='ocrx_word' id='word_1_600' title='bbox 2613 1257 2744 1310; x_wconf 82' lang='grc' dir='ltr'>αὐτὸ</span> <span class='ocrx_word' id='word_1_601' title='bbox 2760 1259 2999 1322; x_wconf 73' lang='grc' dir='ltr'>ἅπαντες</span> <span class='ocrx_word' id='word_1_602' title='bbox 3019 1261 3441 1330; x_wconf 86' lang='grc' dir='ltr'>ἐγχαράττουσιν</span> <span class='ocrx_word' id='word_1_603' title='bbox 3458 1262 3550 1317; x_wconf 83' lang='grc' dir='ltr'>ἐπὶ</span> <span class='ocrx_word' id='word_1_604' title='bbox 3578 1263 3673 1316; x_wconf 88' lang='grc' dir='ltr'>τοῦ</span> 
     </span>
    </p>
   </div>
   <div class='ocr_carea' id='block_1_80' title="bbox 2093 1335 3674 1417">
    <p class='ocr_par' dir='ltr' id='par_1_80' title="bbox 2093 1335 3674 1417">
     <span class='ocr_line' id='line_1_80' title="bbox 2093 1335 3674 1417; baseline 0.006 -28"><span class='ocrx_word' id='word_1_605' title='bbox 2093 1335 2202 1391; x_wconf 87' lang='grc' dir='ltr'>τῶν</span> <span class='ocrx_word' id='word_1_606' title='bbox 2230 1337 2408 1408; x_wconf 88' lang='grc' dir='ltr'>μελῶν</span> <span class='ocrx_word' id='word_1_607' title='bbox 2428 1338 2583 1409; x_wconf 78' lang='grc' dir='ltr'>ἡμῶν</span> <span class='ocrx_word' id='word_1_608' title='bbox 2607 1339 3003 1410; x_wconf 87' lang='grc' dir='ltr'>ἐπισημοτέρου</span> <span class='ocrx_word' id='word_1_609' title='bbox 3033 1343 3248 1412; x_wconf 86' lang='grc' dir='ltr'>μέρους,</span> <span class='ocrx_word' id='word_1_610' title='bbox 3280 1344 3376 1396; x_wconf 66' lang='grc' dir='ltr'>καὶ.</span> <span class='ocrx_word' id='word_1_611' title='bbox 3399 1343 3589 1417; x_wconf 80' lang='grc' dir='ltr'>ὥσπερ</span> <span class='ocrx_word' id='word_1_612' title='bbox 3614 1346 3674 1399; x_wconf 86' lang='grc' dir='ltr'>ἐν</span> 
     </span>
    </p>
   </div>
   <div class='ocr_carea' id='block_1_81' title="bbox 2097 1420 3675 1498">
    <p class='ocr_par' dir='ltr' id='par_1_81' title="bbox 2097 1420 3675 1498">
     <span class='ocr_line' id='line_1_81' title="bbox 2097 1420 3675 1498; baseline 0.006 -25"><span class='ocrx_word' id='word_1_613' title='bbox 2097 1420 2266 1492; x_wconf 82' lang='grc' dir='ltr'>στήλῃ</span> <span class='ocrx_word' id='word_1_614' title='bbox 2294 1422 2386 1475; x_wconf 79' lang='grc' dir='ltr'>ἐπὶ</span> <span class='ocrx_word' id='word_1_615' title='bbox 2414 1420 2509 1475; x_wconf 88' lang='grc' dir='ltr'>τοῦ</span> <span class='ocrx_word' id='word_1_616' title='bbox 2555 1422 2808 1492; x_wconf 86' lang='grc' dir='ltr'>μετώπου</span> <span class='ocrx_word' id='word_1_617' title='bbox 2836 1423 2956 1477; x_wconf 81' lang='grc' dir='ltr'>καθ’</span> <span class='ocrx_word' id='word_1_618' title='bbox 2986 1425 3223 1497; x_wconf 88' lang='grc' dir='ltr'>ἐκάστην</span> <span class='ocrx_word' id='word_1_619' title='bbox 3252 1427 3464 1498; x_wconf 81' lang='grc' dir='ltr'>ἡμέραν</span> <span class='ocrx_word' id='word_1_620' title='bbox 3499 1428 3675 1483; x_wconf 86' lang='grc' dir='ltr'>διατυ-</span> 
     </span>
    </p>
   </div>
   <div class='ocr_carea' id='block_1_82' title="bbox 2096 1501 3671 1585">
    <p class='ocr_par' dir='ltr' id='par_1_82' title="bbox 2096 1501 3671 1585">
     <span class='ocr_line' id='line_1_82' title="bbox 2096 1501 3671 1585; baseline 0.006 -30"><span class='ocrx_word' id='word_1_621' title='bbox 2096 1503 2364 1585; x_wconf 70' lang='grc' dir='ltr'>πρύμενον</span> <span class='ocrx_word' id='word_1_622' title='bbox 2390 1504 2805 1576; x_wconf 84' lang='grc' dir='ltr'>περιφέρουσιν.</span> <span class='ocrx_word' id='word_1_623' title='bbox 2846 1501 3014 1571; x_wconf 77' lang='grc' dir='ltr'>Οὗτος</span> <span class='ocrx_word' id='word_1_624' title='bbox 3041 1509 3098 1561; x_wconf 84' lang='grc' dir='ltr'>ἐν</span> <span class='ocrx_word' id='word_1_625' title='bbox 3125 1511 3192 1579; x_wconf 82' lang='grc' dir='ltr'>τῇ</span> <span class='ocrx_word' id='word_1_626' title='bbox 3235 1510 3358 1580; x_wconf 87' lang='grc' dir='ltr'>ἰερᾷ</span> <span class='ocrx_word' id='word_1_627' title='bbox 3405 1510 3671 1585; x_wconf 78' lang='grc' dir='ltr'>τραπέζῃ,</span> 
     </span>
    </p>
   </div>
   <div class='ocr_carea' id='block_1_83' title="bbox 2095 1580 3677 1662">
    <p class='ocr_par' dir='ltr' id='par_1_83' title="bbox 2095 1580 3677 1662">
     <span class='ocr_line' id='line_1_83' title="bbox 2095 1580 3677 1662; baseline 0.006 -23"><span class='ocrx_word' id='word_1_628' title='bbox 2095 1580 2249 1649; x_wconf 72' lang='grc' dir='ltr'>οὗτος</span> <span class='ocrx_word' id='word_1_629' title='bbox 2282 1589 2340 1640; x_wconf 92' lang='lat' dir='ltr'>tv</span> <span class='ocrx_word' id='word_1_630' title='bbox 2365 1589 2484 1651; x_wconf 85' lang='grc' dir='ltr'>ταῖς</span> <span class='ocrx_word' id='word_1_631' title='bbox 2512 1587 2622 1641; x_wconf 90' lang='grc' dir='ltr'>τῶν</span> <span class='ocrx_word' id='word_1_632' title='bbox 2669 1589 2858 1661; x_wconf 78' lang='grc' dir='ltr'>ἱερέων</span> <span class='ocrx_word' id='word_1_633' title='bbox 2900 1591 3282 1662; x_wconf 88' lang='grc' dir='ltr'>χειροτονίαις,</span> <span class='ocrx_word' id='word_1_634' title='bbox 3309 1580 3464 1657; x_wconf 77' lang='grc' dir='ltr'>οὗτος</span> <span class='ocrx_word' id='word_1_635' title='bbox 3514 1580 3677 1648; x_wconf 73' lang='grc' dir='ltr'>πάλῖν</span> 
     </span>
    </p>
   </div>
   <div class='ocr_carea' id='block_1_84' title="bbox 2101 1667 3676 1746">
    <p class='ocr_par' dir='ltr' id='par_1_84' title="bbox 2101 1667 3676 1746">
     <span class='ocr_line' id='line_1_84' title="bbox 2101 1667 3676 1746; baseline 0.007 -26"><span class='ocrx_word' id='word_1_636' title='bbox 2101 1667 2240 1739; x_wconf 89' lang='grc' dir='ltr'>μετά</span> <span class='ocrx_word' id='word_1_637' title='bbox 2260 1668 2355 1722; x_wconf 91' lang='grc' dir='ltr'>τοῦ</span> <span class='ocrx_word' id='word_1_638' title='bbox 2392 1669 2641 1740; x_wconf 89' lang='grc' dir='ltr'>σώματος</span> <span class='ocrx_word' id='word_1_639' title='bbox 2671 1672 2766 1725; x_wconf 87' lang='grc' dir='ltr'>τοῦ</span> <span class='ocrx_word' id='word_1_640' title='bbox 2799 1672 3037 1746; x_wconf 85' lang='grc' dir='ltr'>Χριστοῦ</span> <span class='ocrx_word' id='word_1_641' title='bbox 3072 1674 3165 1728; x_wconf 79' lang='grc' dir='ltr'>ἐπὶ</span> <span class='ocrx_word' id='word_1_642' title='bbox 3191 1673 3254 1727; x_wconf 89' lang='grc' dir='ltr'>τὸ</span> <span class='ocrx_word' id='word_1_643' title='bbox 3280 1675 3539 1745; x_wconf 87' lang='grc' dir='ltr'>μυστικὸν</span> <span class='ocrx_word' id='word_1_644' title='bbox 3565 1676 3676 1730; x_wconf 83' lang='grc' dir='ltr'>δεῖ·</span> 
     </span>
    </p>
   </div>
   <div class='ocr_carea' id='block_1_85' title="bbox 2100 1751 3677 1828">
    <p class='ocr_par' dir='ltr' id='par_1_85' title="bbox 2100 1751 3677 1828">
     <span class='ocr_line' id='line_1_85' title="bbox 2100 1751 3677 1828; baseline 0.003 -21"><span class='ocrx_word' id='word_1_645' title='bbox 2100 1768 2229 1807; x_wconf 91' lang='grc' dir='ltr'>πνον</span> <span class='ocrx_word' id='word_1_646' title='bbox 2268 1751 2589 1823; x_wconf 67' lang='grc' dir='ltr'>διαλάμπεν</span> <span class='ocrx_word' id='word_1_647' title='bbox 2618 1753 2806 1808; x_wconf 89' lang='grc' dir='ltr'>τοῦτον</span> <span class='ocrx_word' id='word_1_648' title='bbox 2841 1756 3116 1826; x_wconf 86' lang='grc' dir='ltr'>πανταχοῦ</span> <span class='ocrx_word' id='word_1_649' title='bbox 3146 1756 3438 1828; x_wconf 85' lang='grc' dir='ltr'>χορεύοντα</span> <span class='ocrx_word' id='word_1_650' title='bbox 3465 1758 3564 1812; x_wconf 82' lang='grc' dir='ltr'>τδοι</span> <span class='ocrx_word' id='word_1_651' title='bbox 3590 1775 3677 1824; x_wconf 90' lang='grc' dir='ltr'>τις</span> 
     </span>
    </p>
   </div>
   <div class='ocr_carea' id='block_1_86' title="bbox 2103 1833 3678 1910">
    <p class='ocr_par' dir='ltr' id='par_1_86' title="bbox 2103 1833 3678 1910">
     <span class='ocr_line' id='line_1_86' title="bbox 2103 1833 3678 1910; baseline 0.005 -23"><span class='ocrx_word' id='word_1_652' title='bbox 2103 1833 2189 1899; x_wconf 82' lang='grc' dir='ltr'>ἂν,</span> <span class='ocrx_word' id='word_1_653' title='bbox 2213 1834 2271 1886; x_wconf 82' lang='grc' dir='ltr'>ἐν</span> <span class='ocrx_word' id='word_1_654' title='bbox 2306 1835 2539 1898; x_wconf 83' lang='grc' dir='ltr'>οἰκίαις,</span> <span class='ocrx_word' id='word_1_655' title='bbox 2568 1836 2626 1888; x_wconf 88' lang='grc' dir='ltr'>ἐν</span> <span class='ocrx_word' id='word_1_656' title='bbox 2657 1837 2911 1907; x_wconf 86' lang='grc' dir='ltr'>ἀγοραῖς,</span> <span class='ocrx_word' id='word_1_657' title='bbox 2945 1840 3002 1892; x_wconf 90' lang='grc' dir='ltr'>ἐν</span> <span class='ocrx_word' id='word_1_658' title='bbox 3036 1840 3315 1910; x_wconf 82' lang='grc' dir='ltr'>ἐρημίαις,</span> <span class='ocrx_word' id='word_1_659' title='bbox 3336 1841 3395 1894; x_wconf 88' lang='grc' dir='ltr'>ἐν</span> <span class='ocrx_word' id='word_1_660' title='bbox 3426 1842 3584 1906; x_wconf 84' lang='grc' dir='ltr'>ὁδοῖς,</span> <span class='ocrx_word' id='word_1_661' title='bbox 3616 1843 3678 1895; x_wconf 87' lang='grc' dir='ltr'>ἐν</span> 
     </span>
    </p>
   </div>
   <div class='ocr_carea' id='block_1_87' title="bbox 2101 1915 3677 1996">
    <p class='ocr_par' dir='ltr' id='par_1_87' title="bbox 2101 1915 3677 1996">
     <span class='ocr_line' id='line_1_87' title="bbox 2101 1915 3677 1996; baseline 0.006 -28"><span class='ocrx_word' id='word_1_662' title='bbox 2101 1915 2303 1987; x_wconf 77' lang='grc' dir='ltr'>ὄρεσιν,</span> <span class='ocrx_word' id='word_1_663' title='bbox 2332 1917 2389 1970; x_wconf 91' lang='grc' dir='ltr'>ἐν</span> <span class='ocrx_word' id='word_1_664' title='bbox 2415 1917 2634 1981; x_wconf 88' lang='grc' dir='ltr'>νάπαις,</span> <span class='ocrx_word' id='word_1_665' title='bbox 2653 1919 2710 1971; x_wconf 85' lang='grc' dir='ltr'>ἐν</span> <span class='ocrx_word' id='word_1_666' title='bbox 2734 1917 2962 1989; x_wconf 89' lang='grc' dir='ltr'>βουνοῖς,</span> <span class='ocrx_word' id='word_1_667' title='bbox 2991 1922 3048 1975; x_wconf 88' lang='grc' dir='ltr'>ἐν</span> <span class='ocrx_word' id='word_1_668' title='bbox 3079 1921 3318 1996; x_wconf 83' lang='grc' dir='ltr'>θαλάττῃ</span> <span class='ocrx_word' id='word_1_669' title='bbox 3346 1925 3440 1977; x_wconf 76' lang='grc' dir='ltr'>καὶ</span> <span class='ocrx_word' id='word_1_670' title='bbox 3475 1924 3677 1988; x_wconf 88' lang='grc' dir='ltr'>πλοίοις</span> 
     </span>
    </p>
   </div>
   <div class='ocr_carea' id='block_1_88' title="bbox 2101 2000 3678 2074">
    <p class='ocr_par' dir='ltr' id='par_1_88' title="bbox 2101 2000 3678 2074">
     <span class='ocr_line' id='line_1_88' title="bbox 2101 2000 3678 2074; baseline 0.005 -22"><span class='ocrx_word' id='word_1_671' title='bbox 2101 2000 2195 2053; x_wconf 73' lang='grc' dir='ltr'>καὶ</span> <span class='ocrx_word' id='word_1_672' title='bbox 2225 2001 2429 2069; x_wconf 79' lang='grc' dir='ltr'>νήσοις,</span> <span class='ocrx_word' id='word_1_673' title='bbox 2468 2003 2524 2054; x_wconf 87' lang='lat' dir='ltr'>tv</span> <span class='ocrx_word' id='word_1_674' title='bbox 2553 2001 2779 2067; x_wconf 84' lang='grc' dir='ltr'>κλίναις,</span> <span class='ocrx_word' id='word_1_675' title='bbox 2811 2005 2868 2057; x_wconf 90' lang='grc' dir='ltr'>ἐν</span> <span class='ocrx_word' id='word_1_676' title='bbox 2902 2004 3154 2074; x_wconf 76' lang='grc' dir='ltr'>ἱματίοις,</span> <span class='ocrx_word' id='word_1_677' title='bbox 3178 2007 3234 2059; x_wconf 88' lang='grc' dir='ltr'>ἐν</span> <span class='ocrx_word' id='word_1_678' title='bbox 3266 2007 3470 2073; x_wconf 84' lang='grc' dir='ltr'>ὅπλοις,</span> <span class='ocrx_word' id='word_1_679' title='bbox 3501 2008 3596 2060; x_wconf 77' lang='grc' dir='ltr'>καὶ</span> <span class='ocrx_word' id='word_1_680' title='bbox 3618 2008 3678 2060; x_wconf 84' lang='grc' dir='ltr'>ἐν</span> 
     </span>
    </p>
   </div>
   <div class='ocr_carea' id='block_1_89' title="bbox 2103 2083 3678 2161">
    <p class='ocr_par' dir='ltr' id='par_1_89' title="bbox 2103 2083 3678 2161">
     <span class='ocr_line' id='line_1_89' title="bbox 2103 2083 3678 2161; baseline 0.006 -27"><span class='ocrx_word' id='word_1_681' title='bbox 2103 2083 2394 2148; x_wconf 89' lang='grc' dir='ltr'>παστάσιν,</span> <span class='ocrx_word' id='word_1_682' title='bbox 2440 2083 2499 2137; x_wconf 92' lang='grc' dir='ltr'>ἐν</span> <span class='ocrx_word' id='word_1_683' title='bbox 2538 2085 2881 2154; x_wconf 84' lang='grc' dir='ltr'>συμποσίοις,</span> <span class='ocrx_word' id='word_1_684' title='bbox 2920 2088 2977 2140; x_wconf 86' lang='grc' dir='ltr'>ἐν</span> <span class='ocrx_word' id='word_1_685' title='bbox 3024 2087 3273 2143; x_wconf 88' lang='grc' dir='ltr'>σκεύεσιν</span> <span class='ocrx_word' id='word_1_686' title='bbox 3312 2090 3595 2161; x_wconf 86' lang='grc' dir='ltr'>ἀργυροῖς,</span> <span class='ocrx_word' id='word_1_687' title='bbox 3620 2090 3678 2143; x_wconf 89' lang='grc' dir='ltr'>ἐν</span> 
     </span>
    </p>
   </div>
   <div class='ocr_carea' id='block_1_90' title="bbox 2102 2166 3680 2244">
    <p class='ocr_par' dir='ltr' id='par_1_90' title="bbox 2102 2166 3680 2244">
     <span class='ocr_line' id='line_1_90' title="bbox 2102 2166 3680 2244; baseline -0.002 -14"><span class='ocrx_word' id='word_1_688' title='bbox 2102 2166 2356 2236; x_wconf 76' lang='grc' dir='ltr'>χρυσέοις</span> <span class='ocrx_word' id='word_1_689' title='bbox 2382 2207 2397 2232; x_wconf 82' lang='grc'>,</span> <span class='ocrx_word' id='word_1_690' title='bbox 2442 2168 2499 2218; x_wconf 82' lang='grc' dir='ltr'>ὲν</span> <span class='ocrx_word' id='word_1_691' title='bbox 2536 2169 2933 2240; x_wconf 85' lang='grc' dir='ltr'>μαργαρίταις,</span> <span class='ocrx_word' id='word_1_692' title='bbox 2973 2170 3032 2224; x_wconf 83' lang='grc' dir='ltr'>ἐν</span> <span class='ocrx_word' id='word_1_693' title='bbox 3070 2172 3264 2242; x_wconf 87' lang='grc' dir='ltr'>τοίχων</span> <span class='ocrx_word' id='word_1_694' title='bbox 3314 2176 3572 2244; x_wconf 79' lang='grc' dir='ltr'>γραφαῖς,</span> <span class='ocrx_word' id='word_1_695' title='bbox 3620 2175 3680 2227; x_wconf 82' lang='grc' dir='ltr'>ἐν</span> 
     </span>
    </p>
   </div>
   <div class='ocr_carea' id='block_1_91' title="bbox 2107 2247 3680 2329">
    <p class='ocr_par' dir='ltr' id='par_1_91' title="bbox 2107 2247 3680 2329">
     <span class='ocr_line' id='line_1_91' title="bbox 2107 2247 3680 2329; baseline 0.008 -30"><span class='ocrx_word' id='word_1_696' title='bbox 2107 2247 2352 2318; x_wconf 83' lang='grc' dir='ltr'>σώμασιν</span> <span class='ocrx_word' id='word_1_697' title='bbox 2401 2248 2612 2316; x_wconf 86' lang='grc' dir='ltr'>ἀλόγων</span> <span class='ocrx_word' id='word_1_698' title='bbox 2655 2250 2825 2305; x_wconf 89' lang='grc' dir='ltr'>πολλά</span> <span class='ocrx_word' id='word_1_699' title='bbox 2866 2254 3282 2325; x_wconf 85' lang='grc' dir='ltr'>πεπονηκότων,</span> <span class='ocrx_word' id='word_1_700' title='bbox 3325 2257 3384 2308; x_wconf 83' lang='grc' dir='ltr'>ἐν</span> <span class='ocrx_word' id='word_1_701' title='bbox 3434 2257 3680 2329; x_wconf 88' lang='grc' dir='ltr'>σώμασιν</span> 
     </span>
    </p>
   </div>
   <div class='ocr_carea' id='block_1_92' title="bbox 2106 2330 3679 2412">
    <p class='ocr_par' dir='ltr' id='par_1_92' title="bbox 2106 2330 3679 2412">
     <span class='ocr_line' id='line_1_92' title="bbox 2106 2330 3679 2412; baseline 0.006 -28"><span class='ocrx_word' id='word_1_702' title='bbox 2106 2331 2211 2384; x_wconf 84' lang='grc' dir='ltr'>ὑπὸ</span> <span class='ocrx_word' id='word_1_703' title='bbox 2241 2330 2505 2401; x_wconf 86' lang='grc' dir='ltr'>δαιμόνων</span> <span class='ocrx_word' id='word_1_704' title='bbox 2536 2331 3031 2405; x_wconf 81' lang='grc' dir='ltr'>πολιορκουμένων,</span> <span class='ocrx_word' id='word_1_705' title='bbox 3063 2338 3120 2390; x_wconf 89' lang='grc' dir='ltr'>ἐν</span> <span class='ocrx_word' id='word_1_706' title='bbox 3139 2338 3415 2408; x_wconf 90' lang='grc' dir='ltr'>πολέμοις,</span> <span class='ocrx_word' id='word_1_707' title='bbox 3446 2341 3503 2393; x_wconf 90' lang='grc' dir='ltr'>ἐν</span> <span class='ocrx_word' id='word_1_708' title='bbox 3534 2340 3679 2412; x_wconf 75' lang='grc' dir='ltr'>εἰρή-</span> 
     </span>
    </p>
   </div>
   <div class='ocr_carea' id='block_1_93' title="bbox 2106 2413 3679 2492">
    <p class='ocr_par' dir='ltr' id='par_1_93' title="bbox 2106 2413 3679 2492">
     <span class='ocr_line' id='line_1_93' title="bbox 2106 2413 3679 2492; baseline 0.006 -26"><span class='ocrx_word' id='word_1_709' title='bbox 2106 2431 2194 2485; x_wconf 79' lang='grc' dir='ltr'>νῃ,</span> <span class='ocrx_word' id='word_1_710' title='bbox 2223 2413 2281 2467; x_wconf 86' lang='grc' dir='ltr'>ἐν</span> <span class='ocrx_word' id='word_1_711' title='bbox 2309 2413 2566 2483; x_wconf 82' lang='grc' dir='ltr'>ἡμέραις,</span> <span class='ocrx_word' id='word_1_712' title='bbox 2590 2416 2648 2467; x_wconf 90' lang='grc' dir='ltr'>ἐν</span> <span class='ocrx_word' id='word_1_713' title='bbox 2692 2415 2864 2483; x_wconf 75' lang='grc' dir='ltr'>νυξὶν,</span> <span class='ocrx_word' id='word_1_714' title='bbox 2888 2420 2946 2472; x_wconf 92' lang='grc' dir='ltr'>ἐν</span> <span class='ocrx_word' id='word_1_715' title='bbox 2969 2419 3297 2490; x_wconf 82' lang='grc' dir='ltr'>τρυφώντων</span> <span class='ocrx_word' id='word_1_716' title='bbox 3323 2422 3581 2492; x_wconf 87' lang='grc' dir='ltr'>χορείαις,</span> <span class='ocrx_word' id='word_1_717' title='bbox 3620 2425 3679 2476; x_wconf 85' lang='grc' dir='ltr'>ἐν</span> 
     </span>
    </p>
   </div>
   <div class='ocr_carea' id='block_1_94' title="bbox 2108 2497 3680 2576">
    <p class='ocr_par' dir='ltr' id='par_1_94' title="bbox 2108 2497 3680 2576">
     <span class='ocr_line' id='line_1_94' title="bbox 2108 2497 3680 2576; baseline 0.006 -27"><span class='ocrx_word' id='word_1_718' title='bbox 2108 2497 2682 2567; x_wconf 80' lang='grc' dir='ltr'>σκληραγωγουμένων</span> <span class='ocrx_word' id='word_1_719' title='bbox 2732 2501 3023 2573; x_wconf 86' lang='grc' dir='ltr'>φρατρίαις</span> <span class='ocrx_word' id='word_1_720' title='bbox 3053 2519 3067 2532; x_wconf 73' lang='grc' dir='ltr'><strong>ο</strong></span> <span class='ocrx_word' id='word_1_721' title='bbox 3101 2502 3243 2557; x_wconf 77' lang='grc' dir='ltr'>οὕτω</span> <span class='ocrx_word' id='word_1_722' title='bbox 3307 2505 3680 2576; x_wconf 85' lang='grc' dir='ltr'>περιμάχητον</span> 
     </span>
    </p>
   </div>
   <div class='ocr_carea' id='block_1_95' title="bbox 2107 2579 3679 2660">
    <p class='ocr_par' dir='ltr' id='par_1_95' title="bbox 2107 2579 3679 2660">
     <span class='ocr_line' id='line_1_95' title="bbox 2107 2579 3679 2660; baseline 0.006 -27"><span class='ocrx_word' id='word_1_723' title='bbox 2107 2579 2279 2633; x_wconf 77' lang='grc' dir='ltr'>ἅπασι</span> <span class='ocrx_word' id='word_1_724' title='bbox 2321 2579 2514 2649; x_wconf 90' lang='grc' dir='ltr'>γέγονε</span> <span class='ocrx_word' id='word_1_725' title='bbox 2546 2580 2609 2634; x_wconf 87' lang='grc' dir='ltr'>τὸ</span> <span class='ocrx_word' id='word_1_726' title='bbox 2652 2581 2964 2655; x_wconf 89' lang='grc' dir='ltr'>θαυμαστὸν</span> <span class='ocrx_word' id='word_1_727' title='bbox 3002 2584 3162 2640; x_wconf 92' lang='grc' dir='ltr'>τοῦτο</span> <span class='ocrx_word' id='word_1_728' title='bbox 3197 2586 3388 2659; x_wconf 88' lang='grc' dir='ltr'>δῶρον,</span> <span class='ocrx_word' id='word_1_729' title='bbox 3416 2590 3450 2660; x_wconf 75' lang='grc' dir='ltr'><strong>ἡ</strong></span> <span class='ocrx_word' id='word_1_730' title='bbox 3475 2588 3679 2659; x_wconf 80' lang='grc' dir='ltr'>ἀφατος</span> 
     </span>
    </p>
   </div>
   <div class='ocr_carea' id='block_1_96' title="bbox 2109 2661 3680 2739">
    <p class='ocr_par' dir='ltr' id='par_1_96' title="bbox 2109 2661 3680 2739">
     <span class='ocr_line' id='line_1_96' title="bbox 2109 2661 3680 2739; baseline 0.008 -24"><span class='ocrx_word' id='word_1_731' title='bbox 2109 2661 2247 2733; x_wconf 81' lang='grc' dir='ltr'>αὕτη</span> <span class='ocrx_word' id='word_1_732' title='bbox 2289 2666 2466 2735; x_wconf 85' lang='grc' dir='ltr'>χάρις.</span> <span class='ocrx_word' id='word_1_733' title='bbox 2513 2665 2702 2729; x_wconf 80' lang='grc' dir='ltr'>Οὐδεὶς</span> <span class='ocrx_word' id='word_1_734' title='bbox 2745 2667 3088 2737; x_wconf 81' lang='grc' dir='ltr'>αἰσχύνεται,</span> <span class='ocrx_word' id='word_1_735' title='bbox 3140 2669 3241 2723; x_wconf 75' lang='grc' dir='ltr'>οὐκ</span> <span class='ocrx_word' id='word_1_736' title='bbox 3286 2671 3680 2739; x_wconf 79' lang='grc' dir='ltr'>ἐγκαλύπτεται</span> 
     </span>
    </p>
   </div>
   <div class='ocr_carea' id='block_1_97' title="bbox 2109 2745 3681 2825">
    <p class='ocr_par' dir='ltr' id='par_1_97' title="bbox 2109 2745 3681 2825">
     <span class='ocr_line' id='line_1_97' title="bbox 2109 2745 3681 2825; baseline 0.007 -27"><span class='ocrx_word' id='word_1_737' title='bbox 2109 2745 2322 2813; x_wconf 84' lang='grc' dir='ltr'>ἐννοῶν,</span> <span class='ocrx_word' id='word_1_738' title='bbox 2360 2750 2442 2803; x_wconf 85' lang='grc' dir='ltr'>ὅτι</span> <span class='ocrx_word' id='word_1_739' title='bbox 2480 2750 2710 2804; x_wconf 87' lang='grc' dir='ltr'>θανάτου</span> <span class='ocrx_word' id='word_1_740' title='bbox 2748 2748 2843 2803; x_wconf 88' lang='grc' dir='ltr'>τοῦ</span> <span class='ocrx_word' id='word_1_741' title='bbox 2877 2751 3152 2821; x_wconf 89' lang='grc' dir='ltr'>ἐπαράτου</span> <span class='ocrx_word' id='word_1_742' title='bbox 3189 2752 3349 2805; x_wconf 90' lang='grc' dir='ltr'>τοῦτο</span> <span class='ocrx_word' id='word_1_743' title='bbox 3391 2753 3681 2825; x_wconf 85' lang='grc' dir='ltr'>σύμϐολον,</span> 
     </span>
    </p>
   </div>
   <div class='ocr_carea' id='block_1_98' title="bbox 2110 2828 3680 2909">
    <p class='ocr_par' dir='ltr' id='par_1_98' title="bbox 2110 2828 3680 2909">
     <span class='ocr_line' id='line_1_98' title="bbox 2110 2828 3680 2909; baseline 0.007 -27"><span class='ocrx_word' id='word_1_744' title='bbox 2110 2828 2244 2884; x_wconf 84' lang='grc' dir='ltr'>ἀλλά</span> <span class='ocrx_word' id='word_1_745' title='bbox 2270 2832 2470 2898; x_wconf 89' lang='grc' dir='ltr'>πάντες</span> <span class='ocrx_word' id='word_1_746' title='bbox 2492 2833 2666 2905; x_wconf 80' lang='grc' dir='ltr'>τούτῳ</span> <span class='ocrx_word' id='word_1_747' title='bbox 2695 2833 3150 2906; x_wconf 82' lang='grc' dir='ltr'>καλλωπιζόμεθα</span> <span class='ocrx_word' id='word_1_748' title='bbox 3176 2836 3375 2907; x_wconf 82' lang='grc' dir='ltr'>μᾶλλον</span> <span class='ocrx_word' id='word_1_749' title='bbox 3410 2837 3443 2909; x_wconf 80' lang='grc' dir='ltr'>ἢ</span> <span class='ocrx_word' id='word_1_750' title='bbox 3485 2839 3680 2908; x_wconf 76' lang='grc' dir='ltr'>στεφάο</span> 
     </span>
    </p>
   </div>
   <div class='ocr_carea' id='block_1_99' title="bbox 2109 2916 3680 2993">
    <p class='ocr_par' dir='ltr' id='par_1_99' title="bbox 2109 2916 3680 2993">
     <span class='ocr_line' id='line_1_99' title="bbox 2109 2916 3680 2993; baseline 0.006 -27"><span class='ocrx_word' id='word_1_751' title='bbox 2109 2932 2222 2978; x_wconf 85' lang='grc' dir='ltr'>νοις</span> <span class='ocrx_word' id='word_1_752' title='bbox 2259 2917 2356 2969; x_wconf 73' lang='grc' dir='ltr'>καὶ</span> <span class='ocrx_word' id='word_1_753' title='bbox 2384 2916 2678 2989; x_wconf 79' lang='grc' dir='ltr'>διαδήμασι</span> <span class='ocrx_word' id='word_1_754' title='bbox 2708 2917 2803 2972; x_wconf 77' lang='grc' dir='ltr'>καὶ</span> <span class='ocrx_word' id='word_1_755' title='bbox 2829 2918 3051 2989; x_wconf 87' lang='grc' dir='ltr'>μυρίαις</span> <span class='ocrx_word' id='word_1_756' title='bbox 3079 2920 3428 2992; x_wconf 85' lang='grc' dir='ltr'>μαργαριτῶν</span> <span class='ocrx_word' id='word_1_757' title='bbox 3468 2922 3680 2993; x_wconf 85' lang='grc' dir='ltr'>περιϐο-</span> 
     </span>
    </p>
   </div>
   <div class='ocr_carea' id='block_1_100' title="bbox 2111 2997 3678 3071">
    <p class='ocr_par' dir='ltr' id='par_1_100' title="bbox 2111 2997 3678 3071">
     <span class='ocr_line' id='line_1_100' title="bbox 2111 2997 3678 3071; baseline 0.006 -21"><span class='ocrx_word' id='word_1_758' title='bbox 2111 2997 2231 3061; x_wconf 84' lang='grc' dir='ltr'>λαῖς</span> <span class='ocrx_word' id='word_1_759' title='bbox 2252 2997 2469 3064; x_wconf 74' lang='grc' dir='ltr'>’.οὓτως</span> <span class='ocrx_word' id='word_1_760' title='bbox 2496 3000 2556 3053; x_wconf 83' lang='grc' dir='ltr'>οὐ</span> <span class='ocrx_word' id='word_1_761' title='bbox 2584 3001 2743 3069; x_wconf 91' lang='grc' dir='ltr'>μόνον</span> <span class='ocrx_word' id='word_1_762' title='bbox 2763 3000 2863 3053; x_wconf 84' lang='grc' dir='ltr'>οὐκ</span> <span class='ocrx_word' id='word_1_763' title='bbox 2895 3000 3011 3055; x_wconf 77' lang='grc' dir='ltr'>ἐστι</span> <span class='ocrx_word' id='word_1_764' title='bbox 3039 3003 3286 3071; x_wconf 86' lang='grc' dir='ltr'>φευκτὸς,</span> <span class='ocrx_word' id='word_1_765' title='bbox 3314 3004 3449 3058; x_wconf 87' lang='grc' dir='ltr'>ἀλλά</span> <span class='ocrx_word' id='word_1_766' title='bbox 3475 3006 3567 3058; x_wconf 85' lang='grc' dir='ltr'>καὶ</span> <span class='ocrx_word' id='word_1_767' title='bbox 3588 3023 3678 3059; x_wconf 90' lang='grc' dir='ltr'>πο-</span> 
     </span>
    </p>
   </div>
   <div class='ocr_carea' id='block_1_101' title="bbox 2112 3079 3680 3157">
    <p class='ocr_par' dir='ltr' id='par_1_101' title="bbox 2112 3079 3680 3157">
     <span class='ocr_line' id='line_1_101' title="bbox 2112 3079 3680 3157; baseline 0.003 -23"><span class='ocrx_word' id='word_1_768' title='bbox 2112 3079 2283 3145; x_wconf 87' lang='grc' dir='ltr'>θεινὸς</span> <span class='ocrx_word' id='word_1_769' title='bbox 2312 3083 2407 3136; x_wconf 78' lang='grc' dir='ltr'>καὶ</span> <span class='ocrx_word' id='word_1_770' title='bbox 2432 3083 2732 3155; x_wconf 85' lang='grc' dir='ltr'>ἐπέραστος</span> <span class='ocrx_word' id='word_1_771' title='bbox 2760 3085 2855 3140; x_wconf 76' lang='grc' dir='ltr'>καὶ</span> <span class='ocrx_word' id='word_1_772' title='bbox 2884 3085 3347 3157; x_wconf 87' lang='grc' dir='ltr'>περισπούδαστος</span> <span class='ocrx_word' id='word_1_773' title='bbox 3383 3088 3680 3156; x_wconf 71' lang='grc' dir='ltr'>ἆπασι,καὶ</span> 
     </span>
    </p>
   </div>
   <div class='ocr_carea' id='block_1_102' title="bbox 2111 3165 3683 3243">
    <p class='ocr_par' dir='ltr' id='par_1_102' title="bbox 2111 3165 3683 3243">
     <span class='ocr_line' id='line_1_102' title="bbox 2111 3165 3683 3243; baseline 0.004 -25"><span class='ocrx_word' id='word_1_774' title='bbox 2111 3165 2388 3236; x_wconf 89' lang='grc' dir='ltr'>πανταχοῦ</span> <span class='ocrx_word' id='word_1_775' title='bbox 2434 3165 2757 3239; x_wconf 85' lang='grc' dir='ltr'>διαλάμπων</span> <span class='ocrx_word' id='word_1_776' title='bbox 2798 3169 2894 3221; x_wconf 81' lang='grc' dir='ltr'>καὶ</span> <span class='ocrx_word' id='word_1_777' title='bbox 2943 3168 3338 3241; x_wconf 89' lang='grc' dir='ltr'>διεσπαρμένος</span> <span class='ocrx_word' id='word_1_778' title='bbox 3382 3172 3442 3225; x_wconf 85' lang='grc' dir='ltr'>ἐν</span> <span class='ocrx_word' id='word_1_779' title='bbox 3486 3172 3683 3243; x_wconf 81' lang='grc' dir='ltr'>τοίχοις</span> 
     </span>
    </p>
   </div>
   <div class='ocr_carea' id='block_1_103' title="bbox 2110 3248 3682 3325">
    <p class='ocr_par' dir='ltr' id='par_1_103' title="bbox 2110 3248 3682 3325">
     <span class='ocr_line' id='line_1_103' title="bbox 2110 3248 3682 3325; baseline 0.003 -23"><span class='ocrx_word' id='word_1_780' title='bbox 2110 3248 2297 3312; x_wconf 79' lang='grc' dir='ltr'>οίκων,</span> <span class='ocrx_word' id='word_1_781' title='bbox 2332 3250 2390 3304; x_wconf 86' lang='grc' dir='ltr'>ἐν</span> <span class='ocrx_word' id='word_1_782' title='bbox 2417 3250 2610 3322; x_wconf 83' lang='grc' dir='ltr'>ὀροφῇ,</span> <span class='ocrx_word' id='word_1_783' title='bbox 2646 3253 2703 3304; x_wconf 91' lang='grc' dir='ltr'>ἐν</span> <span class='ocrx_word' id='word_1_784' title='bbox 2735 3250 2957 3321; x_wconf 86' lang='grc' dir='ltr'>βίϐλοις,</span> <span class='ocrx_word' id='word_1_785' title='bbox 2994 3255 3051 3307; x_wconf 85' lang='grc' dir='ltr'>ἐν</span> <span class='ocrx_word' id='word_1_786' title='bbox 3085 3253 3334 3318; x_wconf 85' lang='grc' dir='ltr'>πόλεσιν,</span> <span class='ocrx_word' id='word_1_787' title='bbox 3361 3256 3420 3308; x_wconf 80' lang='grc' dir='ltr'>ἐν</span> <span class='ocrx_word' id='word_1_788' title='bbox 3447 3254 3682 3325; x_wconf 84' lang='grc' dir='ltr'>κώμαις,</span> 
     </span>
    </p>
   </div>
   <div class='ocr_carea' id='block_1_104' title="bbox 2112 3333 3683 3408">
    <p class='ocr_par' dir='ltr' id='par_1_104' title="bbox 2112 3333 3683 3408">
     <span class='ocr_line' id='line_1_104' title="bbox 2112 3333 3683 3408; baseline 0.003 -22"><span class='ocrx_word' id='word_1_789' title='bbox 2112 3334 2171 3387; x_wconf 89' lang='grc' dir='ltr'>ἐν</span> <span class='ocrx_word' id='word_1_790' title='bbox 2192 3335 2312 3397; x_wconf 87' lang='grc' dir='ltr'>ταῖς</span> <span class='ocrx_word' id='word_1_791' title='bbox 2336 3334 2631 3406; x_wconf 85' lang='grc' dir='ltr'>ἀοικήτοις,</span> <span class='ocrx_word' id='word_1_792' title='bbox 2655 3337 2714 3388; x_wconf 89' lang='grc' dir='ltr'>ἐν</span> <span class='ocrx_word' id='word_1_793' title='bbox 2732 3337 2851 3398; x_wconf 86' lang='grc' dir='ltr'>ταῖς</span> <span class='ocrx_word' id='word_1_794' title='bbox 2877 3335 3241 3408; x_wconf 86' lang='grc' dir='ltr'>οἰκουμέναις.</span> <span class='ocrx_word' id='word_1_795' title='bbox 3274 3337 3474 3401; x_wconf 80' lang='grc' dir='ltr'>Ἡδέως</span> <span class='ocrx_word' id='word_1_796' title='bbox 3499 3338 3564 3392; x_wconf 83' lang='grc' dir='ltr'>ἀν</span> <span class='ocrx_word' id='word_1_797' title='bbox 3594 3333 3683 3392; x_wconf 82' lang='grc' dir='ltr'>οῦν</span> 
     </span>
    </p>
   </div>
   <div class='ocr_carea' id='block_1_105' title="bbox 2112 3417 3683 3492">
    <p class='ocr_par' dir='ltr' id='par_1_105' title="bbox 2112 3417 3683 3492">
     <span class='ocr_line' id='line_1_105' title="bbox 2112 3417 3683 3492; baseline 0.003 -22"><span class='ocrx_word' id='word_1_798' title='bbox 2112 3418 2341 3488; x_wconf 86' lang='grc' dir='ltr'>ἐροίμην</span> <span class='ocrx_word' id='word_1_799' title='bbox 2386 3418 2476 3472; x_wconf 91' lang='grc' dir='ltr'>τὸν</span> <span class='ocrx_word' id='word_1_800' title='bbox 2516 3418 2753 3490; x_wconf 87' lang='grc' dir='ltr'>Ἕλληνα</span> <span class='ocrx_word' id='word_1_801' title='bbox 2787 3417 2971 3472; x_wconf 82' lang='grc' dir='ltr'>λοιπὸν</span> <span class='ocrx_word' id='word_1_802' title='bbox 2993 3459 3009 3484; x_wconf 95' lang='grc'>,</span> <span class='ocrx_word' id='word_1_803' title='bbox 3042 3419 3207 3474; x_wconf 91' lang='grc' dir='ltr'>πόθεν</span> <span class='ocrx_word' id='word_1_804' title='bbox 3253 3421 3352 3492; x_wconf 86' lang='grc' dir='ltr'>τῆς</span> <span class='ocrx_word' id='word_1_805' title='bbox 3390 3421 3683 3492; x_wconf 79' lang='grc' dir='ltr'>καταδίκης</span> 
     </span>
    </p>
   </div>
   <div class='ocr_carea' id='block_1_106' title="bbox 2110 3500 3678 3578">
    <p class='ocr_par' dir='ltr' id='par_1_106' title="bbox 2110 3500 3678 3578">
     <span class='ocr_line' id='line_1_106' title="bbox 2110 3500 3678 3578; baseline 0.002 -24"><span class='ocrx_word' id='word_1_806' title='bbox 2110 3501 2335 3574; x_wconf 85' lang='grc' dir='ltr'>ταύτης,</span> <span class='ocrx_word' id='word_1_807' title='bbox 2382 3502 2477 3555; x_wconf 92' lang='grc' dir='ltr'>τοῦ</span> <span class='ocrx_word' id='word_1_808' title='bbox 2526 3501 2755 3578; x_wconf 83' lang='grc' dir='ltr'>θανάτου</span> <span class='ocrx_word' id='word_1_809' title='bbox 2797 3500 2892 3556; x_wconf 91' lang='grc' dir='ltr'>τοῦ</span> <span class='ocrx_word' id='word_1_810' title='bbox 2930 3502 3205 3574; x_wconf 83' lang='grc' dir='ltr'>ἐπαράτου</span> <span class='ocrx_word' id='word_1_811' title='bbox 3245 3505 3434 3559; x_wconf 87' lang='grc' dir='ltr'>τούτου</span> <span class='ocrx_word' id='word_1_812' title='bbox 3466 3504 3530 3559; x_wconf 90' lang='grc' dir='ltr'>τὸ</span> <span class='ocrx_word' id='word_1_813' title='bbox 3553 3502 3678 3573; x_wconf 87' lang='grc' dir='ltr'>σύμ-</span> 
     </span>
    </p>
   </div>
   <div class='ocr_carea' id='block_1_107' title="bbox 2114 3582 3683 3662">
    <p class='ocr_par' dir='ltr' id='par_1_107' title="bbox 2114 3582 3683 3662">
     <span class='ocr_line' id='line_1_107' title="bbox 2114 3582 3683 3662; baseline 0.006 -27"><span class='ocrx_word' id='word_1_814' title='bbox 2114 3582 2266 3637; x_wconf 88' lang='grc' dir='ltr'>ϐολον</span> <span class='ocrx_word' id='word_1_815' title='bbox 2295 3585 2465 3638; x_wconf 74' lang='grc' dir='ltr'>ἅπασι</span> <span class='ocrx_word' id='word_1_816' title='bbox 2487 3584 2754 3650; x_wconf 84' lang='grc' dir='ltr'>ποθεινὸν,</span> <span class='ocrx_word' id='word_1_817' title='bbox 2781 3586 3266 3658; x_wconf 87' lang='grc' dir='ltr'>περισπούδαστον,</span> <span class='ocrx_word' id='word_1_818' title='bbox 3294 3591 3343 3643; x_wconf 89' lang='grc' dir='ltr'>εἰ</span> <span class='ocrx_word' id='word_1_819' title='bbox 3372 3588 3449 3662; x_wconf 78' lang='grc' dir='ltr'>μὴ</span> <span class='ocrx_word' id='word_1_820' title='bbox 3476 3589 3683 3660; x_wconf 83' lang='grc' dir='ltr'>μεγάλη</span> 
     </span>
    </p>
   </div>
   <div class='ocr_carea' id='block_1_108' title="bbox 2111 3666 3000 3739">
    <p class='ocr_par' dir='ltr' id='par_1_108' title="bbox 2111 3666 3000 3739">
     <span class='ocr_line' id='line_1_108' title="bbox 2111 3666 3000 3739; baseline 0.004 -20"><span class='ocrx_word' id='word_1_821' title='bbox 2111 3666 2205 3720; x_wconf 91' lang='grc' dir='ltr'>τοῦ</span> <span class='ocrx_word' id='word_1_822' title='bbox 2243 3666 2646 3737; x_wconf 89' lang='grc' dir='ltr'>σταυρωθέντος</span> <span class='ocrx_word' id='word_1_823' title='bbox 2678 3667 3000 3739; x_wconf 83' lang='grc' dir='ltr'>ήδύναμις;</span> 
     </span>
    </p>
   </div>
   <div class='ocr_carea' id='block_1_109' title="bbox 2187 3747 3678 3827">
    <p class='ocr_par' dir='ltr' id='par_1_109' title="bbox 2187 3747 3678 3827">
     <span class='ocr_line' id='line_1_109' title="bbox 2187 3747 3678 3827; baseline 0.011 -26"><span class='ocrx_word' id='word_1_824' title='bbox 2187 3756 2237 3802; x_wconf 84' lang='grc' dir='ltr'>ι’.</span> <span class='ocrx_word' id='word_1_825' title='bbox 2265 3750 2330 3803; x_wconf 87' lang='grc' dir='ltr'>Εἰ</span> <span class='ocrx_word' id='word_1_826' title='bbox 2351 3750 2459 3820; x_wconf 84' lang='grc' dir='ltr'>γάρ</span> <span class='ocrx_word' id='word_1_827' title='bbox 2487 3750 2652 3821; x_wconf 84' lang='grc' dir='ltr'>μηδὲν</span> <span class='ocrx_word' id='word_1_828' title='bbox 2684 3747 2820 3806; x_wconf 86' lang='grc' dir='ltr'>εἶναι</span> <span class='ocrx_word' id='word_1_829' title='bbox 2848 3753 3009 3808; x_wconf 90' lang='grc' dir='ltr'>τοῦτο</span> <span class='ocrx_word' id='word_1_830' title='bbox 3038 3755 3103 3809; x_wconf 81' lang='grc' dir='ltr'>σὺ</span> <span class='ocrx_word' id='word_1_831' title='bbox 3134 3756 3375 3827; x_wconf 83' lang='grc' dir='ltr'>νομίζεις</span> <span class='ocrx_word' id='word_1_832' title='bbox 3409 3762 3503 3815; x_wconf 75' lang='grc' dir='ltr'>καὶ</span> <span class='ocrx_word' id='word_1_833' title='bbox 3536 3763 3678 3818; x_wconf 87' lang='grc' dir='ltr'>ἀναι-</span> 
     </span>
    </p>
   </div>
   <div class='ocr_carea' id='block_1_110' title="bbox 2115 3831 3693 3908">
    <p class='ocr_par' dir='ltr' id='par_1_110' title="bbox 2115 3831 3693 3908">
     <span class='ocr_line' id='line_1_110' title="bbox 2115 3831 3693 3908; baseline 0.011 -26"><span class='ocrx_word' id='word_1_834' title='bbox 2115 3834 2362 3902; x_wconf 89' lang='grc' dir='ltr'>σχυντεῖς</span> <span class='ocrx_word' id='word_1_835' title='bbox 2388 3831 2487 3899; x_wconf 82' lang='grc' dir='ltr'>ἔτι,</span> <span class='ocrx_word' id='word_1_836' title='bbox 2518 3832 2611 3885; x_wconf 82' lang='grc' dir='ltr'>καὶ</span> <span class='ocrx_word' id='word_1_837' title='bbox 2637 3834 2774 3904; x_wconf 86' lang='grc' dir='ltr'>πρὸς</span> <span class='ocrx_word' id='word_1_838' title='bbox 2795 3834 2894 3906; x_wconf 85' lang='grc' dir='ltr'>τὴν</span> <span class='ocrx_word' id='word_1_839' title='bbox 2922 3835 3175 3908; x_wconf 83' lang='grc' dir='ltr'>ἀλήθειαν</span> <span class='ocrx_word' id='word_1_840' title='bbox 3203 3839 3572 3907; x_wconf 88' lang='grc' dir='ltr'>ἀντιϐλέπεις,</span> <span class='ocrx_word' id='word_1_841' title='bbox 3594 3844 3693 3899; x_wconf 74' lang='grc' dir='ltr'>καὶ</span> 
     </span>
    </p>
   </div>
   <div class='ocr_carea' id='block_1_111' title="bbox 2113 3913 3691 3995">
    <p class='ocr_par' dir='ltr' id='par_1_111' title="bbox 2113 3913 3691 3995">
     <span class='ocr_line' id='line_1_111' title="bbox 2113 3913 3691 3995; baseline 0.019 -42"><span class='ocrx_word' id='word_1_842' title='bbox 2113 3914 2251 3985; x_wconf 73' lang='grc' dir='ltr'>πρὸς</span> <span class='ocrx_word' id='word_1_843' title='bbox 2287 3913 2349 3966; x_wconf 76' lang='grc' dir='ltr'>τὸ</span> <span class='ocrx_word' id='word_1_844' title='bbox 2377 3914 2492 3984; x_wconf 83' lang='grc' dir='ltr'>φῶς</span> <span class='ocrx_word' id='word_1_845' title='bbox 2531 3914 2860 3985; x_wconf 77' lang='grc' dir='ltr'>τυφλώττεις</span> <span class='ocrx_word' id='word_1_846' title='bbox 2882 3958 2898 3980; x_wconf 91' lang='grc'>,</span> <span class='ocrx_word' id='word_1_847' title='bbox 2930 3918 3062 3990; x_wconf 88' lang='grc' dir='ltr'>φέρε</span> <span class='ocrx_word' id='word_1_848' title='bbox 3095 3937 3178 3975; x_wconf 90' lang='grc' dir='ltr'>σοι</span> <span class='ocrx_word' id='word_1_849' title='bbox 3213 3921 3474 3995; x_wconf 82' lang='grc' dir='ltr'>δείξωμεν</span> <span class='ocrx_word' id='word_1_850' title='bbox 3499 3928 3593 3981; x_wconf 67' lang='grc' dir='ltr'>καὶ</span> <span class='ocrx_word' id='word_1_851' title='bbox 3632 3928 3691 3995; x_wconf 78' lang='grc' dir='ltr'>ἐξ</span> 
     </span>
    </p>
   </div>
   <div class='ocr_carea' id='block_1_112' title="bbox 2113 3995 3686 4081">
    <p class='ocr_par' dir='ltr' id='par_1_112' title="bbox 2113 3995 3686 4081">
     <span class='ocr_line' id='line_1_112' title="bbox 2113 3995 3686 4081; baseline 0.013 -36"><span class='ocrx_word' id='word_1_852' title='bbox 2113 3995 2279 4081; x_wconf 68' lang='grc' dir='ltr'>ἄλλης</span> <span class='ocrx_word' id='word_1_853' title='bbox 2301 3995 2607 4081; x_wconf 79' lang='grc' dir='ltr'>ὑποθέσεως</span> <span class='ocrx_word' id='word_1_854' title='bbox 2622 3997 2809 4069; x_wconf 78' lang='grc' dir='ltr'>ἡλίκον</span> <span class='ocrx_word' id='word_1_855' title='bbox 2833 3998 2989 4054; x_wconf 89' lang='grc' dir='ltr'>τοῦτό</span> <span class='ocrx_word' id='word_1_856' title='bbox 3012 4003 3149 4057; x_wconf 88' lang='grc' dir='ltr'>ἐστι.</span> <span class='ocrx_word' id='word_1_857' title='bbox 3182 4004 3346 4069; x_wconf 91' lang='grc' dir='ltr'>Ποίας</span> <span class='ocrx_word' id='word_1_858' title='bbox 3365 4007 3428 4079; x_wconf 83' lang='grc' dir='ltr'>δὴ</span> <span class='ocrx_word' id='word_1_859' title='bbox 3450 4010 3686 4081; x_wconf 72' lang='grc' dir='ltr'>ταύτηςς</span> 
     </span>
    </p>
   </div>
   <div class='ocr_carea' id='block_1_113' title="bbox 2118 4078 3682 4164">
    <p class='ocr_par' dir='ltr' id='par_1_113' title="bbox 2118 4078 3682 4164">
     <span class='ocr_line' id='line_1_113' title="bbox 2118 4078 3682 4164; baseline 0.01 -33"><span class='ocrx_word' id='word_1_860' title='bbox 2118 4078 2406 4164; x_wconf 15' lang='grc' dir='ltr'>ξἜστιᾲτοῖς</span> <span class='ocrx_word' id='word_1_861' title='bbox 2447 4079 2727 4164; x_wconf 73' lang='grc' dir='ltr'>δικάζουσι</span> <span class='ocrx_word' id='word_1_862' title='bbox 2764 4081 2935 4135; x_wconf 85' lang='grc' dir='ltr'>πολλὰ</span> <span class='ocrx_word' id='word_1_863' title='bbox 2966 4078 3574 4164; x_wconf 84' lang='grc' dir='ltr'>βασανιστηρίωνείδη,</span> <span class='ocrx_word' id='word_1_864' title='bbox 3596 4078 3682 4158; x_wconf 74' lang='grc' dir='ltr'>ξύ-</span> 
     </span>
    </p>
   </div>
   <div class='ocr_carea' id='block_1_114' title="bbox 2114 4161 3691 4238">
    <p class='ocr_par' dir='ltr' id='par_1_114' title="bbox 2114 4161 3691 4238">
     <span class='ocr_line' id='line_1_114' title="bbox 2114 4161 3691 4238; baseline 0.008 -22"><span class='ocrx_word' id='word_1_865' title='bbox 2114 4161 2242 4226; x_wconf 86' lang='grc' dir='ltr'>λον,</span> <span class='ocrx_word' id='word_1_866' title='bbox 2274 4161 2518 4232; x_wconf 86' lang='grc' dir='ltr'>ίμάντες,</span> <span class='ocrx_word' id='word_1_867' title='bbox 2562 4162 2785 4234; x_wconf 75' lang='grc' dir='ltr'>ὄνυχες,</span> <span class='ocrx_word' id='word_1_868' title='bbox 2818 4166 3115 4237; x_wconf 88' lang='grc' dir='ltr'>μολιϐδίδες</span> <span class='ocrx_word' id='word_1_869' title='bbox 3139 4211 3153 4235; x_wconf 90' lang='grc'>,</span> <span class='ocrx_word' id='word_1_870' title='bbox 3186 4171 3252 4224; x_wconf 86' lang='grc' dir='ltr'>δι’</span> <span class='ocrx_word' id='word_1_871' title='bbox 3294 4166 3369 4227; x_wconf 86' lang='grc' dir='ltr'>ὧν</span> <span class='ocrx_word' id='word_1_872' title='bbox 3410 4161 3587 4238; x_wconf 85' lang='grc' dir='ltr'>ξέουσι</span> <span class='ocrx_word' id='word_1_873' title='bbox 3620 4173 3691 4229; x_wconf 80' lang='grc' dir='ltr'>τὰ</span> 
     </span>
    </p>
   </div>
   <div class='ocr_carea' id='block_1_115' title="bbox 2118 4244 3686 4327">
    <p class='ocr_par' dir='ltr' id='par_1_115' title="bbox 2118 4244 3686 4327">
     <span class='ocr_line' id='line_1_115' title="bbox 2118 4244 3686 4327; baseline 0.012 -34"><span class='ocrx_word' id='word_1_874' title='bbox 2118 4244 2343 4327; x_wconf 76' lang='grc' dir='ltr'>σώματα</span> <span class='ocrx_word' id='word_1_875' title='bbox 2376 4244 2471 4327; x_wconf 82' lang='grc' dir='ltr'>καὶ</span> <span class='ocrx_word' id='word_1_876' title='bbox 2501 4244 2838 4316; x_wconf 77' lang='grc' dir='ltr'>διασχίζουσι</span> <span class='ocrx_word' id='word_1_877' title='bbox 2868 4249 2938 4303; x_wconf 83' lang='grc' dir='ltr'>τά</span> <span class='ocrx_word' id='word_1_878' title='bbox 2968 4251 3102 4323; x_wconf 84' lang='grc' dir='ltr'>μέλη</span> <span class='ocrx_word' id='word_1_879' title='bbox 3147 4254 3241 4307; x_wconf 79' lang='grc' dir='ltr'>καὶ</span> <span class='ocrx_word' id='word_1_880' title='bbox 3273 4254 3556 4327; x_wconf 81' lang='grc' dir='ltr'>ἐξαρτῶσι.</span> <span class='ocrx_word' id='word_1_881' title='bbox 3593 4259 3686 4322; x_wconf 88' lang='grc' dir='ltr'>Τίς</span> 
     </span>
    </p>
   </div>
   <div class='ocr_carea' id='block_1_116' title="bbox 2115 4325 3686 4404">
    <p class='ocr_par' dir='ltr' id='par_1_116' title="bbox 2115 4325 3686 4404">
     <span class='ocr_line' id='line_1_116' title="bbox 2115 4325 3686 4404; baseline 0.01 -27"><span class='ocrx_word' id='word_1_882' title='bbox 2115 4326 2246 4394; x_wconf 87' lang='grc' dir='ltr'>γοῦν</span> <span class='ocrx_word' id='word_1_883' title='bbox 2273 4325 2338 4378; x_wconf 81' lang='grc' dir='ltr'>ἂν</span> <span class='ocrx_word' id='word_1_884' title='bbox 2369 4325 2542 4380; x_wconf 80' lang='grc' dir='ltr'>ἐλοιτο</span> <span class='ocrx_word' id='word_1_885' title='bbox 2584 4329 2756 4382; x_wconf 83' lang='grc' dir='ltr'>ταῦτα</span> <span class='ocrx_word' id='word_1_886' title='bbox 2801 4333 2880 4393; x_wconf 86' lang='grc' dir='ltr'>εἰς</span> <span class='ocrx_word' id='word_1_887' title='bbox 2919 4333 3096 4387; x_wconf 88' lang='grc' dir='ltr'>οἰκίαν</span> <span class='ocrx_word' id='word_1_888' title='bbox 3127 4335 3354 4404; x_wconf 85' lang='grc' dir='ltr'>ἀγαγεῖν</span> <span class='ocrx_word' id='word_1_889' title='bbox 3375 4325 3400 4404; x_wconf 44' lang='grc'>’;</span> <span class='ocrx_word' id='word_1_890' title='bbox 3436 4338 3518 4402; x_wconf 89' lang='grc' dir='ltr'>τίς</span> <span class='ocrx_word' id='word_1_891' title='bbox 3542 4339 3586 4392; x_wconf 90' lang='grc' dir='ltr'>δ’</span> <span class='ocrx_word' id='word_1_892' title='bbox 3620 4340 3686 4393; x_wconf 84' lang='grc' dir='ltr'>ἀν</span> 
     </span>
    </p>
   </div>
   <div class='ocr_carea' id='block_1_117' title="bbox 2117 4407 3688 4492">
    <p class='ocr_par' dir='ltr' id='par_1_117' title="bbox 2117 4407 3688 4492">
     <span class='ocr_line' id='line_1_117' title="bbox 2117 4407 3688 4492; baseline 0.01 -30"><span class='ocrx_word' id='word_1_893' title='bbox 2117 4407 2468 4475; x_wconf 79' lang='grc' dir='ltr'>καταδέξαιτο</span> <span class='ocrx_word' id='word_1_894' title='bbox 2499 4410 2680 4480; x_wconf 88' lang='grc' dir='ltr'>χειρὸς</span> <span class='ocrx_word' id='word_1_895' title='bbox 2702 4411 2942 4483; x_wconf 72' lang='grc' dir='ltr'>ἅψασθαι</span> <span class='ocrx_word' id='word_1_896' title='bbox 2977 4416 3086 4470; x_wconf 88' lang='grc' dir='ltr'>τῶν</span> <span class='ocrx_word' id='word_1_897' title='bbox 3102 4418 3275 4472; x_wconf 90' lang='grc' dir='ltr'>ταῦτα</span> <span class='ocrx_word' id='word_1_898' title='bbox 3304 4421 3688 4492; x_wconf 79' lang='grc' dir='ltr'>ἐργαζομένων</span> 
     </span>
    </p>
   </div>
   <div class='ocr_carea' id='block_1_118' title="bbox 2115 4490 3688 4573">
    <p class='ocr_par' dir='ltr' id='par_1_118' title="bbox 2115 4490 3688 4573">
     <span class='ocr_line' id='line_1_118' title="bbox 2115 4490 3688 4573; baseline 0.008 -28"><span class='ocrx_word' id='word_1_899' title='bbox 2115 4490 2407 4563; x_wconf 82' lang='grc' dir='ltr'>δημίων,ἢ</span> <span class='ocrx_word' id='word_1_900' title='bbox 2442 4490 2669 4563; x_wconf 88' lang='grc' dir='ltr'>πλησίον</span> <span class='ocrx_word' id='word_1_901' title='bbox 2706 4496 2958 4562; x_wconf 89' lang='grc' dir='ltr'>γενέσθαι</span> <span class='ocrx_word' id='word_1_902' title='bbox 2994 4498 3150 4565; x_wconf 85' lang='grc' dir='ltr'>ἰδεῖν;</span> <span class='ocrx_word' id='word_1_903' title='bbox 3173 4501 3294 4572; x_wconf 77' lang='grc' dir='ltr'>οὐχὶ</span> <span class='ocrx_word' id='word_1_904' title='bbox 3331 4490 3688 4573; x_wconf 81' lang='grc' dir='ltr'>μυσάττονται</span> 
     </span>
    </p>
   </div>
   <div class='ocr_carea' id='block_1_119' title="bbox 2115 4573 3690 4659">
    <p class='ocr_par' dir='ltr' id='par_1_119' title="bbox 2115 4573 3690 4659">
     <span class='ocr_line' id='line_1_119' title="bbox 2115 4573 3690 4659; baseline 0.01 -31"><span class='ocrx_word' id='word_1_905' title='bbox 2115 4576 2164 4628; x_wconf 78' lang='grc' dir='ltr'>οἱ</span> <span class='ocrx_word' id='word_1_906' title='bbox 2212 4574 2461 4638; x_wconf 88' lang='grc' dir='ltr'>πλείους,</span> <span class='ocrx_word' id='word_1_907' title='bbox 2487 4573 2718 4659; x_wconf 25' lang='grc' dir='ltr'>ἐνιοι-δέ</span> <span class='ocrx_word' id='word_1_908' title='bbox 2765 4579 2859 4631; x_wconf 74' lang='grc' dir='ltr'>καὶ</span> <span class='ocrx_word' id='word_1_909' title='bbox 2901 4581 3270 4648; x_wconf 80' lang='grc' dir='ltr'>οίωνίζονται,</span> <span class='ocrx_word' id='word_1_910' title='bbox 3307 4587 3399 4639; x_wconf 72' lang='grc' dir='ltr'>καὶ</span> <span class='ocrx_word' id='word_1_911' title='bbox 3433 4588 3553 4642; x_wconf 80' lang='grc' dir='ltr'>οὐδὲ</span> <span class='ocrx_word' id='word_1_912' title='bbox 3589 4590 3690 4659; x_wconf 80' lang='grc' dir='ltr'>τῆς</span> 
     </span>
    </p>
   </div>
   <div class='ocr_carea' id='block_1_120' title="bbox 2116 4656 3690 4740">
    <p class='ocr_par' dir='ltr' id='par_1_120' title="bbox 2116 4656 3690 4740">
     <span class='ocr_line' id='line_1_120' title="bbox 2116 4656 3690 4740; baseline 0.009 -29"><span class='ocrx_word' id='word_1_913' title='bbox 2116 4658 2282 4727; x_wconf 77' lang='grc' dir='ltr'>ἁφῆς,</span> <span class='ocrx_word' id='word_1_914' title='bbox 2311 4656 2433 4709; x_wconf 79' lang='grc' dir='ltr'>ούδέ</span> <span class='ocrx_word' id='word_1_915' title='bbox 2460 4656 2559 4726; x_wconf 81' lang='grc' dir='ltr'>τῆς</span> <span class='ocrx_word' id='word_1_916' title='bbox 2589 4656 2764 4727; x_wconf 75' lang='grc' dir='ltr'>ὅψεως</span> <span class='ocrx_word' id='word_1_917' title='bbox 2804 4660 3119 4736; x_wconf 69' lang='grc' dir='ltr'>άνέχοντιμς</span> <span class='ocrx_word' id='word_1_918' title='bbox 3144 4667 3203 4719; x_wconf 87' lang='grc' dir='ltr'>ού</span> <span class='ocrx_word' id='word_1_919' title='bbox 3238 4668 3425 4739; x_wconf 72' lang='grc' dir='ltr'>πόρρω</span> <span class='ocrx_word' id='word_1_920' title='bbox 3456 4656 3690 4740; x_wconf 78' lang='grc' dir='ltr'>φεύγου-</span> 
     </span>
    </p>
   </div>
   <div class='ocr_carea' id='block_1_121' title="bbox 2120 4740 3692 4819">
    <p class='ocr_par' dir='ltr' id='par_1_121' title="bbox 2120 4740 3692 4819">
     <span class='ocr_line' id='line_1_121' title="bbox 2120 4740 3692 4819; baseline 0.01 -28"><span class='ocrx_word' id='word_1_921' title='bbox 2120 4756 2237 4804; x_wconf 88' lang='grc' dir='ltr'>σιν;</span> <span class='ocrx_word' id='word_1_922' title='bbox 2278 4740 2376 4792; x_wconf 81' lang='grc' dir='ltr'>οὐκ</span> <span class='ocrx_word' id='word_1_923' title='bbox 2401 4740 2802 4819; x_wconf 76' lang='grc' dir='ltr'>ἀποστρέφουσι</span> <span class='ocrx_word' id='word_1_924' title='bbox 2830 4742 2890 4796; x_wconf 88' lang='grc' dir='ltr'>τὸ</span> <span class='ocrx_word' id='word_1_925' title='bbox 2919 4743 3073 4815; x_wconf 77' lang='grc' dir='ltr'>ὄμμα</span> <span class='ocrx_word' id='word_1_926' title='bbox 3096 4762 3110 4810; x_wconf 87' lang='lat'><strong>;</strong></span> <span class='ocrx_word' id='word_1_927' title='bbox 3137 4748 3388 4803; x_wconf 89' lang='grc' dir='ltr'>Τοιοῦτον</span> <span class='ocrx_word' id='word_1_928' title='bbox 3416 4751 3479 4819; x_wconf 87' lang='grc' dir='ltr'>δή</span> <span class='ocrx_word' id='word_1_929' title='bbox 3513 4770 3564 4805; x_wconf 92' lang='grc' dir='ltr'>τι</span> <span class='ocrx_word' id='word_1_930' title='bbox 3594 4754 3692 4807; x_wconf 77' lang='grc' dir='ltr'>καὶ</span> 
     </span>
    </p>
   </div>
   <div class='ocr_carea' id='block_1_122' title="bbox 2116 4816 3693 4904">
    <p class='ocr_par' dir='ltr' id='par_1_122' title="bbox 2116 4816 3693 4904">
     <span class='ocr_line' id='line_1_122' title="bbox 2116 4816 3693 4904; baseline 0.008 -28"><span class='ocrx_word' id='word_1_931' title='bbox 2116 4824 2144 4876; x_wconf 89' lang='grc' dir='ltr'>ό</span> <span class='ocrx_word' id='word_1_932' title='bbox 2166 4820 2393 4904; x_wconf 85' lang='grc' dir='ltr'>σταυρὸς</span> <span class='ocrx_word' id='word_1_933' title='bbox 2418 4816 2484 4891; x_wconf 77' lang='grc' dir='ltr'>ἦν</span> <span class='ocrx_word' id='word_1_934' title='bbox 2523 4821 2583 4874; x_wconf 89' lang='grc' dir='ltr'>τὸ</span> <span class='ocrx_word' id='word_1_935' title='bbox 2616 4822 2862 4889; x_wconf 89' lang='grc' dir='ltr'>παλαιὸν,</span> <span class='ocrx_word' id='word_1_936' title='bbox 2892 4826 3090 4894; x_wconf 82' lang='grc' dir='ltr'>μᾶλλον</span> <span class='ocrx_word' id='word_1_937' title='bbox 3125 4828 3182 4881; x_wconf 84' lang='grc' dir='ltr'>δὲ</span> <span class='ocrx_word' id='word_1_938' title='bbox 3208 4829 3410 4884; x_wconf 88' lang='grc' dir='ltr'>τούτων</span> <span class='ocrx_word' id='word_1_939' title='bbox 3436 4816 3570 4887; x_wconf 77' lang='grc' dir='ltr'>πολὺ</span> <span class='ocrx_word' id='word_1_940' title='bbox 3596 4852 3693 4904; x_wconf 90' lang='grc' dir='ltr'>χα-</span> 
     </span>
    </p>
   </div>
   <div class='ocr_carea' id='block_1_123' title="bbox 2116 4903 3691 4982">
    <p class='ocr_par' dir='ltr' id='par_1_123' title="bbox 2116 4903 3691 4982">
     <span class='ocr_line' id='line_1_123' title="bbox 2116 4903 3691 4982; baseline 0.015 -35"><span class='ocrx_word' id='word_1_941' title='bbox 2116 4903 2423 4974; x_wconf 81' lang='grc' dir='ltr'>λεπὼτερος</span> <span class='ocrx_word' id='word_1_942' title='bbox 2448 4920 2460 4935; x_wconf 89' lang='grc'>·</span> <span class='ocrx_word' id='word_1_943' title='bbox 2487 4904 2622 4975; x_wconf 84' lang='grc' dir='ltr'>ὅπερ</span> <span class='ocrx_word' id='word_1_944' title='bbox 2654 4905 2760 4976; x_wconf 76' lang='grc' dir='ltr'>γὰρ</span> <span class='ocrx_word' id='word_1_945' title='bbox 2788 4905 2957 4978; x_wconf 74' lang='grc' dir='ltr'>ἔφθην</span> <span class='ocrx_word' id='word_1_946' title='bbox 2985 4908 3176 4974; x_wconf 88' lang='grc' dir='ltr'>εἰπὼν,</span> <span class='ocrx_word' id='word_1_947' title='bbox 3202 4912 3302 4982; x_wconf 81' lang='grc' dir='ltr'>οὐχ</span> <span class='ocrx_word' id='word_1_948' title='bbox 3322 4913 3505 4978; x_wconf 84' lang='grc' dir='ltr'>ἁπλῶς</span> <span class='ocrx_word' id='word_1_949' title='bbox 3533 4903 3691 4971; x_wconf 82' lang='grc' dir='ltr'>θανά-</span> 
     </span>
    </p>
   </div>
   <div class='ocr_carea' id='block_1_124' title="bbox 2117 4985 3690 5069">
    <p class='ocr_par' dir='ltr' id='par_1_124' title="bbox 2117 4985 3690 5069">
     <span class='ocr_line' id='line_1_124' title="bbox 2117 4985 3690 5069; baseline 0.009 -30"><span class='ocrx_word' id='word_1_950' title='bbox 2117 5003 2231 5049; x_wconf 89' lang='grc' dir='ltr'>του,</span> <span class='ocrx_word' id='word_1_951' title='bbox 2276 4985 2411 5069; x_wconf 51' lang='grc' dir='ltr'>ἀλλρι</span> <span class='ocrx_word' id='word_1_952' title='bbox 2441 4985 2670 5069; x_wconf 87' lang='grc' dir='ltr'>θανάτου</span> <span class='ocrx_word' id='word_1_953' title='bbox 2699 4986 2793 5040; x_wconf 88' lang='grc' dir='ltr'>τοῦ</span> <span class='ocrx_word' id='word_1_954' title='bbox 2817 4990 3091 5060; x_wconf 85' lang='grc' dir='ltr'>ἐπαράτου</span> <span class='ocrx_word' id='word_1_955' title='bbox 3119 4992 3276 5047; x_wconf 89' lang='grc' dir='ltr'>τοῦτο</span> <span class='ocrx_word' id='word_1_956' title='bbox 3307 4995 3573 5066; x_wconf 83' lang='grc' dir='ltr'>σύμϐολον</span> <span class='ocrx_word' id='word_1_957' title='bbox 3597 4994 3690 5069; x_wconf 83' lang='grc' dir='ltr'>ἦν.</span> 
     </span>
    </p>
   </div>
   <div class='ocr_carea' id='block_1_125' title="bbox 2118 5063 3692 5149">
    <p class='ocr_par' dir='ltr' id='par_1_125' title="bbox 2118 5063 3692 5149">
     <span class='ocr_line' id='line_1_125' title="bbox 2118 5063 3692 5149; baseline 0.006 -27"><span class='ocrx_word' id='word_1_958' title='bbox 2118 5069 2287 5122; x_wconf 86' lang='grc' dir='ltr'>Πόθεν</span> <span class='ocrx_word' id='word_1_959' title='bbox 2336 5063 2449 5131; x_wconf 82' lang='grc' dir='ltr'>οῦν,</span> <span class='ocrx_word' id='word_1_960' title='bbox 2483 5068 2604 5120; x_wconf 89' lang='grc' dir='ltr'>εἰπέ</span> <span class='ocrx_word' id='word_1_961' title='bbox 2648 5085 2770 5140; x_wconf 91' lang='grc' dir='ltr'>μοι,</span> <span class='ocrx_word' id='word_1_962' title='bbox 2812 5073 2974 5127; x_wconf 85' lang='grc' dir='ltr'>πᾶσιν</span> <span class='ocrx_word' id='word_1_963' title='bbox 3013 5072 3155 5128; x_wconf 77' lang='grc' dir='ltr'>οὕτω</span> <span class='ocrx_word' id='word_1_964' title='bbox 3199 5075 3292 5129; x_wconf 87' lang='grc' dir='ltr'>νῦν</span> <span class='ocrx_word' id='word_1_965' title='bbox 3326 5063 3692 5149; x_wconf 77' lang='grc' dir='ltr'>περισπούδα-</span> 
     </span>
    </p>
   </div>
   <div class='ocr_carea' id='block_1_126' title="bbox 2120 5148 3693 5233">
    <p class='ocr_par' dir='ltr' id='par_1_126' title="bbox 2120 5148 3693 5233">
     <span class='ocr_line' id='line_1_126' title="bbox 2120 5148 3693 5233; baseline 0.007 -29"><span class='ocrx_word' id='word_1_966' title='bbox 2120 5168 2265 5215; x_wconf 88' lang='grc' dir='ltr'>στος,</span> <span class='ocrx_word' id='word_1_967' title='bbox 2295 5151 2458 5205; x_wconf 77' lang='grc' dir='ltr'>πᾶσιν</span> <span class='ocrx_word' id='word_1_968' title='bbox 2491 5148 2632 5204; x_wconf 78' lang='grc' dir='ltr'>οὕτω</span> <span class='ocrx_word' id='word_1_969' title='bbox 2666 5150 2912 5217; x_wconf 88' lang='grc' dir='ltr'>ποθεινὸς</span> <span class='ocrx_word' id='word_1_970' title='bbox 2944 5155 3156 5225; x_wconf 86' lang='grc' dir='ltr'>γέγονε,</span> <span class='ocrx_word' id='word_1_971' title='bbox 3176 5148 3693 5233; x_wconf 81' lang='grc' dir='ltr'>πάντωνπροτιμό-</span> 
     </span>
    </p>
   </div>
   <div class='ocr_carea' id='block_1_127' title="bbox 2117 5250 2303 5305">
    <p class='ocr_par' dir='ltr' id='par_1_127' title="bbox 2117 5250 2303 5305">
     <span class='ocr_line' id='line_1_127' title="bbox 2117 5250 2303 5305; baseline -0.005 -18"><span class='ocrx_word' id='word_1_972' title='bbox 2117 5250 2303 5305; x_wconf 86' lang='grc' dir='ltr'>τερος;</span> 
     </span>
    </p>
   </div>
   <div class='ocr_carea' id='block_1_128' title="bbox 2189 5314 3690 5396">
    <p class='ocr_par' dir='ltr' id='par_1_128' title="bbox 2189 5314 3690 5396">
     <span class='ocr_line' id='line_1_128' title="bbox 2189 5314 3690 5396; baseline 0.007 -26"><span class='ocrx_word' id='word_1_973' title='bbox 2189 5317 2329 5370; x_wconf 78' lang='grc' dir='ltr'>Αὐτὸ</span> <span class='ocrx_word' id='word_1_974' title='bbox 2357 5314 2500 5378; x_wconf 48' lang='grc' dir='ltr'>δὲτὸ</span> <span class='ocrx_word' id='word_1_975' title='bbox 2527 5314 2680 5380; x_wconf 84' lang='grc' dir='ltr'>ξύλον</span> <span class='ocrx_word' id='word_1_976' title='bbox 2705 5316 2882 5371; x_wconf 82' lang='grc' dir='ltr'>ἐκεῖνο</span> <span class='ocrx_word' id='word_1_977' title='bbox 2902 5318 3070 5381; x_wconf 74' lang='grc' dir='ltr'>,ἐνθα</span> <span class='ocrx_word' id='word_1_978' title='bbox 3098 5322 3158 5375; x_wconf 94' lang='grc' dir='ltr'>τὸ</span> <span class='ocrx_word' id='word_1_979' title='bbox 3192 5322 3346 5391; x_wconf 80' lang='grc' dir='ltr'>ἅγιον</span> <span class='ocrx_word' id='word_1_980' title='bbox 3379 5324 3542 5396; x_wconf 88' lang='grc' dir='ltr'>ἐτάθη</span> <span class='ocrx_word' id='word_1_981' title='bbox 3578 5325 3690 5379; x_wconf 80' lang='grc' dir='ltr'>σῶ-</span> 
     </span>
    </p>
   </div>
   <div class='ocr_carea' id='block_1_129' title="bbox 2122 5396 3688 5476">
    <p class='ocr_par' dir='ltr' id='par_1_129' title="bbox 2122 5396 3688 5476">
     <span class='ocr_line' id='line_1_129' title="bbox 2122 5396 3688 5476; baseline 0.005 -22"><span class='ocrx_word' id='word_1_982' title='bbox 2122 5417 2200 5471; x_wconf 90' lang='grc' dir='ltr'>μα</span> <span class='ocrx_word' id='word_1_983' title='bbox 2217 5400 2309 5453; x_wconf 77' lang='grc' dir='ltr'>καὶ</span> <span class='ocrx_word' id='word_1_984' title='bbox 2332 5396 2776 5470; x_wconf 88' lang='grc' dir='ltr'>ἀνεσκολοπίσθη,</span> <span class='ocrx_word' id='word_1_985' title='bbox 2793 5399 2910 5464; x_wconf 84' lang='grc' dir='ltr'>πῶς</span> <span class='ocrx_word' id='word_1_986' title='bbox 2938 5403 3055 5455; x_wconf 85' lang='grc' dir='ltr'>ἐστι</span> <span class='ocrx_word' id='word_1_987' title='bbox 3076 5406 3449 5476; x_wconf 88' lang='grc' dir='ltr'>περιμάχητον</span> <span class='ocrx_word' id='word_1_988' title='bbox 3478 5407 3688 5475; x_wconf 79' lang='grc' dir='ltr'>άπασι;</span> 
     </span>
    </p>
   </div>
   <div class='ocr_carea' id='block_1_130' title="bbox 2120 5479 3691 5554">
    <p class='ocr_par' dir='ltr' id='par_1_130' title="bbox 2120 5479 3691 5554">
     <span class='ocr_line' id='line_1_130' title="bbox 2120 5479 3691 5554; baseline 0.009 -23"><span class='ocrx_word' id='word_1_989' title='bbox 2120 5488 2214 5540; x_wconf 70' lang='grc' dir='ltr'>καὶ</span> <span class='ocrx_word' id='word_1_990' title='bbox 2253 5481 2446 5552; x_wconf 88' lang='grc' dir='ltr'>μικρόν</span> <span class='ocrx_word' id='word_1_991' title='bbox 2482 5495 2535 5531; x_wconf 92' lang='grc' dir='ltr'>τι</span> <span class='ocrx_word' id='word_1_992' title='bbox 2588 5479 2952 5549; x_wconf 88' lang='grc' dir='ltr'>λαμϐάνοντες</span> <span class='ocrx_word' id='word_1_993' title='bbox 2997 5483 3058 5549; x_wconf 78' lang='grc' dir='ltr'>ἐξ</span> <span class='ocrx_word' id='word_1_994' title='bbox 3103 5486 3308 5540; x_wconf 84' lang='grc' dir='ltr'>ἐκείνου</span> <span class='ocrx_word' id='word_1_995' title='bbox 3350 5489 3562 5554; x_wconf 77' lang='grc' dir='ltr'>πολλοὶ,</span> <span class='ocrx_word' id='word_1_996' title='bbox 3592 5491 3691 5545; x_wconf 75' lang='grc' dir='ltr'>καὶ</span> 
     </span>
    </p>
   </div>
   <div class='ocr_carea' id='block_1_131' title="bbox 2119 5562 3693 5640">
    <p class='ocr_par' dir='ltr' id='par_1_131' title="bbox 2119 5562 3693 5640">
     <span class='ocr_line' id='line_1_131' title="bbox 2119 5562 3693 5640; baseline 0.006 -22"><span class='ocrx_word' id='word_1_997' title='bbox 2119 5564 2304 5638; x_wconf 88' lang='grc' dir='ltr'>χρυσῷ</span> <span class='ocrx_word' id='word_1_998' title='bbox 2355 5562 2792 5628; x_wconf 86' lang='grc' dir='ltr'>κατακλείοντες.</span> <span class='ocrx_word' id='word_1_999' title='bbox 2827 5568 2921 5620; x_wconf 73' lang='grc' dir='ltr'>καὶ</span> <span class='ocrx_word' id='word_1_1000' title='bbox 2952 5566 3142 5640; x_wconf 83' lang='grc' dir='ltr'>ἄνδρες</span> <span class='ocrx_word' id='word_1_1001' title='bbox 3168 5570 3256 5623; x_wconf 79' lang='grc' dir='ltr'>καὶ</span> <span class='ocrx_word' id='word_1_1002' title='bbox 3296 5574 3548 5639; x_wconf 86' lang='grc' dir='ltr'>γυναῖκες</span> <span class='ocrx_word' id='word_1_1003' title='bbox 3579 5573 3693 5628; x_wconf 84' lang='grc' dir='ltr'>τῶν</span> 
     </span>
    </p>
   </div>
   <div class='ocr_carea' id='block_1_132' title="bbox 2119 5645 3689 5725">
    <p class='ocr_par' dir='ltr' id='par_1_132' title="bbox 2119 5645 3689 5725">
     <span class='ocr_line' id='line_1_132' title="bbox 2119 5645 3689 5725; baseline 0.004 -21"><span class='ocrx_word' id='word_1_1004' title='bbox 2119 5648 2402 5720; x_wconf 80' lang='grc' dir='ltr'>τραχήλων</span> <span class='ocrx_word' id='word_1_1005' title='bbox 2456 5645 2725 5717; x_wconf 84' lang='grc' dir='ltr'>ἐξαρτῶσι</span> <span class='ocrx_word' id='word_1_1006' title='bbox 2773 5648 2882 5702; x_wconf 90' lang='grc' dir='ltr'>τῶν</span> <span class='ocrx_word' id='word_1_1007' title='bbox 2934 5651 3142 5704; x_wconf 80' lang='grc' dir='ltr'>ἑαυτῶν</span> <span class='ocrx_word' id='word_1_1008' title='bbox 3188 5652 3689 5725; x_wconf 76' lang='grc' dir='ltr'>καλλωπιζόμενοι,</span> 
     </span>
    </p>
   </div>
   <div class='ocr_carea' id='block_1_133' title="bbox 2120 5728 3690 5809">
    <p class='ocr_par' dir='ltr' id='par_1_133' title="bbox 2120 5728 3690 5809">
     <span class='ocr_line' id='line_1_133' title="bbox 2120 5728 3690 5809; baseline -0.003 -19"><span class='ocrx_word' id='word_1_1009' title='bbox 2120 5734 2297 5790; x_wconf 70' lang='grc' dir='ltr'>καίτοι</span> <span class='ocrx_word' id='word_1_1010' title='bbox 2326 5728 2620 5801; x_wconf 82' lang='grc' dir='ltr'>καταδίκης</span> <span class='ocrx_word' id='word_1_1011' title='bbox 2642 5729 2908 5802; x_wconf 87' lang='grc' dir='ltr'>σύμϐολον</span> <span class='ocrx_word' id='word_1_1012' title='bbox 2943 5734 3004 5786; x_wconf 89' lang='grc' dir='ltr'>τὸ</span> <span class='ocrx_word' id='word_1_1013' title='bbox 3032 5733 3187 5802; x_wconf 75' lang='grc' dir='ltr'>ξύλον</span> <span class='ocrx_word' id='word_1_1014' title='bbox 3210 5731 3297 5809; x_wconf 82' lang='grc' dir='ltr'>ἦν,</span> <span class='ocrx_word' id='word_1_1015' title='bbox 3328 5738 3500 5793; x_wconf 86' lang='grc' dir='ltr'>καίτοι</span> <span class='ocrx_word' id='word_1_1016' title='bbox 3532 5737 3690 5809; x_wconf 67' lang='grc'><strong>1572]</strong></span> 
     </span>
    </p>
   </div>
  </div>
