4062 6166
380 312 487 367 8:25

383 429 650 491 fruuntur,
676 440 762 481 res
782 439 966 479 eorum
989 423 1212 490 llorent;
1238 424 1300 478 iis
1321 438 1448 478 vero
1473 425 1716 489 mortuis,
1741 435 1961 494 pereunt

385 531 438 575 et
466 520 663 573 omnia.
687 518 838 585 Quod
861 535 966 572 non
999 519 1050 572 in
1075 517 1237 572 divite
1257 559 1271 583 ,
1302 533 1477 588 neque
1503 519 1556 572 in
1584 518 1822 587 principe
1851 527 1964 572 tan-

387 625 519 679 tum,
543 612 637 667 sed
667 612 721 666 in
751 614 864 681 ipso
892 610 1216 680 Imperatorc
1238 602 1647 666 animadvertas.
1673 612 1880 666 Etenim
1911 621 1964 666 et

387 706 530 775 leges
573 719 757 758 eorum
802 704 1144 774 abrogantur,
1187 712 1240 759 ct
1279 704 1534 774 imagines
1576 706 1962 772 obscurantur,

387 793 646 849 memoria
686 807 870 848 eorum
901 792 1280 863 exstinguitur,
1309 809 1500 849 nomen
1549 796 1600 848 in
1642 795 1963 851 oblivionem

389 888 550 952 venit,
581 885 802 941 clientes
822 887 1222 955 despiciuntur:
1252 888 1458 942 illorum
1481 889 1684 944 scilicet
1707 889 1793 959 qui
1822 890 1965 959 prius

387 993 533 1033 arma
565 986 862 1044 moverant,
890 978 978 1047 qui
1009 989 1136 1033 nutu
1165 979 1282 1033 solo
1307 981 1528 1048 populos
1549 1022 1562 1044 ,
1594 980 1751 1035 urbes
1775 995 1966 1049 resque

390 1070 627 1138 publicas
648 1077 1000 1136 mutaverant,
1026 1070 1214 1139 quibus
1235 1070 1426 1133 licebat
1448 1080 1500 1125 et
1525 1071 1788 1138 occidere,
1821 1081 1874 1126 et
1899 1072 1964 1127 ad

389 1163 703 1232 supplicium
741 1161 928 1217 ductos
971 1177 1002 1215 a
1048 1170 1219 1216 morte
1266 1163 1511 1218 liberare.
1557 1165 1809 1218 Attamen
1853 1163 1967 1219 haec

389 1257 565 1308 omnia
614 1261 867 1323 pereunt,
909 1255 1030 1310 licet
1074 1265 1229 1310 antea
1275 1256 1569 1312 floruerint.
1606 1258 1675 1311 At
1718 1272 1872 1312 secus
1912 1258 1964 1311 in

390 1346 603 1402 Christo
631 1363 645 1398 :
677 1362 798 1400 nam
825 1355 948 1401 ante
969 1361 1180 1401 crucem
1212 1348 1264 1401 in
1296 1349 1438 1402 luctu
1467 1362 1552 1402 res
1589 1358 1742 1403 erant
1761 1395 1774 1411 ,
1803 1349 1966 1404 Judas

394 1436 655 1506 prodidit,
688 1437 875 1491 Petrus
906 1438 1145 1506 negavit,
1177 1438 1362 1506 reliqui
1396 1437 1670 1508 fugerunt,
1702 1441 1847 1494 solus
1876 1440 1966 1494 ille

392 1529 530 1582 inter
556 1528 798 1582 inimicos
823 1529 1240 1598 comprehensus
1282 1538 1397 1595 est,
1440 1530 1590 1584 multi
1637 1547 1702 1585 ex
1747 1531 1844 1599 iis,
1877 1531 1966 1602 qui

392 1619 761 1686 crediderant,
813 1630 1106 1677 retrorsum
1155 1623 1414 1678 abierunt.
1455 1625 1742 1694 Postquam
1789 1635 1966 1680 autent

393 1712 598 1768 occisus
626 1715 785 1767 vitam
815 1714 1023 1781 clausit,
1053 1724 1111 1770 ut
1139 1715 1311 1771 discas
1352 1731 1474 1772 eum
1493 1759 1506 1784 ,
1548 1719 1638 1788 qui
1678 1720 1967 1783 cruciﬁxus

393 1812 496 1868 est,
527 1817 633 1858 non
663 1819 851 1872 purum
879 1803 1147 1859 hominem
1181 1804 1382 1871 fuisse,
1412 1821 1500 1861 res
1533 1809 1647 1877 ejus
1674 1809 1929 1864 clariores
1948 1851 1964 1877 ,

395 1897 706 1951 illustriores
746 1911 810 1951 ac
851 1897 1187 1952 sublinuores
1229 1907 1533 1953 evaserunt.
1574 1901 1712 1954 Ante
1753 1914 1968 1956 crucem

396 1989 640 2058 princeps
657 1989 1042 2059 apostolorum,
1066 2005 1134 2045 ne
1153 1991 1382 2048 ostiariae
1401 1992 1612 2062 quidem
1635 1994 1808 2048 minas
1830 1994 1965 2060 tulit,

394 2080 493 2136 sed
512 2090 632 2150 post
663 2089 860 2135 tantam
892 2082 1241 2138 initiationem
1263 2125 1279 2150 ,
1305 2085 1480 2140 aiebat
1516 2100 1574 2141 se
1611 2088 1820 2141 nescire
1849 2087 1967 2156 quis

397 2179 539 2225 esset
562 2188 577 2225 :
607 2179 723 2240 post
743 2186 956 2226 erucem
979 2188 1106 2228 vero
1132 2175 1316 2230 orbem
1349 2174 1607 2230 terrarum
1633 2178 1964 2246 peragravit:

397 2263 520 2317 hinc
547 2263 811 2318 innumeri
837 2266 1017 2334 pepuli
1046 2275 1336 2338 martyrum
1375 2268 1600 2338 jugulati
1642 2281 1786 2337 sunt,
1832 2285 1971 2340 pra:-

394 2361 638 2421 optantes
660 2354 826 2409 occidi
849 2395 864 2420 ,
895 2370 1050 2425 quam
1077 2371 1138 2411 ea
1167 2357 1312 2427 loqui
1336 2401 1351 2426 ,
1380 2375 1497 2429 quae
1528 2360 1774 2429 loquutus
1801 2361 1971 2416 fuerat

399 2445 642 2514 princeps
665 2447 1048 2514 apostolorum,
1079 2447 1237 2503 unius
1261 2449 1490 2504 ostiaria:
1513 2461 1716 2506 terrore
1753 2467 1972 2521 supera—

397 2547 500 2590 tus.
531 2536 664 2591 l-linc
692 2552 878 2592 omnes
901 2538 1166 2607 regiones,
1194 2547 1248 2594 et
1275 2554 1461 2595 omnes
1489 2541 1752 2608 civitates,
1777 2541 1964 2598 deser-

398 2638 535 2690 tum,
567 2626 797 2683 habitata
827 2638 880 2684 et
906 2629 1193 2685 inbabitata
1222 2639 1362 2702 terra
1381 2672 1397 2695 ,
1428 2632 1740 2686 cruciﬁxum
1777 2633 1970 2703 praedi-

393 2733 600 2773 camus.
643 2719 814 2789 Reges
835 2758 853 2786 ,
899 2720 1088 2788 duces,
1141 2723 1433 2792 principes,
1462 2724 1707 2778 consules
1728 2765 1743 2790 ,
1777 2724 1966 2792 liberi,

395 2823 556 2875 sem,
582 2809 779 2876 idiotas,
801 2811 1087 2880 sapientes,
1110 2811 1442 2880 insipientes,
1467 2811 1698 2882 barbari,
1723 2815 1970 2884 variaque

395 2897 668 2953 hominum
691 2915 906 2970 genera,
929 2902 1142 2956 demum
1169 2903 1434 2972 universa,
1455 2920 1609 2974 quam
1631 2906 1712 2960 sol
1734 2907 1967 2976 respicit,

399 3000 538 3045 terra
584 3003 688 3046 tam
720 2995 892 3063 ampla
921 2995 1024 3050 hoc
1055 2997 1268 3052 nomine
1295 3007 1347 3053 et
1377 2999 1492 3068 ejus
1519 3001 1829 3057 adoratione
1867 3000 1971 3056 fre-

397 3091 700 3149 quentatur,
725 3092 782 3137 ut
809 3083 982 3140 discas
1011 3086 1136 3156 quid
1167 3089 1236 3141 sit.
1258 3128 1272 3152 ,
1303 3084 1415 3142 Erit
1440 3091 1632 3161 requies
1655 3094 1762 3161 ejus
1788 3093 1966 3145 honor.

396 3171 568 3226 Locus
595 3182 795 3240 autem,
825 3176 914 3244 qui
941 3190 1135 3246 corpus
1161 3177 1287 3232 illud
1315 3180 1552 3234 occisum
1578 3183 1776 3250 recepit
1801 3225 1816 3249 ,
1850 3181 1971 3236 licet

396 3263 683 3318 admodum
711 3280 903 3334 parvus
929 3274 984 3321 et
1007 3276 1280 3337 angustus,
1311 3270 1605 3326 innumeris
1631 3289 1812 3343 regum
1836 3275 1972 3330 aulis

395 3355 768 3422 venerabilior,
799 3356 1030 3427 ipsisque
1069 3360 1278 3428 regibus
1304 3363 1584 3430 pretiosior
1614 3380 1628 3418 :
1658 3363 1729 3418 Et
1769 3367 1859 3418 erit
1887 3383 1970 3420 re-

393 3446 533 3514 quies
559 3447 666 3515 ejus
693 3447 872 3501 honor.
900 3449 1156 3520 Quodque
1185 3452 1429 3508 mirabile
1458 3454 1600 3509 dictu
1629 3464 1712 3510 est
1740 3475 1752 3510 :
1784 3457 1836 3512 id
1864 3473 1968 3512 non

395 3533 494 3604 ipsi
525 3544 749 3603 tantum,
782 3538 876 3591 sed
903 3539 1060 3594 etiam
1087 3541 1364 3610 discipulis
1392 3543 1509 3613 ejus
1548 3546 1770 3616 contigit
1801 3565 1812 3600 :
1848 3563 1970 3602 nam

395 3625 488 3694 qui
503 3626 891 3682 viducebantur
905 3638 959 3683 et
981 3631 1495 3703 circumagebantur,
1520 3639 1832 3707 contempti,
1855 3639 1972 3691 vin-

393 3719 487 3784 cti,
521 3718 819 3776 innumeris
845 3723 999 3776 malis
1026 3723 1201 3779 aﬂ‘ccti
1226 3766 1239 3790 ,
1271 3737 1392 3795 post
1418 3720 1642 3783 mortem
1675 3729 1802 3798 ipsis
1828 3732 1969 3801 regi-

395 3811 496 3864 bus
525 3809 946 3868 honorabiliores
972 3823 1114 3869 sunt.
1143 3815 1198 3869 ld
1224 3819 1492 3885 quomodo
1530 3819 1619 3873 ﬁat
1660 3823 1924 3890 perpende
1953 3840 1966 3876 :

393 3901 446 3955 in
477 3903 619 3971 regia
649 3903 782 3957 urbe
806 3903 992 3970 Roma,
1023 3905 1201 3961 missis
1227 3908 1346 3962 aliis
1374 3909 1623 3964 omnibus
1642 3951 1657 3977 ,
1690 3911 1755 3965 ad
1795 3914 1971 3981 sepul-

393 4008 484 4047 cra
516 3994 795 4062 piscatoris
824 4003 878 4049 et
918 3997 1266 4053 tentoriorum
1303 4001 1508 4070 Opiﬁcis
1537 4013 1823 4058 accurrunt
1868 4005 1970 4059 lm-

393 4095 686 4154 peratores,
715 4089 981 4167 consules,
1015 4091 1340 4146 exercituum
1371 4095 1532 4150 duces
1556 4114 1570 4149 :
1594 4097 1968 4153 Constantino-

392 4176 500 4244 poli
545 4191 676 4230 vero
707 4178 723 4208 ¹
765 4193 870 4232 non
918 4194 1080 4249 prope
1126 4186 1392 4251 apostolos
1417 4227 1432 4249 ,
1480 4188 1573 4243 sed
1603 4189 1733 4245 foris
1763 4190 1828 4245 ad
1858 4191 1967 4261 ipsa

394 4267 578 4320 limina
626 4277 942 4337 optaverunt
983 4272 1048 4337 ii,
1096 4275 1187 4344 qni
1231 4276 1526 4332 diademate
1573 4280 1964 4350 redimiuntur,

389 4375 621 4429 corpora
650 4375 742 4416 sua
769 4364 985 4432 sepeliri
1012 4384 1025 4418 :
1050 4374 1208 4437 atque
1243 4369 1315 4422 ita
1364 4369 1713 4439 Imperatores
1738 4373 1970 4442 piscato-

391 4465 509 4504 rum
532 4452 732 4505 ostiarii
761 4452 883 4508 facti
914 4465 1070 4510 sunt:
1094 4458 1171 4511 sic
1199 4458 1250 4512 in
1273 4459 1417 4513 obitu
1444 4459 1544 4515 hoc
1570 4476 1674 4516 non
1696 4463 1964 4530 dedecori,

392 4542 486 4596 sed
517 4541 707 4597 honori
735 4545 837 4598 sibi
863 4561 983 4601 esse
1008 4555 1196 4616 putant
1225 4564 1328 4602 non
1352 4551 1521 4604 solum
1547 4551 1668 4621 ipsi,
1692 4553 1784 4607 sed
1807 4553 1966 4608 etiam

393 4648 578 4687 eorum
598 4645 839 4704 nepotes.
862 4637 925 4691 Et
941 4638 1053 4704 erit,
1075 4639 1262 4709 inquit,
1286 4642 1477 4711 requies
1494 4644 1602 4714 ejus
1618 4643 1796 4697 honor.
1820 4645 1968 4700 Tunc

392 4724 612 4779 honoris
625 4729 1037 4797 magnitudinem
1055 4731 1276 4798 videbis,
1297 4749 1415 4788 cum
1434 4735 1620 4790 mortis
1634 4737 1746 4805 ejus
1762 4738 1968 4808 symbo-

393 4818 500 4871 lum
545 4818 836 4874 didiceris:
864 4823 1084 4889 mortis,
1129 4824 1341 4896 inquam
1367 4867 1381 4892 ,
1422 4827 1752 4894 maledictze,
1782 4830 1968 4884 mortis

393 4911 629 4964 omnium
660 4911 1192 4980 ignominiosissimze.
1223 4916 1334 4970 Hoc
1360 4918 1553 4986 quippe
1579 4919 1750 4973 solum
1783 4920 1967 4976 mortis

390 5017 558 5070 genus
602 5003 886 5059 maledicto
915 5005 1203 5062 obnoxium
1234 5019 1365 5063 erat.
1397 5010 1637 5080 Exempli
1666 5027 1825 5066 causa
1845 5054 1860 5079 ,
1892 5015 1966 5067 fa-

389 5093 758 5148 cinorosorum
781 5096 905 5149 olim
933 5097 1019 5150 alii
1049 5098 1514 5166 comburebantur,
1542 5102 1630 5156 alii
1656 5102 1965 5171 lapidaban-

392 5193 496 5249 tur,
545 5183 634 5237 alii
686 5185 790 5238 alio
837 5187 1079 5256 supplicii
1133 5205 1327 5258 genere
1379 5191 1538 5245 vitam
1591 5191 1962 5248 claudebant:

391 5276 681 5330 cruciﬁxus
724 5285 924 5343 autem,
971 5279 1023 5333 in
1071 5280 1212 5350 ligno
1261 5283 1515 5351 pendens,
1548 5301 1652 5340 non
1693 5285 1746 5340 id
1792 5289 1963 5345 solum

391 5366 517 5418 mali
547 5367 868 5437 patiebatur,
897 5371 1039 5440 quod
1066 5385 1182 5426 eam
1211 5374 1412 5430 subiret
1432 5376 1848 5444 damnationem,
1872 5383 1963 5436 sed

455 5527 470 5559 ³
506 5535 575 5577 De
606 5527 813 5578 Ecclesia
847 5536 918 5577 SS.
945 5529 1289 5598 Apostolorum,
1327 5534 1375 5581 in
1400 5534 1535 5596 cujus
1572 5537 1753 5596 porticu
1791 5537 1968 5598 sepulti

392 5598 901 5656 erantimperatores,
920 5605 1180 5656 _qnamque
1203 5593 1280 5643 alii
1298 5608 1324 5642 a
1347 5593 1665 5656 Constantino,
1689 5611 1717 5646 a
1738 5593 1965 5647 Cottstan-

393 5654 462 5698 tto
482 5650 563 5700 alii
599 5650 828 5702 structam
859 5650 1036 5714 volunt,
1079 5650 1187 5705 vide
1219 5659 1444 5718 Canginm
1485 5660 1531 5706 in
1569 5650 1966 5723 ConstantinOpOIi

397 5723 503 5760 sua.

952 309 1220 366 CONTRA
1257 307 1535 366 ,10οΕΟὸ
1573 305 1658 364 ΕΤ
1697 304 2056 370 GENTILES,
2097 305 2281 373 QUOD
2317 308 2652 370 CHRISTUS
2690 311 2795 369 SIT
2831 314 3027 372 DEUS.

3545 317 3669 371 8213‘-

2069 423 2208 491 qnod
2234 425 2545 482 maledictus
2565 438 2740 484 esset:
2763 428 3061 484 Maledicta:
3086 433 3250 498 enim,
3270 433 3456 504 inquit,
3479 438 3642 492 omnis

2065 515 2152 583 qui
2177 518 2357 584 pendet
2383 517 2436 571 in
2463 520 2620 589 ligno.
2652 519 2826 588 (Deut.
2859 521 2946 575 21.
2972 521 3084 593 23).
3125 525 3374 580 Attamen
3422 527 3641 583 maledi-

2066 614 2206 660 ctum
2239 606 2367 662 illud
2391 611 2745 675 exsecrabile,
2775 615 3000 668 extremi
3029 616 3274 684 supplicii
3306 619 3632 689 symbolum,

2066 713 2206 752 nunc
2230 699 2582 756 desiderabile
2606 703 2940 774 amabileqne
2967 707 3160 762 factum
3185 718 3288 764 est.

2135 787 2313 844 Cruci:
2355 793 2485 862 signi
2513 795 2655 847 usus
2681 795 2857 866 ubique
2901 797 3348 868 frequentissimus.
3385 832 3458 845 --
3501 805 3640 860 Nihil

2067 880 2208 934 enim
2251 881 2644 951 imperatoriam
2688 901 2936 942 coronam
2987 891 3064 946 sic
3108 903 3363 960 exornat,
3420 905 3476 950 ut
3513 913 3639 953 crux

2069 972 2316 1027 universo
2363 974 2560 1028 mundo
2611 977 2893 1045 pretiosior
2934 998 2946 1034 :
2991 991 3046 1036 et
3088 986 3229 1053 quod
3275 1001 3462 1046 omnes
3513 991 3640 1044 olim

2067 1062 2512 1118 exhorrescebant
2531 1104 2546 1130 ,
2575 1065 2688 1135 ejus
2718 1082 2859 1123 nunc
2896 1071 3060 1140 ﬁgura
3085 1074 3154 1128 ita
3185 1080 3424 1132 certatim
3453 1081 3642 1149 exqui-

2067 1154 2200 1208 ritur
2228 1155 2295 1210 ab
2326 1156 2590 1224 omnibus,
2631 1166 2690 1213 ut
2718 1160 2910 1230 ubique
2936 1165 3246 1233 reperiatur,
3273 1171 3409 1237 apud
3446 1171 3640 1238 princi-

2068 1262 2163 1316 pes
2187 1255 2240 1303 et
2275 1247 2512 1304 subditos
2531 1291 2548 1318 ,
2579 1251 2719 1320 apud
2748 1253 2996 1309 mulieres
3017 1265 3070 1310 et
3098 1257 3240 1312 viros
3258 1299 3273 1325 ,
3319 1263 3455 1330 apud
3482 1264 3645 1333 virgi-

2068 1357 2160 1396 nes
2175 1351 2230 1397 et
2256 1354 2466 1413 nuptas,
2490 1346 2629 1415 apud
2653 1361 2834 1402 servos
2851 1357 2900 1403 et
2921 1348 3115 1405 liberos
3141 1369 3153 1403 :
3179 1368 3298 1406 nam
3319 1355 3441 1408 illud
3459 1371 3658 1410 omnes-

2067 1436 2272 1504 signum
2300 1434 2603 1504 frequenter
2619 1437 2926 1507 imprimunt
2948 1440 2999 1495 in
3017 1443 3377 1497 membrorum
3399 1445 3658 1500 nobiliori

2068 1535 2254 1596 parte;
2281 1535 2334 1580 et
2362 1527 2413 1580 in
2445 1526 2618 1582 fronte
2638 1543 2736 1583 ceu
2754 1531 2804 1583 in
2830 1530 3074 1584 columna
3102 1533 3378 1602 ﬁguratum
3405 1535 3647 1604 quotidie

2069 1617 2468 1672 circumferunt.
2519 1618 2631 1673 Hoc
2662 1620 2713 1672 in
2745 1635 2894 1675 sacra
2923 1638 3105 1677 mensa
3130 1663 3145 1688 ,
3183 1623 3283 1678 hoc
3317 1626 3367 1678 in
3397 1627 3646 1681 sacerdo-

2071 1715 2178 1762 tum
2207 1709 2646 1776 ordinationibus,
2680 1711 2779 1766 hoc
2810 1727 3021 1767 rursum
3051 1729 3170 1768 cum
3199 1730 3422 1784 corpore
3450 1717 3646 1772 Christi

2069 1799 2122 1853 in
2167 1801 2387 1870 mystica
2429 1815 2580 1856 cmna
2620 1803 2861 1873 refulget.
2918 1805 3028 1859 Hoc
3081 1807 3272 1876 ubique
3321 1809 3645 1865 celebratum

2069 1889 2248 1945 videre
2288 1900 2403 1960 est,
2436 1891 2488 1946 in
2513 1891 2790 1961 domibus,
2835 1895 2886 1948 in
2910 1895 3056 1962 foro,
3083 1898 3136 1951 in
3167 1898 3411 1963 desertis,
3444 1900 3494 1954 in
3523 1901 3644 1968 viis,

2070 1979 2125 2033 in
2171 1982 2473 2050 montibus,
2527 1984 2578 2038 in
2622 1984 2876 2051 saltibus,
2922 1987 2974 2040 in
3017 1988 3275 2055 collibus,
3305 1989 3357 2043 in
3388 1991 3559 2058 mari,
3593 1991 3650 2046 in

2069 2073 2311 2137 navibus,
2344 2073 2396 2128 in
2426 2075 2630 2138 insulis,
2651 2077 2703 2130 in
2729 2078 2898 2144 lectis,
2924 2080 2976 2133 in
3001 2081 3347 2146 vestimentis,
3381 2083 3434 2137 in
3457 2085 3645 2152 armis,

2071 2162 2124 2216 in
2153 2163 2415 2229 thalamis,
2448 2167 2500 2219 in
2526 2167 2800 2233 conviviis,
2830 2169 2880 2222 in
2913 2170 3051 2224 vasis
3070 2173 3335 2241 argenteis
3363 2183 3418 2227 et
3445 2176 3645 2241 aureis,

2071 2254 2126 2308 in
2141 2257 2465 2328 margaritis,
2479 2256 2534 2308 in
2545 2257 2814 2325 parietum
2827 2259 3077 2330 picturis,
3102 2263 3154 2315 in
3177 2264 3489 2332 corporibus
3512 2265 3646 2320 bru-

2072 2351 2245 2399 torum
2263 2346 2399 2401 male
2421 2346 2644 2415 affectis,
2673 2349 2722 2402 in
2745 2353 3054 2418 corporibus
3073 2366 3102 2405 a
3125 2352 3365 2409 daemone
3392 2355 3646 2423 obsessis,

2072 2433 2123 2488 in
2150 2433 2330 2500 bellis,
2363 2435 2418 2488 in
2449 2450 2612 2505 pace,
2639 2437 2690 2491 in
2719 2437 2936 2505 diebus,
2967 2440 3018 2493 in
3045 2441 3308 2508 noctibus,
3356 2443 3407 2497 in
3437 2444 3648 2500 choreis

2072 2525 2464 2593 tripudiantium
2489 2567 2504 2592 ,
2548 2526 2599 2580 in
2628 2527 2884 2582 sodalitiis
2910 2543 3028 2584 sese
3054 2533 3433 2587 maccrantium
3459 2551 3474 2599 ;
3514 2535 3652 2590 adeo

2071 2617 2313 2671 certatim
2362 2617 2559 2672 donum
2603 2617 2704 2673 hoc
2746 2620 3023 2686 mirabile,
3069 2621 3288 2692 ejusque
3326 2625 3648 2682 ineffabilem

2070 2709 2292 2778 gratiam
2335 2723 2522 2764 omnes
2563 2712 2891 2780 perquirunt.
2939 2712 3106 2767 Nemo
3151 2714 3351 2783 pudore
3394 2716 3645 2786 afﬁcitur,

2073 2801 2154 2852 vel
2180 2799 2448 2854 erubescit
2475 2800 2599 2854 dum
2630 2803 2822 2870 cogitat
2848 2801 2950 2856 hoc
2977 2805 3270 2859 maledicta:
3294 2807 3482 2863 mortis
3506 2823 3650 2879 sym-

2073 2889 2252 2943 bolum
2281 2904 2430 2957 esse;
2459 2889 2553 2945 sed
2583 2891 2673 2946 illo
2700 2907 2886 2948 omnes
2915 2896 3082 2964 magis
3109 2911 3462 2964 exornamur,
3492 2915 3647 2968 quam

2073 2983 2284 3037 coronis
2302 3023 2318 3048 ,
2358 2983 2762 3052 diadematibus,
2791 2994 2845 3040 et
2870 2987 3014 3041 mille
3041 2990 3444 3058 margaritarum
3473 2993 3646 3047 moni-

2075 3072 2252 3128 libus:
2286 3074 2356 3128 ita
2399 3088 2504 3129 non
2547 3075 2705 3129 modo
2757 3091 2861 3130 non
2906 3092 3212 3133 aversantur
3257 3097 3504 3148 crucem,
3555 3085 3650 3139 sed

2073 3165 2232 3219 etiam
2276 3165 2517 3220 amabilis
2561 3165 2650 3220 illa
2697 3166 3172 3239 desiderabilisque
3222 3173 3466 3228 omnibus
3519 3183 3647 3229 cst:

2073 3253 2268 3323 ubique
2296 3255 2383 3308 illa
2409 3253 2610 3325 fulget,
2639 3256 2688 3308 in
2716 3257 3005 3325 parietibus
3029 3258 3305 3313 domorum
3330 3303 3345 3326 ,
3387 3261 3441 3315 in
3471 3264 3648 3329 tectis,

2074 3348 2126 3400 in
2160 3347 2308 3402 libris
2329 3390 2342 3413 ,
2386 3349 2440 3402 in
2466 3348 2684 3404 urbibus
2706 3391 2720 3416 ,
2763 3349 2816 3404 in
2843 3351 2973 3404 vicis
2993 3393 3008 3418 ,
3053 3353 3104 3405 in
3135 3353 3346 3409 incultis
3369 3395 3383 3419 ,
3416 3355 3469 3409 in
3496 3357 3650 3411 cultis

2074 3438 2226 3493 locis.
2257 3438 2353 3494 llic
2392 3439 2618 3494 libenter
2641 3439 2902 3496 Gentilem
2931 3443 3308 3513 interrogarent]
3336 3488 3351 3512 ,
3383 3447 3650 3503 undenam

2075 3527 2171 3594 ﬁt,
2200 3535 2256 3582 ut
2281 3529 2634 3584 damnationis
2668 3531 3066 3600 maledictaeqne
3103 3537 3288 3589 mortis
3327 3538 3647 3608 symbolum,

2074 3617 2318 3672 omnibus
2342 3618 2412 3673 ita
2441 3620 2665 3676 amabile
2693 3622 3026 3692 optabileque
3056 3624 3163 3678 sit?

2147 3709 2234 3763 10.
2278 3709 2429 3775 Quod
2463 3711 2506 3764 si
2556 3711 2686 3765 nihil
2715 3713 2814 3767 hoc
2840 3727 2958 3768 esse
2986 3724 3139 3784 putas
3163 3756 3178 3781 ,
3210 3716 3253 3770 si
3279 3718 3454 3774 adhuc
3483 3721 3654 3790 impu-

2075 3800 2205 3855 dens
2235 3816 2448 3868 mancs,
2477 3804 2855 3874 veritatemque
2883 3808 3166 3874 aversaris,
3197 3817 3352 3879 atque
3379 3813 3441 3865 ad
3472 3814 3648 3868 lumen

2073 3893 2286 3946 caecutis
2323 3911 2334 3944 :
2367 3907 2464 3962 age
2509 3893 2604 3948 tibi
2646 3895 2750 3949 alio
2787 3907 3099 3965 argumento
3148 3913 3647 3970 commonstramus,

2074 3991 2327 4050 quantum
2372 3985 2439 4036 sit
2476 3984 2624 4038 illud.
2680 3986 2844 4052 Quale
2891 3988 3020 4042 illud
3065 3994 3472 4058 argumentum?
3516 3995 3649 4049 Sunt

2069 4071 2337 4139 judicibus
2363 4073 2530 4126 multa
2570 4075 2945 4143 suppliciorum
2982 4092 3176 4146 genera
3198 4121 3212 4143 ,
3245 4080 3439 4148 lignum
3467 4125 3480 4147 ,
3513 4083 3643 4149 lora,

2075 4177 2296 4231 ungues,
2327 4163 2614 4231 plumbata,
2644 4165 2833 4234 quibus
2860 4182 3084 4236 corpora
3111 4168 3380 4233 lacerant,
3413 4173 3648 4228 membra

2074 4251 2382 4320 discerpunt
2422 4261 2578 4322 atque
2606 4256 2933 4324 suspendunt
2961 4277 2972 4309 :
3004 4259 3243 4327 quisnam
3272 4263 3428 4315 vellet
3455 4264 3567 4318 huic
3596 4266 3650 4320 in

2073 4343 2288 4397 domum
2308 4358 2457 4397 suam
2486 4344 2683 4400 inferre
2703 4345 2726 4398 ?
2751 4347 2881 4412 Quis
2897 4349 3052 4402 vellet
3078 4349 3340 4405 carniﬁcis
3357 4351 3469 4406 hzcc
3489 4369 3649 4424 agen-

2077 4433 2141 4486 tis
2181 4447 2396 4487 manum
2433 4435 2738 4504 contingere
2763 4477 2776 4502 ,
2832 4437 2915 4490 vel
2960 4446 3017 4491 ut
3063 4437 3113 4492 id
3153 4439 3384 4507 videret,
3432 4446 3649 4514 propius

2073 4521 2361 4577 accedere?
2403 4524 2594 4578 Annon
2635 4525 2874 4595 plerique
2902 4527 3014 4581 haec
3038 4540 3384 4586 exsecrantur
3406 4575 3420 4600 ,
3453 4535 3648 4606 aliique

2073 4611 2195 4666 hinc
2221 4613 2360 4668 male
2387 4615 2688 4670 omittantur
2706 4657 2720 4681 ,
2752 4632 2814 4671 ac
2841 4633 3010 4688 neque
3034 4629 3227 4676 tactum
3247 4664 3261 4687 ,
3295 4639 3464 4693 neque
3491 4642 3647 4696 aspe—

2073 4712 2215 4757 ctum
2243 4703 2455 4759 ferunt?
2494 4707 2684 4762 Annon
2710 4709 2866 4762 etiam
2903 4711 3087 4778 procul
3117 4710 3350 4781 fugiunt,
3381 4723 3432 4767 et
3461 4717 3644 4770 oculos

2073 4797 2350 4851 avertunt?
2377 4797 2520 4853 Talis
2535 4798 2662 4853 olim
2687 4814 2816 4854 crux
2834 4811 2968 4866 erat,
2995 4802 3101 4856 imo
3117 4803 3217 4856 illis
3234 4804 3399 4858 multo
3412 4807 3646 4874 gravior.

2074 4885 2234 4952 Nam,
2266 4897 2324 4942 ut
2359 4898 2481 4944 ante
2521 4889 2667 4956 dixi,
2716 4906 2820 4945 non
2853 4902 3053 4947 tantum
3084 4896 3268 4948 mortis
3293 4938 3308 4961 ,
3350 4897 3442 4951 sed
3488 4898 3647 4951 etiam

2073 4976 2370 5032 maledicta;
2413 4979 2599 5034 mortis
2637 4981 2933 5051 symbolum
2975 4992 3106 5036 erat.
3164 4984 3314 5039 Unde
3354 5001 3480 5054 ergo
3505 5027 3518 5050 ,
3563 4986 3650 5041 die

2073 5069 2241 5135 mihi,
2287 5069 2394 5138 jam
2443 5070 2512 5125 ita
2563 5071 2930 5128 desiderabilis
2967 5075 3314 5144 optabilisquc
3356 5075 3488 5129 facta
3537 5086 3641 5142 est,

2075 5163 2427 5233 omnibusque
2455 5166 2782 5219 antefertur?

2061 5273 2063 5276 ‘
2153 5255 2294 5309 Vera:
2315 5257 2476 5309 crucis
2506 5258 2764 5325 particula:
2789 5258 2851 5310 ab
2876 5256 3392 5324 omnibusexquisitw.
3409 5287 3479 5296 —-
3510 5258 3648 5313 lllud'

2075 5361 2202 5401 vero
2240 5348 2410 5415 ipsum
2453 5349 2686 5417 lignum,
2727 5349 2778 5400 in
2817 5362 2922 5416 quo
2960 5361 3168 5400 sacrum
3207 5361 3402 5415 corpus
3431 5363 3648 5418 passum

2077 5447 2131 5491 et
2158 5437 2466 5491 cruciﬁxum
2507 5446 2620 5503 est,
2665 5453 2760 5490 cur
2783 5436 3020 5491 certatim
3053 5451 3239 5491 omnes
3275 5438 3513 5491 adeunt?
3547 5437 3653 5493 Cur

2079 5528 2388 5597 particulam
2423 5527 2538 5593 ejus
2577 5526 2726 5579 multi
2756 5535 3027 5580 sumentes
3051 5541 3180 5581 auro
3208 5528 3462 5582 inclusam
3487 5570 3501 5594 ,
3535 5537 3648 5584 tum

2077 5622 2173 5674 viri
2206 5630 2314 5674 tum
2362 5618 2610 5672 mulieres
2642 5633 2670 5671 a
2708 5618 2844 5671 collo
2879 5618 3206 5688 suspendunt
3245 5621 3311 5675 ad
3351 5632 3594 5676 ornatum
3628 5639 3643 5675 :

2079 5712 2177 5768 etsi
2213 5710 2564 5766 damnationis
2605 5718 2656 5764 ct
2706 5709 2917 5764 ultionis
2967 5712 3262 5781 symbolum
3307 5713 3405 5767 hoc
3446 5714 3641 5784 lignum
