4084 6186
412 299 514 352 827

409 422 606 478 fuerit?
633 423 702 478 At
725 423 810 494 qui
841 423 1013 478 omnia
1040 424 1180 490 facit,
1209 432 1264 479 et
1287 424 1526 478 immutat
1549 439 1611 479 ea
1631 466 1645 489 ,
1679 425 1765 495 qui
1795 427 1978 481 orbem

409 529 474 572 ex
504 523 644 569 tanta
675 515 907 584 nequitia
936 515 1235 578 transtulit,
1267 523 1321 569 et
1347 523 1539 569 terram
1566 517 1752 570 caelum
1781 516 1978 581 effecit,

409 607 564 661 etiam
589 622 699 660 rem
723 605 858 660 hanc
878 606 1133 674 vituperio
1159 606 1388 675 plenam,
1418 616 1470 660 et
1494 616 1718 662 mortem
1747 609 1980 662 omniurn

410 697 964 767 ignominiosissimam
995 711 1152 766 supra
1190 697 1349 752 cmlos
1377 698 1612 753 adduxit.
1664 700 1788 755 liceo
1827 701 1985 769 igitur

405 791 584 845 omnia
628 789 923 860 pr.evidens
965 791 1221 860 pr0pheta
1262 790 1512 846 dicebat:
1542 791 1609 844 Et
1658 794 1749 847 erit
1786 793 1980 861 requies

405 882 512 951 ejus
537 881 715 934 honor.
744 880 854 935 lloc
879 880 1070 950 quippe
1095 881 1280 935 mortis
1301 881 1618 952 symbolum,
1644 899 1814 953 neque
1840 883 1980 937 enim

407 973 565 1024 tinem
595 969 782 1024 iaciam
805 969 875 1023 ita
899 969 1169 1040 loquendi,
1208 971 1389 1025 multis
1418 970 1798 1026 benedictionis
1822 987 1983 1042 argu-

405 1071 639 1114 mentum
663 1059 907 1114 effectum
936 1069 1036 1126 est,
1067 1067 1121 1115 et
1143 1060 1461 1114 omnimoda:
1489 1060 1750 1116 ﬁrmitatis
1778 1066 1980 1125 murus,

404 1149 600 1206 diaboli
647 1148 892 1204 lethifera
945 1151 1116 1219 plaga,
1166 1149 1468 1206 daemonum
1507 1152 1749 1216 fracnum,
1800 1167 1984 1206 camus

405 1241 830 1296 adversariarum
874 1242 1145 1296 virtutum.
1189 1242 1301 1297 Hoc
1341 1251 1564 1298 mortem
1608 1244 1840 1310 sustulit,
1879 1243 1983 1300 hoc

406 1333 597 1388 inferni
650 1344 828 1403 portas
871 1348 1036 1388 mreas
1064 1334 1359 1404 confregit,
1406 1347 1582 1390 vectes
1625 1335 1827 1390 ferreos
1855 1351 1984 1390 con-

407 1423 586 1491 trivit,
615 1423 810 1478 diaboli
839 1439 1014 1478 arcem
1043 1424 1302 1479 destruxit
1327 1467 1342 1488 ,
1379 1425 1578 1494 peccati
1614 1441 1806 1480 nervos
1835 1427 1984 1480 exci-

406 1514 521 1581 dit,
575 1523 740 1569 totum
796 1515 981 1569 orbem
1034 1513 1362 1569 damnationi
1413 1514 1708 1585 subjectum
1766 1517 1978 1585 eripuit,

407 1605 698 1660 immissam
742 1606 994 1660 divinitus
1041 1614 1243 1660 naturze
1290 1617 1484 1661 nostrae
1513 1608 1716 1677 plagam
1760 1609 1983 1662 curavit.

407 1695 542 1762 Quid
580 1695 736 1750 dico?
767 1695 916 1761 Quod
958 1710 1063 1749 non
1106 1704 1329 1765 potuere
1354 1711 1501 1751 mare
1527 1696 1754 1751 divisum
1778 1739 1792 1762 ,
1821 1706 1985 1766 petra:

407 1785 622 1850 scissae,
663 1801 757 1840 aer
799 1794 1069 1853 mutatus,
1112 1800 1304 1840 manna
1345 1785 1688 1856 quadraginta
1727 1788 1878 1840 annis
1912 1796 1988 1841 tot

409 1879 682 1934 hominum
712 1878 942 1932 millibus
969 1886 1240 1946 erogatum
1260 1919 1275 1944 ,
1303 1877 1385 1931 lex
1412 1887 1465 1932 et
1490 1878 1592 1933 alia
1617 1879 1762 1948 signa
1786 1894 1905 1933 cum
1934 1880 1985 1933 in

408 1969 620 2024 deserto
643 2010 658 2034 ,
702 1976 811 2021 tum
849 1967 899 2021 in
931 1967 1212 2022 Palaestina
1257 1967 1427 2034 facta,
1475 1967 1590 2022 haec
1631 1969 1801 2038 potuit
1834 1984 1986 2036 crux,

409 2075 514 2112 non
544 2059 596 2112 itt
631 2073 734 2112 una
764 2067 921 2127 gente
941 2099 956 2123 ,
1002 2057 1097 2112 sed
1137 2058 1187 2111 in
1217 2067 1326 2112 toto
1353 2059 1512 2123 orbe;
1544 2073 1671 2112 crux
1693 2100 1711 2124 ,
1753 2060 1985 2128 inquam,

409 2151 745 2206 maledictum
779 2150 1073 2221 symbolum
1094 2190 1108 2214 ,
1155 2149 1397 2204 omnibus
1426 2149 1768 2216 horrendum,
1818 2151 1990 2206 omni-

409 2242 509 2296 bus
533 2239 934 2305 exsecrandum,
965 2248 1082 2308 post
1109 2239 1348 2293 cruciﬁxi
1375 2248 1598 2294 mortem
1623 2241 1789 2309 potuit
1810 2241 1988 2296 omnia

411 2334 555 2388 nullo
586 2333 798 2402 negotio
829 2331 1104 2401 perlicere.
1144 2329 1326 2400 Neque
1355 2330 1468 2386 lane
1491 2331 1823 2386 solummodo
1849 2373 1863 2397 ,
1895 2332 1987 2388 sed

412 2439 496 2491 ea,
521 2439 636 2494 qua:
668 2431 845 2493 postea
872 2431 1090 2492 sequuta
1111 2431 1254 2488 sunt,
1276 2422 1392 2491 ejus
1419 2423 1665 2476 virtutem
1687 2423 1986 2478 declarant.

411 2515 606 2571 Orbem
636 2515 776 2570 enim
825 2523 1082 2569 terrarum
1107 2555 1123 2581 ,
1171 2514 1260 2582 qui
1299 2513 1471 2582 quoad
1515 2513 1761 2568 virtutem
1793 2515 1989 2570 sterilis

412 2613 560 2670 erat,
607 2620 706 2660 nec
748 2604 936 2658 melius
965 2618 1023 2658 se
1048 2603 1312 2669 habebat,
1349 2618 1504 2672 quam
1535 2603 1799 2658 desertum
1825 2645 1840 2669 ,
1869 2620 1987 2658 eum

415 2710 520 2748 non
547 2703 726 2762 posset
766 2693 1033 2762 quidpiam
1066 2692 1189 2746 boni
1222 2707 1409 2762 parere
1432 2735 1446 2759 ,
1479 2694 1658 2748 statim
1688 2695 1988 2764 paradisum

412 2795 467 2839 et
511 2793 735 2838 matrem
777 2783 1205 2838 fecundissimam
1241 2783 1432 2839 effecit.
1483 2786 1549 2839 Et
1594 2785 1695 2840 hoc
1735 2785 1825 2840 diu
1866 2795 1989 2840 ante

414 2874 785 2945 pramuntiavit
837 2872 1092 2943 prOpheta
1141 2873 1222 2928 his
1269 2874 1445 2929 verbis
1487 2892 1500 2928 :
1536 2873 1762 2941 La’tare,
1785 2877 1986 2941 sterilis,

410 2982 525 3036 qua:
565 2983 665 3019 non
696 2967 833 3036 paris
855 2981 874 3019 :
903 2982 1110 3036 erumpe
1134 2974 1180 3018 et
1208 2966 1391 3033 clama,
1447 2982 1562 3036 quia
1603 2983 1704 3020 non
1743 2969 1985 3038 parturis,

411 3058 532 3125 quia
559 3056 702 3109 multi
742 3055 834 3124 ﬁlii
871 3054 1077 3108 desertae
1116 3055 1274 3125 magis
1297 3096 1312 3122 ,
1353 3071 1504 3126 quam
1544 3055 1655 3125 ejus
1690 3071 1803 3124 quia
1844 3057 1989 3110 habet
2042 3114 2046 3121 ,

411 3147 572 3201 virum
591 3145 893 3219 (Hesai.54.
911 3147 986 3214 1).
1001 3145 1152 3212 Quod
1171 3160 1295 3200 vero
1310 3159 1429 3200 cum
1449 3145 1604 3200 talem
1625 3160 1740 3200 eam
1756 3145 1986 3208 fecisset,

412 3237 581 3307 legem
622 3235 721 3306 ipsi
766 3233 972 3290 dederit
1016 3234 1182 3289 multo
1220 3235 1640 3304 prtestantiorem
1691 3235 1888 3304 priori,
1935 3234 1986 3289 id

414 3329 634 3382 minime
671 3333 946 3381 tacuerunt
973 3325 1243 3394 pr0phetae
1273 3343 1288 3378 :
1315 3339 1379 3378 ac
1406 3324 1526 3378 vide
1552 3325 1678 3394 quid
1708 3325 1984 3394 prazsigni-

413 3419 686 3474 licaverint
721 3435 733 3472 :
764 3417 1046 3487 Disponam
1071 3417 1143 3470 eis
1173 3425 1516 3470 testamentum
1546 3431 1728 3468 novum
1747 3455 1762 3480 ,
1789 3431 1888 3468 non
1913 3431 1993 3469 se-

413 3509 633 3562 cundum
659 3517 1003 3562 testamentum
1029 3547 1043 3572 ,
1074 3505 1207 3576 quod
1239 3505 1466 3575 disposui
1491 3504 1720 3574 patribus
1740 3521 1909 3559 eorum
1936 3505 1989 3558 in

414 3600 496 3652 die
519 3615 616 3666 qua
643 3613 851 3649 manum
880 3612 1049 3650 eorum
1085 3595 1426 3665 apprehendi,
1458 3603 1512 3647 ut
1541 3595 1798 3648 educerem
1819 3611 1900 3648 eos
1930 3595 1993 3649 de

415 3699 546 3741 terra
574 3685 791 3756 zEgypti
813 3700 832 3738 :
853 3685 969 3752 quia
1010 3684 1110 3753 ipsi
1149 3700 1250 3737 non
1285 3693 1576 3736 manserunt
1610 3685 1663 3737 in
1702 3693 1992 3739 testamento

414 3797 525 3834 meo
549 3819 564 3843 ,
609 3787 654 3830 et
684 3793 773 3847 ego
812 3777 1005 3847 neglext
1041 3792 1125 3829 eos
1144 3816 1160 3842 ,
1200 3776 1321 3828 dicit
1349 3774 1618 3829 Dominus.
1655 3775 1785 3841 Quia
1808 3775 1902 3829 hoc
1922 3783 1992 3830 est

417 3881 761 3928 testamentum
778 3871 908 3941 quod
933 3871 1199 3938 disponam
1217 3869 1308 3934 eis,
1328 3868 1454 3922 dans
1475 3867 1604 3938 leges
1623 3884 1757 3922 meas
1772 3869 1822 3920 in
1835 3877 1995 3922 mente

414 3980 617 4029 eorum,
657 3972 703 4015 et
731 3962 782 4015 in
811 3961 960 4014 corde
994 3976 1162 4014 eorum
1199 3959 1464 4013 inscribant
1495 3973 1578 4011 eas
1602 3956 1732 4029 (Jer.
1761 3958 1848 4012 51.
1878 3955 1990 4028 52).

419 4054 618 4111 Deinde
645 4053 868 4106 subitam
896 4051 1242 4105 mutationem
1270 4058 1324 4104 et
1348 4048 1641 4104 doctrinam
1669 4046 1875 4102 facilem
1896 4048 1986 4102 de-

414 4147 623 4200 clarans
648 4145 763 4198 ait:
796 4143 863 4196 Et
903 4159 1002 4197 non
1045 4142 1287 4195 docebunt
1325 4141 1660 4210 unusquisque
1707 4141 1991 4209 proximum

413 4252 582 4300 suum,
622 4243 667 4288 et
701 4234 1038 4303 unusquisque
1079 4232 1288 4300 fratrem
1311 4247 1458 4284 suum
1476 4273 1490 4294 ,
1520 4230 1688 4284 dicens
1709 4271 1724 4296 ,
1752 4245 1992 4300 cognosce

417 4327 692 4381 Dominum
712 4366 726 4391 ,
755 4325 873 4394 quia
898 4339 1067 4377 omnes
1087 4323 1239 4376 scient
1269 4337 1347 4375 me
1366 4337 1396 4373 a
1417 4336 1570 4392 parvo
1589 4320 1811 4391 ipsorum
1839 4336 1992 4390 usque

416 4418 484 4470 ad
511 4432 748 4485 magnum
768 4415 1006 4484 ipsorum.
1030 4411 1182 4480 Quod
1210 4411 1261 4466 in
1283 4411 1506 4466 adventu
1529 4426 1625 4465 suo
1651 4419 1988 4480 peccatorum

417 4506 624 4561 veniam
650 4503 866 4558 daturus
895 4514 1054 4566 esset,
1079 4502 1178 4556 hoc
1207 4502 1330 4557 item
1358 4502 1434 4556 sic
1460 4501 1836 4570 praanunciavit
1862 4516 1988 4569 pro-

420 4598 579 4666 pheta
605 4614 619 4649 :
656 4595 766 4648 Hoc
791 4595 883 4648 erit
917 4595 1038 4664 ipsis
1058 4612 1087 4645 α
1113 4611 1190 4646 me
1215 4603 1556 4646 testamentum
1576 4634 1592 4659 ,
1622 4609 1737 4645 cum
1761 4596 1991 4664 auferam

416 4689 704 4758 iniquitates
736 4685 996 4756 ipsorum,
1035 4693 1080 4737 et
1117 4693 1430 4752 peccatorum
1467 4699 1640 4736 eorum
1682 4699 1783 4735 non
1821 4699 1989 4736 recor-

420 4778 578 4832 dabar
601 4775 819 4846 amplius
852 4771 985 4845 (Jer.
1015 4773 1102 4826 51.
1129 4771 1242 4841 54).
1288 4770 1424 4836 Quid
1453 4771 1551 4826 hac
1580 4787 1638 4826 re
1661 4770 1990 4826 manifestius

416 4885 538 4926 esse
564 4866 771 4938 possit?
799 4865 1140 4919 Vocationem
1169 4863 1360 4932 quippe
1389 4862 1620 4932 gentium
1639 4903 1655 4929 ,
1687 4878 1838 4918 novae
1864 4863 1992 4933 legis

417 4975 577 5030 supra
595 4966 827 5013 veterem
849 4953 1232 5018 excellentiam,
1264 4950 1563 5006 facilitatem
1581 4967 1846 5020 accessus,
1874 4969 1991 5010 cre-

416 5051 656 5105 dentium
701 5047 920 5118 gratiam
941 5086 957 5111 ,
1000 5053 1053 5098 et
1086 5043 1283 5098 donum
1320 5043 1371 5097 in
1397 5041 1662 5113 baptismo
1688 5043 1879 5099 factum
1911 5045 1992 5100 his

418 5141 682 5198 vaticiniis
711 5137 1048 5209 significavit.

492 5235 578 5288 11.
619 5230 769 5300 Quod
800 5244 926 5284 vero
953 5228 1040 5298 qui
1071 5226 1186 5282 hmc
1223 5225 1346 5281 fecit
1367 5269 1380 5293 ,
1416 5225 1460 5280 is
1485 5225 1597 5295 ipse
1625 5235 1805 5294 postea
1829 5225 1991 5294 judex

418 5325 697 5380 adfuturus
721 5323 824 5388 sit,
857 5319 1123 5391 perpende
1145 5318 1408 5389 quomodo
1435 5329 1484 5372 et
1508 5318 1607 5372 hoc
1630 5318 1992 5388 prtenuncient

422 5415 701 5485 l’rophetze
725 5454 740 5479 ,
781 5427 952 5482 neque
993 5411 1134 5466 enim
1179 5410 1228 5464 id
1265 5409 1475 5464 silentio
1520 5409 1988 5479 praetermiserunt,

423 5506 512 5560 alii
538 5505 750 5573 quidem
778 5503 1016 5557 videntes
1037 5517 1158 5556 eum
1185 5502 1234 5553 in
1259 5516 1322 5555 eo
1348 5501 1462 5570 ipso
1492 5501 1702 5567 habitu,
1730 5516 1834 5568 quo
1861 5515 1990 5554 vcn-

425 5610 572 5652 tnrus
613 5604 765 5657 erat;
811 5595 899 5647 alii
945 5593 1123 5648 verbis
1159 5608 1278 5647 eum
1321 5593 1809 5662 put-signiﬁcantes.
1862 5592 1992 5648 Nam

423 5683 604 5741 Daniel
636 5683 792 5735 ctiam
823 5682 872 5734 in
911 5677 1084 5736 medio
1114 5681 1452 5736 barbarorum
1486 5682 1887 5752 Babyloniorum
1915 5685 1990 5738 vi-

1115 311 1172 367 S.
1210 309 1481 366 JOANNIS
1519 310 1985 370 CHRYSOSTUMI
2029 309 2344 369 AllL‘lllEP.
2385 315 2918 377 CONSTANTINOP.

3563 323 3662 385 8‘28

2088 425 2176 479 det
2203 427 2371 496 ipsum
2394 431 2446 483 in
2472 432 2696 488 nubibus
2719 435 3013 490 venientem
3040 454 3056 490 :
3077 435 3197 491 audi
3227 435 3365 491 illius
3387 437 3663 508 Pr0pltet;e

2091 517 2250 570 verba
2276 534 2290 572 :
2321 520 2633 588 Aspiciebam
2652 567 2665 589 ,
2694 527 2892 594 inquit,
2922 534 2972 581 et
2991 544 3100 581 ecce
3122 530 3264 598 quasi
3294 529 3429 598 ﬁlius
3451 532 3663 587 hominis

2091 608 2289 661 veniens
2317 609 2368 662 in
2403 611 2616 666 nubibus
2637 655 2649 677 ,
2679 625 2725 667 et
2749 618 2969 684 pervenit
2994 634 3148 690 usque
3172 617 3240 671 ad
3259 621 3518 688 antiquum
3546 623 3656 675 die-

2088 713 2202 748 rum
2221 738 2234 761 ,
2260 709 2308 752 et
2333 710 2452 754 ante
2481 718 2592 756 eum
2621 704 2818 760 oblatus
2845 717 2933 760 est.
2967 707 3034 762 Et
3060 710 3204 762 datus
3233 720 3304 763 est
3331 711 3374 764 ei
3404 714 3660 781 principa-

2089 795 2168 838 tus
2197 797 2240 840 et
2266 805 2472 857 regnum
2495 802 2542 844 et
2579 810 2748 848 omnes
2792 796 2990 864 populi,
3021 798 3196 865 tribus,
3230 799 3414 870 linguae
3435 803 3535 871 ipsi
3557 817 3663 856 ser-

2089 875 2218 928 vient
2243 875 2400 946 (Dan.
2428 879 2478 932 7.
2514 879 2624 948 l3).
2659 879 2724 934 Et
2746 880 3010 950 judicium
3045 887 3159 956 ejus
3201 889 3274 942 ita
3320 891 3614 946 subindicat
3647 910 3660 946 :

2089 965 2400 1036 Aspiciebam
2428 971 2584 1026 donec
2608 974 2772 1028 throni
2793 978 2942 1044 positi
2960 988 3097 1044 sunt,
3129 988 3176 1033 et
3200 980 3313 1034 libri
3333 983 3498 1050 aperti
3520 993 3665 1038 sunt:

2089 1066 2136 1110 et
2183 1060 2366 1126 ﬂuvius
2411 1063 2587 1131 igneus
2636 1067 2872 1120 manabat
2918 1069 2971 1122 in
3017 1081 3283 1140 conspectu
3329 1074 3438 1143 ejus
3466 1089 3487 1127 :
3527 1075 3666 1129 mille

2091 1148 2250 1202 millia
2294 1152 2641 1207 ministrabant
2683 1157 2727 1208 ei
2751 1197 2765 1221 ,
2816 1167 2863 1210 et
2908 1158 3068 1212 decies
3114 1161 3294 1214 millies
3333 1163 3464 1216 dena
3505 1165 3665 1218 millia

2089 1238 2378 1292 assistebant
2411 1243 2482 1296 ei.
2530 1242 2710 1313 Neque
2749 1247 2846 1300 hoc
2877 1255 3075 1302 tantum
3113 1260 3329 1319 narrat,
3374 1253 3468 1308 sed
3509 1270 3667 1324 quem.

2087 1325 2213 1392 justi
2244 1328 2468 1384 habituri
2493 1343 2615 1386 sunt
2642 1334 2895 1390 honorem
2919 1337 2995 1391 sic
3024 1338 3275 1394 describit
3296 1359 3310 1394 :
3331 1341 3395 1394 Et
3413 1343 3666 1413 judicium

2091 1417 2227 1470 dedit
2255 1421 2436 1475 sanctis
2461 1422 2704 1477 Altissimi
2728 1466 2742 1490 ,
2787 1436 2835 1478 et
2877 1444 3086 1498 regnum
3128 1430 3444 1486 obtinuerunt
3481 1438 3664 1490 sancti.

2092 1505 2374 1563 Malachias
2406 1525 2531 1564 vero
2562 1511 2664 1567 hoc
2685 1513 2940 1582 judicium
2971 1532 3060 1584 per
3085 1519 3257 1588 ignem
3286 1519 3518 1576 futurum
3547 1540 3668 1579 esse

2093 1593 2326 1650 declarat
2365 1598 2448 1653 his
2489 1601 2664 1656 verbis
2696 1621 2708 1656 :
2739 1603 2869 1658 Ecce
2906 1608 3013 1677 ipse
3051 1607 3328 1678 ingreditur
3367 1613 3497 1665 sicut
3537 1614 3668 1683 ignis

2093 1685 2398 1754 conﬂatorii,
2431 1699 2478 1742 et
2499 1692 2625 1743 sicut
2652 1692 2803 1746 herba
2822 1694 3074 1762 fullonum
3109 1697 3356 1769 (Malach.
3385 1701 3438 1754 ὅ.
3470 1699 3547 1774 2).
3580 1703 3670 1756 Vi—

2095 1774 2270 1829 distin’
2311 1779 2684 1847 prophetarum
2721 1786 3140 1851 accurationem,
3171 1789 3438 1857 quomodo
3465 1793 3664 1857 omnia,

2095 1881 2212 1934 quae
2248 1865 2424 1923 futura
2468 1880 2624 1938 sunt,
2672 1875 2984 1930 annuntiare
3024 1879 3480 1947 praeoccuparint?
3523 1881 3666 1947 Quo-

2096 1955 2254 2011 modo
2274 1973 2401 2028 ergo
2432 1960 2606 2016 adhuc
2632 1963 2933 2020 incredulus
2970 1982 3184 2024 manere
3228 1969 3393 2024 audes
3414 2011 3429 2036 ,
3477 1971 3668 2026 talibus

2096 2049 2326 2118 acceptis
2365 2050 2481 2119 ejus
2519 2053 2730 2108 virtutis
2757 2055 3330 2124 demonstrationibus,
3356 2075 3476 2114 cum
3507 2062 3668 2116 verbo

2094 2137 2277 2192 videas
2304 2139 2500 2194 tamdiu
2529 2150 2651 2196 ante
2674 2145 3022 2213 praenuntiata
3046 2186 3062 2212 ,
3101 2161 3291 2218 resque
3316 2149 3494 2203 videas
3525 2151 3666 2204 acci-

2095 2227 2222 2283 dere
2266 2230 2442 2284 verbis
2485 2245 2746 2288 consonas
2769 2274 2785 2302 ,
2831 2235 2900 2289 ita
2927 2245 2984 2290 ut
3013 2237 3145 2290 nihil
3183 2239 3398 2292 omnino
3424 2241 3668 2295 excidat?

2095 2319 2349 2390 Quodque
2367 2321 2478 2377 haec
2503 2337 2606 2378 non
2627 2323 2872 2394 ﬁgmenta
2895 2336 3073 2381 nostra
3095 2329 3219 2394 sint,
3246 2330 3587 2384 testificantur
3608 2333 3665 2398 ii,

2096 2413 2182 2479 qui
2213 2413 2365 2481 primi
2388 2413 2551 2470 libros
2575 2424 2912 2485 acceperunt,
2939 2425 2994 2472 et
3019 2421 3308 2482 etiamnum
3328 2430 3664 2483 conservant,

2097 2502 2294 2558 inimici
2341 2505 2547 2572 nostri,
2595 2505 2991 2576 abnepotesque
3033 2523 3218 2563 eorum
3250 2509 3337 2579 qui
3388 2510 3668 2566 Dominum

2095 2596 2466 2650 crueilixerunt
2502 2613 2517 2649 :
2548 2598 2636 2666 qui
2677 2597 2841 2653 libros
2863 2640 2879 2666 ,
2915 2599 3160 2668 inquam,
3188 2598 3326 2668 apttd
3355 2615 3413 2654 se
3441 2601 3669 2656 retinent

2096 2692 2152 2737 et
2193 2694 2529 2739 conservant.
2585 2687 2652 2741 Et
2687 2688 2776 2757 qui
2800 2671 2928 2742 'ﬁeri
2972 2690 3168 2757 possit,
3217 2689 3357 2744 dicet
3384 2690 3665 2759 quispiam,

2097 2783 2156 2829 ut
2185 2775 2347 2830 libros
2368 2776 2624 2832 habentes
2643 2794 2746 2832 non
2772 2779 3024 2834 credant?
3054 2779 3184 2846 Quia
3203 2789 3324 2834 tunc
3345 2783 3525 2846 etiam,
3547 2797 3666 2836 cum

2096 2882 2216 2921 eum
2235 2867 2491 2922 mirabilia
2514 2879 2823 2938 operantem
2853 2871 3113 2939 viderent,
3146 2887 3250 2926 non
3280 2873 3654 2928 crediderunt:

2097 2957 2190 3012 sed
2221 2957 2321 3012 hoc
2359 2974 2465 3012 non
2504 2967 2584 3014 est
2612 2961 2812 3015 crimen
2860 2961 2972 3030 ejus
2998 2962 3084 3016 cui
3114 2977 3218 3016 non
3257 2963 3522 3030 creditur,
3569 2964 3662 3018 sed

2098 3062 2279 3102 eorum
2300 3049 2487 3119 magis,
2511 3051 2600 3119 qui
2627 3051 2678 3104 in
2703 3051 2924 3106 meridie
2950 3054 3253 3106 cmcutiunt.
3285 3053 3416 3107 Nam
3441 3064 3495 3109 et
3525 3055 3666 3111 hunc

2097 3138 2349 3192 mundum
2400 3139 2453 3192 in
2498 3138 2675 3194 medio
2718 3141 3026 3210 proposuit,
3075 3141 3480 3197 instrumentum
3523 3146 3664 3198 omni

2098 3229 2453 3284 concinnitate
2478 3229 2830 3296 elaboratum,
2857 3247 3041 3286 vocem
3070 3221 3300 3302 undique
3325 3233 3592 3299 emittens,
3611 3244 3666 3288 et

2099 3329 2393 3376 creatorem
2440 3321 2733 3388 prazdicans
2775 3340 2788 3376 :
2830 3331 2884 3377 et
2935 3332 3108 3377 tamen
3158 3324 3370 3393 quidam
3426 3324 3667 3378 homines

2098 3420 2238 3477 sunt,
2270 3411 2360 3481 qui
2389 3412 2470 3466 vel
2501 3420 2769 3466 automata
2806 3427 2924 3467 esse
2949 3411 3160 3479 dicunt,
3193 3413 3275 3468 vel
3303 3414 3491 3468 borum
3518 3429 3665 3469 crea-

2101 3502 2295 3556 tionem
2337 3511 2494 3571 atque
2544 3502 2928 3572 providentiam
2978 3503 3280 3558 hominibus
3326 3506 3664 3571 adscribunt;

2098 3593 2184 3647 alii
2216 3608 2340 3648 vero
2367 3593 2588 3649 fortuna:
2609 3637 2624 3661 ,
2657 3595 2781 3662 fato,
2809 3596 3010 3665 genesi,
3039 3595 3121 3650 vel
3145 3596 3414 3650 stellarum
3443 3612 3665 3652 conver-

2098 3685 2354 3740 sionibus.
2399 3685 2592 3739 Verum
2640 3685 2741 3740 hoc
2769 3686 2970 3741 crimen
3013 3702 3118 3741 non
3150 3687 3202 3740 in
3229 3689 3474 3756 Opiﬁcem
3504 3689 3664 3753 cadit,

2099 3776 2191 3831 sed
2222 3776 2273 3830 in
2305 3792 2428 3844 eos,
2458 3777 2545 3846 qui
2573 3777 2708 3832 inter
2747 3786 2825 3832 tot
2864 3777 3096 3832 remedia
3122 3778 3294 3833 adhuc
3317 3781 3568 3834 extremis
3596 3780 3671 3833 la-

2098 3865 2289 3920 borant
2328 3868 2542 3922 morbis.
2594 3867 3045 3934 Quemadmodum
3089 3869 3229 3924 enim
3277 3869 3413 3925 bene
3453 3869 3668 3924 affectus
3731 3875 3737 3884 ‘

2097 3957 2306 4013 animus
2349 3958 2472 4027 quid
2503 3959 2642 4014 facto
2661 3974 2795 4028 opus
2821 3961 2890 4014 sit
2928 3960 3068 4015 videt
3093 4003 3107 4026 ,
3137 3976 3237 4016 nec
3266 3962 3445 4016 multis
3473 3961 3538 4016 ad
3568 3967 3668 4017 hoc

2093 4028 2218 4118 eget
2244 4048 2562 4117 adjumentis
2586 4066 2600 4114 ;
2632 4049 2709 4103 sic
2752 4049 3058 4119 imprudens
3082 4066 3144 4105 ac
3168 4051 3433 4120 stupidus,
3462 4052 3667 4106 etiamsi

2099 4141 2404 4194 innumeros
2451 4139 2641 4194 habeat
2679 4141 2988 4211 magistros,
3031 4141 3302 4196 affectibus
3331 4158 3665 4213 pramccupa-

2100 4239 2205 4296 tus,
2236 4231 2289 4286 in
2319 4233 2555 4286 caecitate
2573 4239 2894 4301 perseverat.
2927 4232 3037 4287 Hoc
3063 4233 3221 4302 igitur
3235 4248 3447 4302 semper
3465 4234 3664 4300 videas,

2098 4337 2204 4377 non
2236 4323 2287 4376 in
2317 4322 2416 4376 hac
2441 4337 2498 4377 re
2528 4323 2717 4388 solum,
2741 4323 2834 4376 sed
2865 4323 2916 4376 in
2943 4323 3063 4377 aliis
3091 4337 3320 4392 quoque.
3362 4323 3504 4390 Quot
3525 4324 3663 4378 enim

2098 4421 2253 4479 sunt,
2285 4414 2518 4484 quicum
2562 4413 2756 4467 nullam
2795 4413 3064 4468 audissent
3097 4414 3304 4484 legem,
3350 4417 3570 4469 honeste
3606 4429 3666 4469 ac

2098 4504 2330 4574 legitime
2370 4504 2654 4558 vixerunt?
2697 4504 2797 4558 Alii
2827 4519 2953 4558 vero
2979 4519 3007 4558 a
3038 4505 3257 4573 pueritia
3286 4503 3352 4558 ad
3377 4514 3666 4559 extremam

2097 4609 2268 4663 usque
2306 4602 2631 4649 senectutem
2682 4595 2733 4648 in
2782 4593 2983 4664 legibus
3012 4593 3255 4661 educati,
3294 4609 3384 4649 eas
3437 4593 3667 4648 violandi

2099 4701 2382 4755 numquam
2411 4686 2567 4740 ﬁnem
2597 4684 2851 4740 fecerunt.
2903 4684 3027 4739 Haec
3057 4693 3110 4739 et
3145 4685 3282 4753 apud
3311 4693 3519 4740 veteres
3541 4700 3669 4740 con-

2102 4776 2372 4845 tigerunt:
2402 4791 2522 4829 nam
2557 4775 2725 4830 Juda:i
2772 4774 3062 4829 innumeris
3103 4774 3263 4844 signis
3302 4783 3356 4828 et
3403 4775 3672 4830 miraculis

2100 4884 2205 4921 non
2251 4868 2498 4922 meliores
2523 4867 2696 4922 effecti
2739 4875 2898 4930 sunt;
2949 4866 3187 4920 Ninivita:
3213 4881 3340 4920 vero
3369 4881 3470 4920 una
3501 4866 3671 4920 solum

2101 4960 2274 5015 audita
2306 4976 2432 5014 voce
2461 4960 2828 5030 resipucrunt,
2873 4969 2925 5014 et
2953 4976 2981 5012 a
3010 4960 3237 5030 peccatis
3282 4959 3486 5014 liberati
3527 4969 3669 5014 sunt.

2103 5050 2216 5104 Iloc
2243 5050 2400 5104 etiam
2428 5049 2608 5104 videre
2651 5059 2726 5103 est
2771 5067 2875 5103 non
2915 5050 2967 5102 in
2997 5050 3261 5103 nobilibus
3288 5058 3491 5103 tantum
3519 5050 3666 5114 viris,

2102 5139 2195 5194 sed
2236 5141 2394 5194 etiam
2442 5139 2495 5194 in
2543 5140 2768 5194 obscuro
2806 5141 2924 5195 loco
2974 5141 3132 5194 natis.
3179 5140 3383 5206 Quanta
3432 5140 3670 5195 doctrina

2102 5243 2207 5284 non
2238 5229 2467 5284 imbutus
2490 5238 2571 5283 est
2594 5229 2799 5284 Judas?
2826 5239 2879 5284 et
2909 5239 3082 5284 tamen
3112 5229 3349 5298 proditor
3380 5229 3548 5284 factus
3567 5239 3670 5284 cst.

2100 5322 2266 5388 Quam
2307 5321 2719 5378 admonitionem
2751 5323 2931 5377 habuit
2972 5323 3146 5378 latro?
3182 5332 3413 5378 attamen
3441 5325 3493 5377 in
3518 5337 3672 5377 cruce

2100 5409 2366 5466 Christum
2392 5414 2662 5468 confessus
2686 5423 2801 5480 est,
2847 5422 2902 5468 et
2940 5430 3160 5485 regnum
3201 5415 3315 5483 ejus
3346 5413 3665 5483 praulicavit.

2100 5501 2176 5556 Nc
2205 5503 2361 5572 igitur
2388 5521 2416 5556 a
2443 5514 2808 5573 corruptorum
2843 5504 3113 5559 hominum
3154 5513 3330 5560 mente
3372 5519 3550 5558 rerum
3588 5503 3672 5571 ju-

2101 5592 2297 5646 dicium
2339 5594 2495 5648 facias
2521 5610 2536 5659 ;
2579 5595 2672 5650 sed
2703 5595 2768 5649 ab
2796 5595 2906 5664 ipsa
2934 5611 3110 5649 rerum
3138 5597 3355 5649 veritate
3379 5605 3674 5664 congruen-

2105 5697 2210 5742 tem
2254 5686 2512 5741 calculum
2562 5702 2723 5757 ponas
2751 5687 2813 5742 de
2858 5688 2956 5752 iis,
3007 5688 3094 5757 qui
3125 5696 3265 5741 recta
3293 5685 3507 5742 consilia
3551 5688 3672 5738 sunt
