4084 6186
364 274 467 335 827

366 394 675 464 τιμωρίας-ς
727 385 868 441 Ἀλλ’
900 388 929 440 6
966 387 1141 442 πάντα
1186 387 1355 442 ποιῶν
1394 388 1485 441 καὶ⁵
1521 388 1945 458 μετασκευάζων

365 459 523 539 αὐτὰ,
542 475 570 526 6
593 459 690 542 τήν
716 470 1041 542 οἰκουμένην
1059 471 1124 524 ἐκ
1142 470 1414 542 τοσαύτης
1440 471 1641 535 κακίας
1667 471 1944 543 μεταθεὶς.

364 560 458 614 καὶ
482 558 582 628 τὴν
610 555 716 625 γῆν
748 554 977 627 οὐρανὸν
998 554 1393 626 ἐργασάμενος,
1412 548 1565 618 οὗτος
1595 556 1687 608 καὶ
1712 554 1773 608 τὸ
1807 555 1947 625 πρᾶ-

363 660 480 713 γμα
510 639 672 693 τοῦτο
701 637 1064 691 ἐπονείδιστον
1092 636 1151 690 ὃν
1191 636 1286 690 καὶ
1325 638 1544 692 πάντων
1583 637 1828 691 θανάτων
1858 635 1942 689 αί-

367 740 582 795 σχιστον
600 722 740 793 ὑπὲρ
762 719 871 774 τῶν
894 720 1140 789 οὐρανῶν
1164 721 1434 792 ἀνήγαγε.
1450 718 1612 773 Ταῦτ’
1626 714 1718 773 οὖν
1732 718 1948 772 ἅπαντα

368 806 615 879 προορῶν
641 806 670 859 6
710 805 998 877 προφήτης
1036 802 1190 871 ἔλεγε
1214 822 1228 835 ο
1255 803 1365 858 Kal
1393 803 1567 857 ἐσται
1595 805 1633 872 ἡ
1677 801 1949 857 ἀνάπαυ-

366 908 466 957 σις
503 888 690 944 αὐτοῦ
719 885 876 956 τιμή.
918 885 1090 939 Τοῦτο
1117 886 1227 958 γὰρ
1259 886 1321 939 τὸ
1356 885 1451 939 τοῦ
1479 885 1711 940 θανάτου
1741 885 1947 956 σύμϐο-

366 974 457 1027 λον
478 974 560 1041 (οὐ
588 972 699 1043 γὰρ
726 970 1007 1042 παύσομαι
1040 969 1280 1040 συνεχῶς
1321 964 1480 1022 τοῦτο
1502 968 1699 1038 λέγων)
1733 969 1950 1038 ἐγένετο

369 1056 620 1125 εὐλογίας
645 1053 899 1117 ὑπόθεσις
919 1052 1142 1123 πολλῆς,
1159 1053 1254 1107 καὶ
1281 1053 1627 1123 παντοδαπῆς
1647 1052 1949 1121 ἀσφαλείας

367 1142 568 1211 τεῖχος,
585 1137 834 1193 διαϐόλου
865 1136 1057 1208 καιρία
1084 1135 1291 1208 πληγὴ,
1310 1135 1581 1206 δαιμόνων
1605 1134 1842 1204 χαλινὸς,
1861 1153 1952 1206 κη-

370 1223 472 1294 μὸς
500 1222 600 1293 τῆς
638 1219 747 1274 τῶν
766 1219 1160 1291 ἀντικειμένων
1188 1217 1473 1288 δυνάμεως
1490 1234 1504 1248 ο
1534 1217 1693 1271 τοῦτο
1722 1218 1950 1274 θάνατον

366 1305 567 1372 ἀνεῖλε,
600 1302 760 1357 τοῦτο
784 1302 879 1356 τοῦ
913 1302 1041 1374 ᾅδου
1065 1303 1164 1365 τὰς
1191 1300 1399 1372 χαλκᾶς
1432 1299 1608 1364 πύλας
1630 1301 1947 1367 συνέκλασε,

364 1392 491 1454 τοὺς
534 1387 785 1459 σιδηροῦς
829 1386 1058 1456 μοχλοὺς
1090 1383 1413 1449 συνέθλασε,
1435 1384 1531 1438 τοῦ
1570 1384 1818 1438 διαϐόλου
1852 1385 1950 1456 τὴν

367 1471 663 1545 ἀκρόπολιν
691 1469 976 1526 κατέλυσε.
1009 1468 1107 1540 τῆς
1140 1468 1417 1539 ἁμαρτίας
1453 1466 1524 1520 τά
1555 1466 1724 1538 νεῦρα
1769 1467 1952 1534 ἐξέκο-

366 1557 489 1627 ψεν,
517 1555 624 1609 ὑπὸ
642 1552 940 1624 καταδίκην
970 1552 1231 1623 κειμένην
1256 1551 1355 1623 τὴν
1370 1551 1699 1622 οἰκουμένην
1733 1551 1951 1605 ἅπασαν

369 1641 670 1710 ἐξήρπασε,
698 1637 958 1709 θεήλατον
977 1635 1284 1706 φερομένην
1308 1633 1451 1688 κατὰ
1480 1633 1582 1704 τῆς
1621 1632 1834 1703 φύσεως
1853 1634 1951 1706 τῆς

367 1724 641 1797 ἡμετέρας
658 1720 873 1793 πληγὴν
893 1718 1189 1774 ἀνέστειλε.
1205 1718 1269 1771 Τί
1286 1718 1429 1787 λέγω
1447 1734 1462 1783 ;
1480 1716 1623 1788 άπερ
1642 1718 1743 1771 οὐκ
1765 1716 1950 1788 ἴσχυσε

367 1809 612 1863 Θάλασσα
640 1804 958 1876 σχιζομένη,
991 1803 1192 1874 πέτραι
1233 1800 1592 1872 ρηγνύμεναι,
1625 1800 1733 1871 ἀήρ
1783 1817 1952 1871 μετα-

367 1892 716 1963 ϐαλλόμενος,
745 1888 841 1942 καὶ
879 1887 1052 1959 μάννα
1094 1885 1187 1939 ἐπὶ
1229 1883 1639 1955 τεσσαράκοντα
1671 1882 1816 1936 ἐτεσι
1849 1900 1953 1936 το·-

371 1976 596 2039 σαύταις
634 1972 840 2046 χιλιάσι
876 1969 1260 2041 διαδιδόμενον,
1310 1969 1406 2022 καὶ
1436 1968 1628 2039 νόμος,
1662 1967 1756 2021 καὶ
1787 1966 1951 2037 ἐτερα

371 2061 572 2130 σημεῖα
606 2057 693 2112 καὶ
737 2057 795 2109 ἐν
837 2055 1030 2129 ἐρήμῳ
1062 2053 1158 2108 καὶ
1189 2053 1247 2107 ἐν
1276 2049 1611 2122 Παλαιστίνῃ
1639 2049 1910 2120 γενόμενα
1932 2088 1950 2113 ,

369 2129 543 2198 ταῦτα
595 2141 816 2211 ἴσχυσεν
859 2138 888 2191 6
928 2135 1180 2207 σταυρὸς,
1220 2135 1322 2189 οὐκ
1347 2136 1407 2188 ἐν
1435 2135 1517 2187 ἐνὶ¹
1545 2131 1710 2197 ἔθνει,
1745 2129 1862 2185 ἀλλ’
1893 2131 1952 2184 ἐν

368 2227 517 2298 πάσῃ
540 2227 608 2297 τῇ
645 2222 961 2292 οἰκουμένῃ,
1000 2218 1231 2290 σταυρὸς
1267 2217 1328 2271 τὸ
1354 2217 1628 2288 ἐπάρατον
1659 2214 1949 2286 σύμϐολον,

366 2310 427 2365 τὸ
460 2311 592 2364 πᾶσι
620 2305 872 2377 φευκτὸν,
889 2302 950 2357 τὸ
974 2304 1138 2357 πᾶσιν
1165 2300 1456 2362 ἀπευκτὸν,
1483 2298 1546 2352 τὸ
1565 2298 1948 2365 ἐπονείδιστον,

371 2394 579 2464 ῐσχυσε,
598 2389 737 2463 μετά
764 2388 828 2443 τὸ
854 2385 1181 2455 τελευτῆσαι
1210 2384 1301 2437 τὸν
1341 2382 1743 2455 σταυρωθέντα,
1773 2381 1952 2437 πάντα

367 2476 605 2538 εὐκόλως
624 2469 980 2545 ἐργάσασθαι.
1004 2469 1078 2522 Οὐ
1097 2466 1272 2521 ταῦτα
1292 2466 1351 2520 δὲ
1385 2465 1570 2537 μόνον,
1599 2464 1736 2519 ἀλλὰ
1758 2465 1851 2519 καὶ
1882 2465 1952 2519 τὰ

370 2559 511 2631 μετά
540 2557 713 2611 ταῦτα
734 2555 1008 2609 δείκνυσιν
1038 2550 1203 2605 αὐτοῦ
1237 2548 1337 2621 τὴν
1370 2547 1549 2631 ίσχύν.
1575 2546 1686 2619 Τὴν
1725 2546 1833 2631 γάρ
1874 2548 1953 2601 ol-

368 2629 642 2711 κουμένην
681 2638 873 2707 ἄγονον
899 2631 1065 2690 οὖσαν
1097 2632 1244 2709 κατά
1267 2632 1359 2685 τὸν
1398 2631 1498 2702 τῆς
1531 2630 1734 2702 ἀρετῆς
1770 2629 1949 2699 λόγον,

368 2726 464 2781 καὶ
488 2725 698 2796 ἐρήμου
728 2723 833 2792 γῆς
860 2719 1012 2773 οὐδὲν
1050 2718 1273 2787 ἀμεινον
1311 2714 1681 2785 διακειμένην,
1715 2712 1837 2767 οὐδὲ
1872 2715 1954 2778 είς

368 2811 430 2864 τὸ
454 2809 633 2862 τεκεῖν
668 2824 721 2860 τι
746 2801 983 2876 χρηστὸν
1015 2797 1434 2871 προσδοκῶσαν,
1456 2796 1652 2867 ἀθρόον
1694 2796 1953 2869 παράδει-

370 2909 462 2947 σον
479 2892 572 2946 καὶ
605 2888 816 2961 μητέρα
841 2884 1144 2940 πολύπαιδα
1168 2880 1459 2952 πεποίηκε.
1482 2879 1592 2933 Καὶ
1614 2878 1773 2933 τοῦτο
1810 2879 1952 2933 ἀνω-

369 2976 461 3033 θεν
482 2971 857 3046 προεδήλωσεν
883 2972 912 3024 6
947 2968 1235 3041 προφήτης
1271 2966 1414 3022 οὕτω
1443 2964 1652 3046 λέγωνξ
1689 2962 1954 3032 Εὐφράν-

368 3045 778 3128 θητι,ίστεῖρα,
805 3054 844 3122 η
881 3053 953 3108 οὐ
979 3052 1285 3106 τίκτουσα·
1307 3047 1506 3118 ῥῆξον
1548 3045 1648 3101 καί
1688 3046 1951 3115 βόησον,

366 3141 404 3209 ἠ
428 3143 539 3196 οὐκ
563 3138 886 3199 ὠδίνουσα,
917 3135 1006 3189 ὅτι
1042 3131 1244 3188 πολλὰ
1264 3131 1339 3186 τὰ
1368 3130 1552 3185 τέκνα
1576 3129 1689 3198 τῆς
1727 3128 1952 3197 ἐρήμου

368 3222 623 3288 μᾶλλον,
657 3221 696 3290 ἢ
724 3219 836 3289 τῆς
872 3217 1140 3288 ἐχούσης
1174 3214 1283 3269 τὸν
1309 3213 1521 3282 ἄνδρα.
1547 3212 1672 3265 Ὅτι
1696 3211 1953 3283 τοιαύτην

368 3306 761 3380 ἐργασάμενος,
792 3302 955 3374 νόμον
972 3300 1170 3354 ἔδωκεν
1197 3298 1335 3369 αὐτῇ
1363 3295 1544 3377 πολλῷ
1565 3293 1660 3348 τοῦ
1684 3294 1951 3380 προτέρου

369 3378 633 3461 βελτίονα,
670 3387 792 3441 οὐδὲ
828 3385 985 3438 τοῦτο
1010 3383 1272 3455 ἐσίγησαν
1307 3382 1357 3435 οἱ
1397 3380 1710 3453 προφῆται·
1736 3378 1953 3461 καίὅρα

369 3460 419 3528 τί
467 3468 984 3544 προαναφωνοῦντες
1021 3468 1274 3538 εἰρήκασι
1302 3481 1317 3495 ·
1354 3462 1720 3532 Διαθήσομαι
1748 3460 1954 3527 αὐτοῖς

369 3556 665 3624 διαθήκην
700 3553 937 3622 καινὴν,
969 3553 1040 3606 οὐ
1077 3551 1228 3605 κατὰ
1253 3549 1370 3617 τὴν
1399 3547 1697 3615 διαθήκην
1724 3544 1805 3614 ἢν
1836 3545 1955 3599 διε-

368 3640 556 3711 θέμην
581 3639 707 3705 τοῖς
737 3636 1039 3707 πατράσιν
1071 3632 1292 3698 αὐτῶν,
1332 3633 1403 3687 έν
1442 3630 1633 3701 ἡμέρᾳ
1673 3629 1951 3683 ἐπιλαϐο-

370 3725 554 3794 μένου
581 3740 700 3794 μου
733 3721 846 3788 τὴς
891 3717 1091 3789 χειρὸς
1131 3716 1331 3772 αὐτῶν
1371 3713 1689 3785 ἐξαγαγεῖν
1730 3712 1953 3779 αὐτοὺς

371 3808 439 3862 ἐκ
472 3806 585 3877 τῆς
629 3806 932 3876 Αἰγύπτου
965 3819 980 3834 ο
1016 3800 1106 3856 ὅτι
1154 3799 1323 3854 αὐτοὶ
1369 3800 1481 3853 οὐκ
1530 3795 1846 3867 ἐνέμειναν
1883 3796 1954 3850 ἐν

371 3889 444 3960 τῇ
465 3888 719 3957 διαθήκῃ
736 3904 877 3957 μου,
892 3883 1054 3955 κάγὼ
1080 3883 1361 3954 ἠμέλησα
1386 3879 1586 3936 αὐτῶν
1605 3920 1620 3944 ,
1650 3878 1813 3949 λέγει
1833 3879 1952 3933 Κύ-

369 3991 517 4042 ριος.
554 3973 686 4027 Ὀτι
704 3970 855 4038 αὕτη
872 3969 911 4038 η
929 3964 1208 4036 διαθήκη,
1239 3964 1321 4034 ἢν
1344 3962 1703 4033 διαθήσομαι
1724 3960 1948 4027 αὐτοῖς,

370 4056 575 4123 διδοὺς
607 4055 832 4125 νόμους
865 4068 987 4122 μου
1025 4053 1110 4117 είς
1154 4048 1269 4119 τὴν
1294 4047 1568 4102 διάνοιαν
1601 4044 1822 4125 αὐτῶν,
1854 4042 1955 4099 καὶ

371 4140 466 4193 ἐπὶ
507 4124 760 4207 καρδίαν
796 4135 996 4191 αὐτῶν
1036 4130 1346 4205 ἐπιγράψω
1383 4130 1628 4196 αὐτούς.
1670 4124 1807 4184 Εἶτα
1858 4127 1951 4182 καὶ

372 4223 468 4294 τὴν
497 4222 694 4294 ἀθρόαν
732 4218 1064 4292 μεταϐολὴν,
1092 4219 1187 4271 καὶ
1225 4218 1326 4289 τήν
1366 4215 1482 4286 μετ’
1525 4211 1783 4294 εὐκολίας
1807 4211 1954 4265 διδα-

374 4293 599 4358 σκαλίαν
634 4302 958 4375 παραδηλῶν
1003 4301 1156 4370 ἔλεγε
1189 4317 1203 4331 ο
1231 4298 1338 4353 Kal
1379 4299 1452 4352 οὺ
1490 4295 1577 4367 μὴ
1625 4293 1955 4360 διδάξωσιν

373 4389 626 4455 ἕκαστος
671 4388 780 4455 τὸν
835 4386 1101 4454 πλησίον
1132 4382 1316 4437 αὐτοῦ
1341 4424 1356 4449 ,
1399 4380 1497 4435 καὶ
1544 4380 1803 4444 ἕκαστος
1846 4376 1955 4432 τὸν

372 4471 641 4542 ἀδελφὸν
659 4468 868 4535 αὑτοῦ,
884 4468 1099 4538 λέγων,
1117 4464 1310 4521 Γνῶθι
1324 4465 1432 4518 τὸν
1446 4465 1684 4531 Κύριον,
1702 4460 1794 4516 ὅτι
1811 4460 1956 4514 πάν-

374 4573 473 4623 τες
509 4552 830 4622 εὶδήσουσί
846 4568 923 4622 με
945 4549 1065 4606 ἀπὸ
1090 4548 1307 4620 μικροῦ
1327 4546 1523 4601 αὐτῶν
1553 4546 1664 4612 ἕως
1683 4543 1952 4615 μεγάλου

377 4634 594 4694 αὐτῶν.
624 4637 746 4691 Ὀτι
777 4634 1187 4709 ἁμαρτημάτων
1219 4631 1410 4703 ἔμελλε
1441 4628 1641 4682 διδόναι
1676 4624 1955 4709 συγχώρησ

378 4739 462 4776 σιν
492 4722 660 4775 ἅπασι
686 4707 1146 4790 παραγενόμενος,
1161 4716 1255 4770 καὶ
1278 4712 1436 4769 τοῦτο
1457 4713 1618 4768 πάλιν
1636 4707 1956 4783 προανεφώ-

372 4820 537 4876 νησεν
560 4804 590 4856 6
608 4803 896 4874 προφήτης
919 4799 1091 4863 οὕτως
1110 4799 1309 4853 εἰπών’
1337 4798 1495 4866 Αὕτη
1522 4793 1726 4861 αὐτοῖς
1748 4794 1788 4859 ’ἡ
1817 4791 1955 4860 παρ’

372 4886 517 4957 ἐμοῦ
546 4884 823 4953 διαθήκη,
855 4884 1002 4938 ὅταν
1044 4882 1350 4954 ἀφέλωμαι
1396 4881 1504 4947 τὰς
1552 4878 1806 4948 ἀνομίας
1846 4877 1956 4930 αὐ-

372 4968 510 5031 τῶν,
539 4966 780 5021 καὶτῶν
811 4966 1109 5038 ἁμαρτιῶν
1124 4963 1322 5021 αὐτῶν
1342 4965 1416 5018 οὐ
1450 4960 1537 5033 μὴ
1562 4957 1815 5033 μνησθῶ
1846 4957 1953 5012 ἐτι.

372 5052 438 5105 Τί
462 5051 654 5105 τούτου
698 5051 1032 5123 σαφέστερον
1065 5048 1266 5118 γένοιτ’
1292 5047 1358 5101 ἄν
1391 5063 1406 5114 ;
1441 5045 1553 5119 Τήν
1604 5044 1798 5115 κλῆσιν
1847 5040 1955 5115 γὰρ

372 5133 481 5188 τῶν
524 5133 715 5200 ἐθνῶν,
748 5134 850 5205 τὴν
884 5132 1157 5205 ὑπεροχὴν
1206 5130 1300 5185 τοῦ
1336 5128 1521 5184 καινοῦ
1553 5127 1690 5200 πρὸς
1728 5126 1820 5180 τδν
1862 5140 1960 5179 πα-

371 5216 522 5272 λαιὸν
554 5218 740 5290 νόμον,
768 5217 868 5287 τήν
898 5216 1149 5271 εὐκολίαν
1175 5218 1276 5286 τῆς
1305 5213 1695 5285 προσαγωγῆς,
1723 5209 1831 5265 τῶν
1866 5226 1957 5290 mf

374 5287 716 5353 στευσάντων
742 5298 841 5370 τὴν
867 5298 1048 5370 χάριν,
1083 5299 1177 5352 καὶ
1224 5296 1323 5368 τήν
1361 5294 1567 5367 δωρεάν
1598 5294 1698 5365 τὴν
1737 5291 1826 5346 διὰ
1861 5287 1957 5344 τοῦ

374 5382 747 5455 βαπτίσματος
761 5382 1080 5455 γενομένην,
1093 5380 1180 5435 διὰ
1193 5380 1398 5435 τούτων
1417 5379 1644 5449 ἐνέφηνε
1662 5375 1771 5430 τῶν
1790 5377 1960 5449 προρς

411 5467 608 5538 ήσεων.

375 5473 608 5622 ῥῆξ’(ίῇ
622 5551 841 5606 ια¹.Ὄτι
862 5550 1025 5615 αὐτὸς
1046 5543 1199 5614 οὗτος
1212 5550 1241 5602 6
1255 5545 1427 5601 ταῦτα
1447 5543 1840 5618 ἐργασάμενος,
1865 5539 1962 5593 αὐο

371 5631 465 5695 τὸς
487 5633 757 5704 παρέσται
782 5634 877 5686 καὶ
895 5632 1086 5705 κριτής
1114 5632 1250 5702 μετά
1263 5629 1454 5695 ταῦτα,
1468 5630 1570 5701 ὅρα
1584 5628 1701 5690 πῶς
1718 5625 1810 5679 καὶ
1829 5622 1962 5676 αὐτὸ

376 5716 828 5785 προαναφωνοῦσι
852 5734 866 5748 ·
896 5717 990 5770 καὶ
1026 5718 1137 5789 γὰρ
1167 5716 1286 5770 οὐδὲ
1319 5714 1476 5770 τοῦτο
1517 5712 1885 5785 παρέδραμον,
1909 5708 1956 5760 οἱ

378 5799 478 5872 μὲν
514 5801 750 5874 ὁρῶντες
795 5803 953 5859 αὐτὸν
986 5804 1043 5858 ἐν
1092 5800 1241 5874 αὐτῷ
1287 5800 1364 5874 τῷ
1401 5801 1665 5874 σχήματι,
1693 5789 1736 5865 ᾧ
1769 5792 1950 5867 μέλλει

932 268 1207 330 CONTRA
1242 269 1531 330 JUDJEOS
1570 269 1658 328 ET
1698 271 1951 330 GENTIL

2052 322 2055 339 .
2099 275 2287 347 QUOD
2326 280 2671 344 Cllﬂk‘STUS
2709 284 2815 343 SIT
2853 286 3056 347 DEUS.

3522 292 3627 351 828

2050 394 2469 476 παραγίνεσθαι,
2499 399 2548 451 οί
2579 400 2636 453 δὲ
2665 399 2754 454 διὰ
2791 403 3052 473 ῥημάτων
3087 401 3266 455 αὐτῶν
3306 419 3630 476 προαναφω-

2047 475 2282 560 νοῦντες.
2327 478 2386 533 '0
2410 482 2508 551 μὲν
2531 482 2638 554 γὰρ
2667 484 2885 556 Δανιὴλ,
2908 484 3003 539 καὶ
3031 485 3205 539 ταῦτα
3237 488 3295 539 ἐν
3320 486 3472 558 μέσῳ
3499 475 3618 560 βαρ.

2049 559 2232 631 ϐἀρων
2252 563 2360 618 τῶν
2393 561 2771 627 Βαϐυλωνίων,
2796 571 2897 640 ὁρᾷ
2930 568 3091 622 αὐτὸν
3127 570 3219 622 ἐπὶ
3255 569 3363 622 τῶν
3391 559 3630 640 νεφελῶν

2048 643 2340 715 ἐρχόμενον
2362 664 2375 677 ·
2410 648 2504 701 καὶ
2532 648 2697 703 ἀκουε
2732 651 2839 705 τῶν
2864 651 3126 723 ῥημάτων
3161 653 3340 706 αὐτῶν
3368 652 3462 707 τοῦ
3493 671 3630 723 προ-

2049 728 2242 798 φήτοω
2290 730 2636 800 Ἐθεώρουν,
2667 734 2819 806 φησὶ,
2852 735 2950 788 καὶ
2981 733 3111 789 ίδοὺ
3132 735 3213 802 ὡς
3249 737 3383 803 Υἱὸς
3412 737 3634 805 ἀνθρώ-

2049 826 2168 866 που
2208 814 2530 884 ἐρχόμενος
2571 817 2670 870 ἐπὶ
2721 816 2842 871 τῶν
2886 817 3192 887 νεφελῶν,
3219 820 3317 874 καὶ
3364 820 3634 890 έερθασεν

2047 892 2161 961 ἕως
2195 896 2303 950 τοῦ
2342 899 2612 953 Παλαιοῦ
2644 898 2764 953 τῶν
2793 899 3050 969 ἡμερῶν,
3095 902 3193 955 καὶ
3225 901 3485 957 ἐνώπιον
3528 906 3633 958 αὐ-

2048 977 2157 1033 τοῦ
2195 979 2582 1051 προσηνέχθη
2607 1023 2621 1047 ,
2654 982 2753 1036 καὶ
2791 984 2950 1049 αὐτῷ
2979 984 3156 1052 ἐδόθη
3199 986 3232 1054 ἠ
3265 985 3421 1056 ἀρχὴ
3453 986 3551 1039 καὶ
3591 988 3630 1057 ἠ

2043 1059 2355 1125 βασιλεία,
2399 1064 2496 1116 καί
2542 1062 2766 1131 πάντες
2810 1070 2864 1119 οἱ
2907 1068 3068 1131 λαοί,
3103 1068 3326 1137 φυλαὶ,
3359 1067 3632 1139 γλῶσσαι

2050 1140 2212 1209 αὐτῷ
2239 1143 2671 1201 δουλεύσουσι.
2700 1145 2807 1201 Καὶ
2835 1148 2897 1201 τὺ
2931 1151 3209 1223 κριτήριον
3228 1150 3287 1203 δὲ
3312 1151 3477 1203 αὐτοῦ
3509 1152 3633 1203 61:0-

2048 1225 2276 1297 γράφων
2307 1228 2468 1299 φησίν
2489 1244 2504 1259 ο
2553 1229 2879 1298 Ἐθεώρουν
2899 1230 3011 1297 ἕως
3047 1231 3189 1286 ὅτου
3216 1232 3416 1302 θρόνοι
3441 1233 3634 1302 ἐτέθηι

2051 1323 2193 1374 σαν,
2228 1310 2329 1363 καὶ
2367 1311 2571 1375 βίϐλοι
2601 1311 2997 1380 ἀνεῴχθησαν
3021 1328 3036 1342 '
3078 1314 3178 1367 καὶ
3227 1316 3490 1385 ποταμὸς
3528 1331 3634 1370 πυ-

2043 1388 2156 1457 ρὸς
2200 1387 2405 1447 εἷλκεν
2452 1393 2796 1463 ἔμπροσθεν
2839 1394 3029 1450 αὑτοῦ
3060 1411 3075 1426 ⁶
3120 1396 3308 1465 χίλιαι
3362 1396 3631 1466 χιλιάδες

2049 1473 2472 1545 ἐλειτούργουν
2511 1477 2700 1543 αὐτῷ,
2734 1477 2834 1532 καὶ
2870 1479 3076 1547 μύριαι
3111 1478 3399 1547 μυριάδες
3435 1493 3633 1549 παρει-

2050 1555 2390 1623 στήκεισαν
2413 1558 2594 1625 αὐτῷ.
2629 1560 2703 1613 Οὐ
2735 1561 2895 1631 μόνον
2925 1561 3001 1621 δὲ,
3029 1560 3166 1615 ἀλλὰ
3198 1562 3294 1616 καὶ
3326 1562 3425 1635 τὴν
3467 1563 3632 1634 τιμήν

2050 1638 2342 1706 δείκνυσιν,
2366 1643 2434 1715 ἢν
2470 1642 2755 1714 μέλλουσιν
2789 1643 2932 1715 ἔχειν
2954 1646 3004 1697 οί
3024 1644 3222 1698 δίκαιοι
3244 1683 3259 1706 ,
3287 1644 3459 1713 λέγων
3483 1663 3496 1675 ·
3520 1646 3631 1698 Kal

2051 1723 2116 1776 τὸ
2149 1723 2329 1793 κρᾷια
2356 1724 2580 1780 ἔδωκεν
2608 1728 2801 1797 ἁγίοις
2830 1727 3146 1795 Ὑψίστου,
3172 1727 3273 1780 καὶ
3315 1727 3433 1797 τὴν
3453 1729 3635 1792 ,ϐασι-

2049 1807 2224 1861 λείαν
2248 1809 2549 1878 κατέσχον
2583 1812 2638 1862 οἱ
2666 1809 2839 1879 ἅγιοι.
2883 1811 2940 1863 '0
2971 1810 3029 1863 δὲ
3063 1809 3350 1881 Μαλαχίας
3371 1852 3384 1872 ,
3420 1811 3517 1864 καὶ
3551 1811 3633 1865 ὅτι

2049 1887 2137 1942 διά
2163 1890 2335 1962 πυρὸς
2384 1890 2536 1945 ἔσται
2587 1892 2651 1945 τὺ
2694 1891 3042 1963 δικαστήριον
3089 1892 3286 1955 ἐκεῖνο,
3331 1893 3631 1966 παρίστησι

2050 1970 2252 2041 λέγων’
2295 1973 2451 2029 Ἰδοὺ
2482 1974 2668 2041 αὐτὸς
2698 1976 3112 2043 είσπορεύεται
3147 1977 3228 2042 ὡς
3258 1977 3377 2045 πῦρ
3417 1994 3635 2045 χωνευ-

2050 2058 2279 2125 τηρίου,
2315 2057 2416 2113 καὶ
2453 2059 2534 2125 ὡς
2574 2060 2693 2112 πόα
2732 2061 3110 2113 πλυνόντων.
3156 2056 3310 2123 Εἶδες
3347 2059 3634 2130 ἀκρίϐειαν

2052 2139 2368 2211 προφητῶν,
2412 2141 2530 2205 πῶς
2560 2142 2776 2195 ἅπαντα
2801 2141 3165 2212 προλαϐόντες
3194 2143 3532 2213 ἀνεκήρυξαν
3564 2143 3634 2197 τά

2054 2223 2428 2294 συμϐήσεσθαι
2453 2223 2719 2295 μέλλοντα
2742 2241 2757 2289 ;
2778 2221 2904 2287 Πῶς
2923 2220 3016 2278 οῦν
3035 2224 3115 2278 ἔτι
3136 2225 3341 2297 τολμᾷς
3359 2228 3632 2289 ἀπιστεῖν,

2050 2307 2305 2373 τοιαύτας
2343 2307 2524 2363 λαϐὼν
2561 2306 2727 2361 αὐτοῦ
2758 2307 3062 2374 ἀποδείξεις
3085 2308 3185 2379 τῆς
3211 2308 3512 2379 δυνάμεως,
3538 2310 3634 2381 ρή-

2054 2407 2202 2463 ματα
2226 2392 2334 2463 πρὸ
2359 2391 2614 2445 τοσούτου
2650 2391 2845 2462 χρόνου
2879 2390 3324 2461 ἀναφωνηθέντα,
3358 2391 3453 2444 καὶ
3493 2392 3635 2461 πρά-

2051 2491 2240 2545 γματα
2291 2477 2403 2538 τοῖς
2436 2476 2645 2546 ῥήμασι
2685 2474 3049 2545 συμϐαίνοντα
3101 2473 3334 2544 βλέπων,
3358 2476 3452 2528 καὶ
3482 2474 3635 2528 οὐδὲν

2050 2557 2186 2622 ὅλως
2211 2558 2496 2623 διαπεσόν;
2517 2557 2627 2611 Καὶ
2654 2557 2818 2610 ὅτιού
2844 2556 3140 2628 πλάσματα
3166 2559 3409 2629 ήμέτερα
3430 2574 3637 2629 μαρτυ-

2054 2639 2239 2714 ροῦσιν
2272 2641 2324 2694 οί
2367 2640 2437 2695 τά
2480 2639 2658 2711 βιϐλία
2702 2640 2799 2693 καὶ
2839 2639 3047 2711 πρῶτοι
3086 2638 3369 2710 δεξάμενοι
3408 2641 3502 2693 καὶ
3538 2638 3636 2693 νῦν

2053 2723 2398 2794 κατέχοντες,
2424 2722 2609 2794 ἐχθροί
2643 2741 2703 2777 τε
2748 2721 2921 2787 ὄντες,
2950 2724 3044 2776 καὶ
3074 2722 3185 2777 τῶν
3209 2723 3635 2794 ἐσταυρωκότων

2052 2804 2287 2874 ἔκγονοι,
2325 2806 2420 2860 καὶ
2448 2804 2543 2859 νῦν
2577 2806 2716 2860 αὐτά
2754 2806 3077 2876 κατέχοντες
3105 2806 3200 2860 καὶ
3226 2805 3631 2877 διατηροῦντες.

2052 2889 2164 2942 Καὶ
2187 2888 2304 2952 πῶς
2333 2888 2396 2942 οὐ
2443 2889 2782 2955 πιστεύουσι,
2820 2890 2984 2961 φησὶν
3007 2930 3022 2955 ,
3052 2888 3268 2960 ἔχοντες
3299 2889 3368 2943 τά
3410 2888 3591 2960 βιϐλία
3616 2907 3632 2956 ;

2054 2971 2177 3027 Ὀτι
2208 2973 2303 3027 καὶ
2328 2972 2450 3026 τότε
2490 2965 3010 3044 θαυματουργοῦντα
3052 2971 3339 3042 βλέποντες
3367 2975 3469 3028 οὐκ
3516 2974 3637 3028 ἐπί-

2054 3072 2260 3109 στευον.
2295 3054 2458 3108 Ἀλλά
2482 3053 2644 3109 τοῦτο
2684 3057 2746 3109 οὐ
2775 3055 2870 3110 τοῦ
2909 3056 3314 3126 ἀπιστουμένου
3356 3056 3633 3130 ἔγκλημα,

2052 3137 2190 3193 ἀλλά
2229 3138 2339 3192 τῶν
2385 3138 2444 3192 ἐν
2478 3138 2796 3210 μεσημϐρίᾳ
2826 3138 2970 3212 μέσῃ
3015 3139 3434 3209 τυφλωττόντων
3457 3158 3472 3172 ο
3512 3143 3636 3197 ἐπεὶ

2051 3223 2145 3276 καὶ
2180 3220 2273 3275 τὸν
2298 3222 2501 3293 κόσμον
2538 3220 2727 3275 τοῦτον
2764 3222 2845 3285 είς
2893 3222 3055 3293 μέσον
3090 3221 3384 3294 προέθηκε,
3425 3241 3638 3296 παναρ-

2055 3305 2240 3375 μόνιον
2275 3304 2526 3376 ὄργανον,
2559 3305 2744 3375 φωνὰς
2775 3305 3112 3376 πανταχόθεν
3146 3304 3394 3374 ἀφιέντα,
3422 3307 3514 3360 καὶ
3540 3308 3638 3361 τὸν

2051 3388 2382 3460 δημιουργὸν
2410 3388 2884 3461 ἀνακηρύττοντα⁸
2918 3390 3014 3443 καὶ
3048 3389 3200 3459 ὅμως
3229 3390 3373 3454 τινὲς
3408 3390 3518 3446 τῶν
3541 3392 3637 3445 ἀν-

2053 3470 2287 3543 θρώπων
2316 3472 2452 3525 είσὶν
2480 3474 2527 3525 οἱ
2559 3471 2658 3543 μὲν
2693 3471 2976 3542 αὐτόματα
3013 3473 3190 3526 πάντα
3210 3472 3481 3542 λέγοντες,
3510 3476 3559 3528 οί
3575 3476 3635 3539 δέ

2052 3553 2323 3625 ἀγέννητα
2362 3553 2432 3607 τὰ
2458 3554 2739 3626 ὁρώμενα,
2763 3556 2812 3608 οἱ
2850 3555 2909 3609 δὲ
2948 3556 3194 3627 δαίμοσιν
3236 3557 3635 3628 ἐπιγράφοντες

2051 3639 2151 3708 τὴν
2175 3637 2382 3711 ,τούτων
2396 3637 2752 3710 δημιουργίαν
2782 3639 2878 3692 καὶ
2903 3637 3181 3711 πρόνοιαν,
3203 3638 3352 3693 ἄλλοι
3379 3639 3518 3714 τύχῃ
3540 3643 3635 3696 καὶ⁵

2052 3720 2393 3793 εἱμαρμένῃ,
2441 3721 2538 3775 καὶ
2588 3720 2836 3791 γενέσει,
2871 3721 2964 3776 καὶ
3013 3722 3230 3793 ἄστρων
3284 3726 3628 3793 περιφοραῖς.

2065 3806 2203 3859 Ἀλλ’
2227 3805 2439 3859 οὐδέπω
2462 3804 2621 3860 τοῦτο
2654 3808 2748 3860 τοῦ
2787 3806 3118 3880 δημιουργοῦ
3142 3807 3394 3880 ἔγκλημα
3413 3848 3426 3871 .
3457 3808 3572 3862 ἀλλ’
3598 3810 3633 3881 ή

2052 3889 2356 3962 κατηγορία
2398 3889 2508 3943 τῶν
2550 3888 2689 3960 μετά
2716 3890 2952 3944 τοσαῦτα
2991 3891 3260 3962 φάρμακα
3293 3892 3353 3945 ἐν
3376 3892 3634 3962 ἐσχάταις

2052 3972 2319 4044 κειμένων
2350 3972 2547 4037 νόσοις.
2580 3973 2791 4045 Ὥσπερ
2816 3972 2926 4042 γὰρ
2968 3973 3096 4026 ὅταν
3130 3972 3428 4044 εὐγνώμων
3532 3974 3635 4043 ψυ-

2051 4056 2145 4127 χὴ,
2176 4054 2238 4109 τὸ
2263 4055 2381 4110 δέον
2421 4056 2640 4127 συνορᾷ,
2667 4055 2728 4108 οὐ
2768 4054 2981 4109 πολλῶν
3016 4055 3239 4127 δεομένη
3272 4055 3635 4126 βοηθημάτων

2052 4141 2132 4203 είς
2155 4137 2345 4193 τοῦτο’
2369 4138 2513 4193 οὕτω
2527 4139 2590 4211 δὴ
2618 4139 2712 4193 καὶ
2729 4139 2857 4193 ὅταν
2876 4138 3147 4210 ἀγνώμων
3168 4139 3264 4193 καὶ
3284 4138 3631 4209 ἀναίσθητος,

2052 4220 2156 4276 κᾶν
2174 4221 2401 4293 μυρίους
2429 4220 2530 4295 ἔχῃ
2557 4223 2684 4287 τοὺς
2710 4221 3205 4294 χειραγωγοῦντας,
3223 4221 3634 4293 προκατειλημ-

2057 4303 2193 4376 μένη
2236 4304 2466 4370 πάθεσι,
2504 4305 2658 4374 μένει
2696 4304 3097 4374 τυφλώττουσα.
3129 4305 3271 4375 Ὅρα
3313 4302 3444 4373 γοῦν
3475 4302 3635 4357 τοῦτο

2053 4387 2329 4458 πανταχοῦ
2360 4387 2675 4458 συμϐαῖνον,
2697 4390 2799 4441 οὐκ
2821 4388 2912 4441 ἐπὶ
2945 4389 3043 4459 τῆς
3068 4386 3376 4451 ὑποθέσεως
3403 4387 3629 4459 ταύτης,

2053 4469 2190 4524 ἀλλὰ
2204 4469 2301 4524 καλ⁵
2327 4469 2580 4541 ἀλλαχοῦ.
2609 4471 2772 4525 Πόσοι
2790 4470 2921 4540 γοῦν
2951 4471 3132 4542 νόμων
3156 4472 3257 4526 οὐκ
3277 4470 3629 4535 ἀκούσαντες,

2056 4551 2426 4624 ἐννομώτατω
2443 4553 2751 4609 διετέλεσαν
2780 4554 3214 4628 ἐπιδεικνύμενοι
3244 4555 3554 4628 βίον;ἀλλοι
3575 4555 3632 4610 δὲ

2057 4635 2358 4708 ἐκπρώτης
2387 4637 2604 4709 ἡλικίας
2640 4638 2825 4704 αὐτοῖς
2861 4639 3260 4714 συντραφέντες
3295 4642 3375 4704 είς
3410 4639 3635 4710 ἔσχατον

2055 4721 2126 4793 γῆ
2135 4737 2231 4793 ρας
2244 4723 2359 4785 τοῖς
2389 4722 2597 4794 νόμοις,
2610 4724 2710 4778 οὐκ
2724 4723 3033 4779 ἐπαύσαντο
3052 4725 3251 4788 αὐτοὺς
3273 4741 3349 4777 πα
3357 4723 3632 4793 ραϐαίνον-

2054 4821 2165 4869 τες.
2180 4804 2368 4858 Ταῦτα
2388 4807 2483 4860 καὶ
2508 4808 2600 4861 ἐπὶ
2618 4807 2726 4863 τῶν
2746 4807 2990 4862 παλαιῶν
3014 4806 3310 4862 συνέϐαινε.
3326 4807 3438 4859 Καὶ
3461 4805 3570 4877 γὰρ
3584 4808 3637 4860 0'-

2061 4887 2160 4958 μὲν
2186 4887 2446 4954 Ἰουδαῖοι,
2465 4890 2560 4943 καὶ
2585 4890 2825 4962 σημείων
2837 4893 2930 4946 καὶ
2957 4891 3248 4963 θαυμάτων
3276 4889 3484 4961 μυρίων
3500 4890 3610 4944 ἀπο

2057 4970 2355 5036 λαύσαντες
2373 5011 2387 5034 ,
2415 4972 2516 5027 οὐκ
2541 4974 2788 5042 ἐγένοντο
2821 4975 3091 5046 βελτίους·
3127 4975 3405 5029 Νινευῖται
3424 4972 3482 5026 δέ
3507 4974 3634 5042 μιᾶς

2060 5055 2231 5126 μόνης
2262 5057 2444 5127 φωνῆς
2474 5057 2808 5124 ἀκούσαντες
2837 5059 3247 5129 μετεϐάλλοντο,
3278 5056 3371 5111 καὶ
3401 5058 3500 5125 τῆς
3533 5074 3637 5111 κα-

2057 5137 2183 5203 κίας
2213 5137 2362 5214 [574]
2387 5140 2805 5212 ἀπηλλάγησαν.
2833 5141 3002 5195 Τοῦτο
3030 5141 3122 5196 καὶ
3161 5141 3246 5194 ἐπ’
3280 5138 3489 5211 ἀνδρῶν
3536 5140 3636 5194 ἴδοι

2055 5239 2139 5286 τις
2177 5222 2243 5276 ἂν
2273 5223 2568 5295 συμϐαῖνον
2599 5224 2851 5291 εὐτελῶν,
2885 5226 2985 5279 οὐκ
3014 5225 3297 5294 ἐπισήμων
3325 5223 3503 5295 μόνον.
3535 5222 3639 5276 Πό-

2060 5321 2160 5375 σης
2208 5304 2556 5371 διδασκαλίας
2602 5308 2702 5362 οὐκ
2743 5307 3046 5362 ἀπέλαυσεν
3086 5306 3307 5372 Ἰούδας,
3350 5306 3445 5361 καὶ
3488 5307 3640 5377 ὅμως

2058 5386 2324 5458 προδότης
2354 5388 2600 5457 ἐγένετοί
2634 5390 2793 5455 ποίας
2824 5390 2881 5443 δέ
2921 5389 3294 5462 παραινέσεως
3334 5389 3640 5443 ἀπέλαυσεν

2059 5469 2089 5521 6
2120 5468 2343 5541 λῃστὴς,
2382 5470 2499 5523 ἀλλ’
2532 5473 2590 5524 ἐν
2621 5472 2839 5543 σταυρῷ
2867 5473 3027 5527 αὐτὸν
3051 5472 3390 5544 ὡμολόγησε,
3430 5474 3523 5527 καὶ
3539 5472 3641 5543 τὴν

2063 5550 2338 5621 βασιλείαν
2370 5554 2673 5625 ἀνεκήρυξε
2694 5555 2793 5625 τὴν
2818 5555 3047 5611 ἐκείνουῑ
3071 5555 3164 5626 Μὴ
3189 5556 3368 5610 τοίνυν
3398 5557 3507 5611 ἀπὸ
3529 5555 3640 5609 τῶν

2061 5633 2471 5706 διεφθαρμένων
2506 5637 2605 5702 τὰς
2640 5636 2865 5711 γνώμας
2910 5639 3010 5703 τάς
3061 5638 3272 5711 κρίσεις
3329 5645 3484 5695 ποιοῦ
3530 5637 3644 5694 τῶν

2066 5718 2425 5790 πραγμάτων,
2456 5720 2571 5775 ἀλλ’
2609 5721 2718 5775 ἀπὺ
2752 5723 2850 5794 τῆς
2886 5723 2994 5778 τῶν
3026 5725 3365 5797 πραγμάτων
3389 5720 3641 5794 ἀληθείας

2061 5803 2158 5872 τὴν
2195 5802 2575 5889 προσήκουσίν
2598 5806 2994 5887 ψῆφονέκφερε
3032 5808 3157 5880 περὶ
3180 5809 3285 5863 τῶν
3307 5805 3479 5878 ὀρθῶς
3513 5800 3637 5872 βου-
