4084 6186
424 297 527 353 ΒΞΟ

426 412 789 485 λευσαμένων.
813 413 927 467 Οὐκ
948 410 1272 464 ἐπίστευσαν
1297 413 1345 464 οἱ
1390 409 1647 474 Ἰουδαῖοι,
1674 410 1722 464 οἱ
1751 408 1809 474 ἐξ
1834 405 2002 461 ἐθνῶν

424 497 768 553 ἐπίστευσαν.
820 496 931 549 Kal
977 495 1098 547 οὐδὲ
1141 494 1300 546 τοῦτο
1344 494 1649 564 σεσίγηται,
1695 492 1808 546 ἀλλ’
1853 490 2006 544 ἔνθεν

428 581 529 655 μὲν
551 583 580 635 ὁ
602 577 765 635 Δαυῒδ
788 578 1148 650 προφητεύων
1177 579 1301 649 βοᾷ·
1348 578 1468 632 Υἱοὶ
1495 578 1797 645 ἀλλότριοι
1823 574 2006 645 ἐψεύ-

424 665 620 721 σαντό
632 680 728 733 με,
755 661 874 716 υἱοί
899 662 1203 730 ἀλλότριοι
1231 659 1719 729 ὲπαλαιώθησαν,
1748 659 1843 711 καὶ
1865 655 2009 727 ἐχώ-

426 753 623 805 λαναν
652 747 771 801 ἀπὸ
794 744 913 799 τῶν
944 746 1159 813 τρίϐων
1184 743 1416 799 αὐτῶν·
1442 745 1594 798 ἐνθεν
1626 744 1682 797 δὲ
1715 746 1743 798 ό
1783 741 2008 804 Ἡσαΐας

427 834 622 899 λέγων,
651 830 849 897 Κύριε,
872 829 962 894 τίς
991 828 1319 882 ἐπίστευσε
1351 826 1427 896 τῇ
1453 827 1605 896 ἀκοῇ
1630 826 1819 897 ἡμῶν,
1851 825 1951 879 καὶ
1976 827 2008 879 ό

427 916 697 985 βραχίων
741 913 963 980 Κυρίου
1016 911 1135 965 τίνι
1185 912 1623 981 ἀπεκαλύφθη;
1668 911 1778 966 Kal
1823 909 2007 972 πάλιν,

426 999 692 1066 Εὑρέθην
714 996 838 1062 τοῖς
860 995 965 1065 ἐμὲ
981 994 1068 1065 μὴ
1096 993 1397 1064 ζητοῦσιν,
1423 996 1698 1065 ἐμφανὴς
1717 995 2012 1064 ἐγενόμην

428 1082 553 1149 τοῖς
582 1080 688 1150 ἐμὲ
713 1080 800 1150 μὴ
833 1078 1188 1148 ἐπερωτῶσι.
1226 1080 1337 1133 Kal
1366 1082 1422 1133 ἐν
1455 1081 1589 1152 αὐτῇ
1619 1079 1676 1132 δέ
1705 1081 1771 1150 τῇ
1800 1095 2010 1150 παρου-

430 1165 521 1238 σίᾳ
564 1164 729 1219 αὐτοῦ
780 1162 1063 1218 Χαναναία
1099 1165 1193 1218 καὶ
1222 1165 1555 1236 Σαμαρεῖτις
1585 1163 1723 1234 γυνὴ
1761 1163 2013 1217 ἐπίστευ-

430 1263 560 1304 σαν’
599 1251 763 1320 ἰερεῖς
804 1249 862 1302 δὲ
907 1248 1004 1300 καὶ
1032 1246 1295 1319 ἄρχοντες
1336 1249 1638 1319 ἐπολέμουν
1666 1250 1760 1303 καὶ
1782 1246 2012 1303 ἐπεϐού-

428 1333 607 1397 λευον,
633 1333 727 1386 καὶ
758 1333 884 1395 τοὺς
913 1331 1106 1395 ἄλλους
1130 1332 1394 1402 ἀπεῖργον
1427 1333 1523 1384 καὶ
1551 1332 2012 1400 ἀποσυναγώγους

430 1416 648 1470 ἐποίουν
671 1414 1023 1478 πιστεύοντας
1050 1417 1129 1476 εἰς
1152 1414 1335 1470 αὐτόν.
1360 1414 1541 1486 Μηδὲν
1560 1414 1740 1469 τοίνυν
1762 1414 2014 1481 ξενιζέτω

433 1517 491 1552 σε
522 1500 714 1553 ταῦτα.
741 1497 958 1552 Πολλῶν
989 1496 1370 1568 ἐμπέπλησται
1393 1498 1649 1552 τοιούτων
1681 1498 2014 1568 ὑποδειγμάοο

430 1601 538 1636 των
570 1584 598 1636 ὁ
625 1582 740 1653 βίος
772 1581 931 1653 ἡμῶν
965 1581 1059 1635 καὶ
1089 1581 1146 1633 ἐν
1172 1580 1250 1651 τῷ
1284 1581 1406 1635 καθ’
1441 1583 1589 1652 ἡμᾶς
1612 1582 1812 1654 χρόνῳ,
1842 1582 1937 1636 καὶ⁸
1956 1581 2015 1635 ἐν

430 1670 543 1731 τοῖς
572 1666 883 1737 ἔμπροσθεν
910 1660 1060 1719 οὖσιν
1081 1681 1094 1694 ·
1129 1664 1306 1729 ἄλλως
1332 1665 1410 1731 δὲ,
1457 1668 1508 1720 εἰ
1550 1666 1645 1719 καὶ
1677 1666 1751 1738 μὴ
1792 1666 2012 1731 πάντες,

431 1750 568 1805 ἀλλά
604 1751 790 1804 πολλοὶ
815 1751 910 1803 καὶ
944 1750 1002 1816 ἐξ
1037 1749 1306 1804 Ἰουδαίων
1354 1751 1449 1804 καὶ
1488 1750 1610 1804 τότε
1651 1753 1744 1805 καὶ
1773 1750 1869 1805 νῦν
1898 1750 2018 1805 ἐπί-

433 1853 693 1889 στευσαν·
734 1835 865 1889 εἰδὲ
902 1834 976 1907 μὴ
1017 1834 1238 1899 πάντες,
1278 1835 1430 1888 ούδέν
1469 1836 1654 1889 καινὸν
1681 1835 1804 1889 οὐδὲ
1837 1830 2018 1907 παρά·-

431 1920 580 1987 δοξον
599 1968 609 1978 .
630 1921 878 1975 Τοιοῦτον
897 1920 1005 1992 γάρ
1033 1921 1066 1991 ἡ
1088 1919 1473 1991 ἀγνωμοσύνη,
1497 1919 1737 1974 τοιοῦτον
1759 1919 1792 1991 ὴ
1832 1919 2018 1988 ἀλόγι-

433 2020 557 2067 στος
579 2004 806 2067 διάνοια,
828 2000 1067 2058 τοιοῦτον
1086 2005 1120 2074 ἡ
1142 2004 1246 2056 ὑπὸ
1274 2003 1463 2057 παθῶν
1488 2002 1835 2076 κρατουμένη
1851 2002 2016 2073 ψυχή.

521 2084 660 2140 Ἀλλ’
692 2087 879 2156 ἐπειδὴ
902 2087 1001 2150 τὰς
1028 2088 1157 2158 περὶ
1185 2086 1350 2140 αὑτοῦ
1378 2087 1715 2158 προφητείας
1743 2087 1894 2157 παρά
1910 2085 2022 2139 τῶν

433 2171 731 2243 προφητῶν
756 2171 1076 2243 εἰρημένας,
1100 2172 1195 2224 καὶ
1228 2171 1332 2241 πρὸ
1355 2170 1626 2224 τοσούτων
1655 2170 1862 2240 χρόνων
1890 2171 2020 2224 ἀνα-

434 2254 803 2327 κηρυχθείσας
858 2255 1183 2325 εἰρήκαμεν,
1220 2253 1355 2323 φέρε
1417 2253 1511 2308 καὶ
1551 2253 1652 2318 τὰς
1691 2254 1782 2308 ὑπ’
1833 2252 2019 2320 αὐτοῦ,

434 2340 601 2410 ἡνίκα
629 2337 939 2410 περιεπόλει
977 2338 1078 2409 τὴν
1116 2336 1221 2407 γῆν
1247 2338 1340 2390 καὶ
1377 2335 1490 2401 τοῖς
1535 2335 1843 2410 ἀνθρώποις
1895 2355 2022 2392 συν-

435 2422 820 2494 ανεστρέφετο,
870 2421 1000 2493 περὶ
1044 2420 1347 2492 μελλόντων
1381 2420 1684 2491 εἰρημένας
1719 2423 1800 2485 εἰς
1859 2421 2023 2493 μέσον

437 2506 756 2578 ἀγάγωμεν,
814 2505 902 2559 ἵνα
949 2504 1243 2559 κάντεῦθεν
1297 2504 1465 2558 αὐτοῦ
1500 2504 1679 2577 μάθῃς
1708 2505 1809 2576 τὴν
1844 2505 2018 2576 ἰσχύν.

440 2590 892 2662 Παραγενόμενος
951 2589 1059 2661 γάρ
1118 2587 1260 2653 τότε,
1297 2587 1392 2641 καὶ
1426 2587 1525 2659 τὴν
1561 2587 1670 2641 τῶν
1720 2588 2023 2660 ἀνθρώπων

438 2674 963 2746 πραγματευόμενος
1021 2672 1316 2742 σωτηρίαν,
1351 2670 1458 2725 τῶν
1500 2688 1560 2725 τε
1612 2671 1733 2725 κατ’
1782 2673 2024 2738 ἐκείνους

437 2757 606 2811 όντων
635 2758 761 2816 τοὺς
804 2756 1048 2827 χρόνους,
1088 2754 1198 2808 τῶν
1228 2771 1287 2809 τε
1323 2754 1548 2826 ὕστερον
1585 2755 1880 2827 ἐσομένων,
1912 2774 2026 2811 ποι-

440 2841 606 2903 κίλως
635 2839 806 2911 αὐτὴν
847 2839 1238 2910 μεταχειρίζει,
1274 2839 1384 2892 Kal
1435 2838 1540 2911 ὅρα
1582 2840 1638 2893 τί
1685 2841 1849 2895 ποιεῖ.
1878 2840 2023 2894 Θαύ-

443 2941 591 2993 ματα
636 2922 952 2994 ἐργάζεται,
1004 2923 1100 2976 καὶ
1155 2920 1413 2993 προλέγει
1465 2922 1589 2976 τινὰ
1639 2923 1749 2978 τῶν
1790 2926 2025 2997 μακροῖς

442 3006 669 3079 ὕστερον
703 3007 915 3078 χρόνοις
948 3004 1358 3076 ἐκϐησομένων,
1388 3006 1475 3061 διὰ
1516 3007 1616 3076 μὲν
1653 3007 1763 3062 τῶν
1790 3008 1912 3062 τότε
1941 3026 2027 3078 γι-

440 3090 681 3161 νομένων
720 3088 818 3163 τήν
856 3090 1115 3162 ἀλήθειαν
1144 3089 1255 3145 τῶν
1286 3089 1424 3160 μετὰ
1447 3089 1616 3144 πολὺν
1641 3091 1834 3162 χρόνον
1860 3092 2027 3164 ἐκϐη-

443 3172 684 3244 σομένων
708 3171 1055 3243 ἐγγυώμενος
1082 3172 1235 3245 παρά
1263 3176 1374 3238 τοῖς
1406 3173 1530 3227 τότε
1563 3173 1884 3246 ἀκροαταῖς,
1912 3178 2027 3241 τοῖς

440 3274 499 3310 τε
526 3256 661 3328 μετά
689 3256 861 3310 ταῦτα
885 3256 1164 3327 ἐσομένοις
1192 3258 1258 3310 ἐκ
1282 3257 1391 3311 τῶν
1415 3257 1721 3330 εἰρημένων
1748 3259 2027 3314 ἐκϐάσεων

441 3339 729 3407 ἀξιόπιστα
755 3339 971 3403 δεικνὺς
1004 3338 1099 3392 καὶ
1128 3338 1197 3392 τὰ
1228 3340 1287 3393 ἐν
1325 3340 1520 3410 ἐκείνῳ
1552 3340 1628 3412 τῷ
1661 3341 1838 3414 χρόνῳ
1863 3359 2024 3412 γεγε-

440 3422 649 3495 νημένα
671 3421 946 3493 θαύματα,
977 3423 1072 3476 καὶ
1100 3421 1209 3475 ἀπὸ
1229 3423 1328 3493 τῆς
1357 3423 1552 3494 διπλῆς
1579 3423 1785 3496 ταύτης
1814 3425 2030 3480 ἀποδεί-

443 3507 578 3572 ξεως
611 3510 706 3561 καὶ
723 3507 792 3560 τά
814 3508 941 3578 περὶ
965 3506 1068 3576 τῆς
1101 3506 1379 3575 βασιλείας
1413 3509 1792 3579 πιστούμενος.

516 3592 603 3647 ιϐ’.
625 3591 734 3645 Kal
754 3591 864 3662 γὰρ
888 3590 1076 3643 διπλαῖ
1094 3590 1260 3644 αὐτοῦ
1280 3593 1337 3644 αἰ
1359 3593 1655 3665 πορῤήσεις
1670 3589 1830 3665 ἦσαν,
1850 3596 1905 3648 αἰ
1930 3596 2028 3667 μὲν

443 3676 587 3730 κατά
611 3675 704 3728 τὸν
746 3674 990 3744 παρόντα
1023 3674 1358 3743 ἐκϐήσεσθαι
1393 3676 1682 3745 μέλλουσαι
1711 3678 1845 3747 βίον.
1877 3684 1932 3733 αἱ
1969 3681 2027 3736 δὲ

447 3756 585 3828 μετὰ
614 3756 716 3826 τὴν
750 3756 1061 3810 συντέλειαν
1083 3757 1280 3828 αὐτήν·
1317 3759 1412 3811 καὶ
1433 3757 1638 3827 θατέρα
1666 3760 1765 3832 τήν
1792 3760 2029 3835 θατέραν

446 3841 669 3912 συνίστη
729 3840 824 3894 καὶ
872 3839 1083 3895 ἐδείκνυ
1126 3842 1265 3912 μετά
1302 3842 1506 3912 πολλῆς
1563 3843 1664 3914 τῆς
1713 3846 2029 3918 περιουσίας

444 3922 836 3994 ἀληθεύουσαν.
863 3918 988 3978 Οῖὸν
1005 3942 1060 3977 τι
1084 3924 1229 3994 λέγω
1245 3942 1260 3957 ·
1285 3925 1380 3978 καὶ
1409 3925 1519 3997 γάρ
1543 3926 1760 3999 ἀσαφὴς
1787 3929 1813 3981 ό
1849 3929 2025 3998 λόγος,

443 4006 524 4060 διδ
547 4007 641 4061 καὶ
685 4007 1023 4081 σαφέστερον
1062 4008 1229 4063 αὐτὸν
1270 4011 1494 4080 ποιῆσαι
1526 4011 1860 4082 πειράσομαι
1882 4030 1897 4045 ο
1926 4012 2030 4066 δώ-

443 4091 576 4145 δεκα
618 4085 759 4162 ἦσαν
796 4091 1054 4162 ἑπόμενοι
1082 4090 1232 4162 αύτῷ
1282 4092 1558 4164 μαθηταί⁹
1605 4094 1939 4167 Ἑκκλησίας
1971 4095 2030 4151 δὲ

445 4175 678 4246 πρᾶγμα
719 4175 842 4228 οὐδὲ
879 4176 959 4239 εἰς
996 4172 1120 4228 νοῦν
1158 4192 1243 4239 τις
1276 4175 1551 4246 ἐλάμϐανε
1588 4177 1729 4242 τότε,
1758 4178 1874 4232 ἀλλ’
1906 4178 2027 4233 οὐδὲ

443 4258 614 4329 ὄνομα
632 4273 646 4290 ·
677 4258 710 4328 ἡ
738 4257 847 4329 γὰρ
882 4257 1174 4327 συναγωγὴ
1200 4254 1267 4329 ἦν
1299 4259 1537 4314 ἀνθοῦσα
1558 4260 1657 4317 ἐτι.
1693 4261 1760 4314 Τί
1785 4259 1880 4317 οὖν
1907 4256 2028 4317 εἰπε

445 4342 540 4395 καὶ
578 4339 932 4412 προεφώνησε
973 4342 1072 4412 τῆς
1097 4342 1428 4413 οἰκουμένης
1460 4344 1644 4415 σχεδὸν
1683 4344 1902 4418 ἀπάσης
1921 4345 2029 4400 ὑπὸ

444 4423 700 4487 ἀσεϐείας
723 4423 1128 4495 κατεχομένης;
1166 4424 1289 4478 Ἐπὶ
1319 4427 1506 4494 ταύτῃ
1543 4426 1620 4496 τῇ
1654 4427 1843 4497 πέτρᾳ
1871 4431 2031 4484 οίκο-

443 4506 691 4575 δεμήσω
709 4523 829 4575 μου
859 4507 975 4577 τὴν
1016 4508 1399 4577 Ἐκκλησίαν,
1435 4509 1537 4563 καὶ
1572 4512 1760 4565 πύλαι
1786 4511 1935 4579 ᾅδου
1956 4514 2030 4585 οὐ

444 4589 935 4659 κατισχύσουσιν
965 4590 1177 4660 αὐτῆς.
1232 4593 1317 4656 Ὡς
1352 4592 1532 4662 βούλει
1575 4593 1734 4647 τοῦτο
1771 4594 2027 4665 βασάνιζε

444 4675 508 4727 τὸ
535 4674 708 4745 ῥῆμα,
759 4672 856 4727 καὶ
901 4673 1023 4744 ὄψει
1073 4675 1488 4747 διαλάμπουσαν
1524 4675 1678 4749 [575]
1717 4678 1882 4731 αὐτοῦ
1929 4680 2029 4751 τὴν

445 4756 726 4829 ἀλήθειαν.
756 4758 830 4812 Οὐ
861 4756 971 4829 γάρ
999 4757 1065 4829 δὴ
1102 4757 1261 4811 τοῦτο
1317 4759 1629 4831 θαυμαστόν
1681 4762 1798 4813 ἐστι
1846 4762 2026 4832 μόνον,

445 4842 526 4896 ὅτι
557 4840 908 4913 ᾠκοδόμησεν
936 4842 1107 4911 αὐτὴν
1134 4841 1276 4895 κατά
1307 4844 1406 4914 τὴν
1434 4843 1759 4914 οἰκουμένην
1788 4844 2027 4912 ἅπασαν,

446 4926 560 4980 ἀλλ’
597 4926 679 4980 ὅτι
732 4927 825 4979 καὶ
866 4925 1165 4996 ἀχείρωτον
1228 4926 1544 4997 εἰργάσατο,
1587 4928 1682 4982 καὶ
1734 4929 2029 5001 ἀχείρωτον

446 5011 551 5065 ύπδ
590 5008 866 5065 τοσούτων
895 5008 1288 5081 ἐνοχλουμένην
1328 5010 1618 5082 πολέμωνσ
1657 5012 1720 5065 τὸ
1752 5013 1880 5085 γὰρ,
1910 5014 2029 5068 Πύ-

442 5099 545 5150 λαι
571 5094 723 5163 ᾅδου
755 5095 828 5148 ού
856 5095 1341 5162 κατισχύσουσιν
1369 5093 1583 5163 αὐτῆς,
1622 5096 1855 5152 κίνδυνοί
1882 5098 2030 5152 ἐστιν

448 5181 528 5242 εἰς
560 5178 695 5250 ᾅδην
735 5176 1088 5246 κατάγοντες.
1143 5172 1297 5242 Εἶδες
1342 5179 1701 5250 προρρήσεως
1730 5180 2024 5252 ἀλήθειαν;

448 5260 588 5326 εἶδες
613 5261 895 5324 ἐκϐάσεως
931 5259 1119 5331 ἰσχύν;
1152 5255 1290 5324 εἶδες
1332 5262 1555 5332 ῥήματα
1587 5264 1679 5315 ἐπὶ
1727 5263 1835 5317 τῶν
1882 5281 2029 5336 πρα-

447 5346 674 5416 γμάτων
722 5345 1120 5415 διαλάμποντα,
1172 5345 1268 5417 καὶ
1320 5344 1552 5415 δύναμιν
1613 5347 1824 5418 ἄμαχον
1855 5348 2031 5401 πάντα

449 5430 708 5484 ποιοῦσαν
734 5430 998 5495 εύκόλως;
1027 5430 1119 5499 Μὴ
1150 5428 1260 5502 γὰρ
1287 5429 1474 5502 ἐπειδὴ
1502 5429 1657 5502 ῥῆμά
1687 5431 1804 5485 ἐστι
1833 5430 2027 5503 βραχὺ,

446 5512 529 5576 τὸ,
564 5513 954 5584 Οἰκοδομήσω
994 5532 1111 5584 μου
1144 5514 1262 5579 τὴν
1311 5516 1700 5583 Ἐκκλησίαν,
1750 5516 2033 5589 παραδρά-

451 5610 559 5671 μῃς
585 5595 792 5660 ἁπλῶς,
827 5597 940 5650 ἀλλ’
974 5596 1282 5664 ἀνάπτυξον
1330 5601 1396 5669 τῇ
1448 5598 1676 5670 διανοίᾳ,
1726 5600 1821 5651 καὶ
1854 5599 2033 5667 ἐννόη-

451 5697 544 5733 σον
573 5679 760 5750 ἡλίκον
792 5681 910 5733 ἐστὶ
931 5681 1030 5751 τὴν
1060 5683 1149 5751 ὑφ’
1182 5682 1317 5753 ἡλίῳ
1346 5681 1607 5753 κειμένην
1652 5682 1870 5736 ἃπασαν
1904 5683 2028 5735 Ἐκ-

452 5764 689 5830 αλησιῶν
718 5765 775 5815 ἐν
809 5764 983 5833 χρόνῳ
1020 5764 1214 5835 βραχεῖ
1244 5765 1507 5822 τοσούτων
1562 5766 1863 5838 ἐμπλῆσαι,
1896 5767 2021 5839 ἔθνη

1120 293 1176 350 S.
1215 291 1500 349 JOANNIS
1538 287 2027 347 CIIRYSOSTOMI
2072 287 2391 344 ARCHIEP.
2434 287 2988 346 CONSTANTINOP.

2115 405 2428 477 μεταθεῖναι
2460 405 2717 470 τοσαῦτα.
2756 410 3084 478 μεταπεῖσαι
3120 406 3356 479 δήμους,
3384 406 3483 479 ἔθη
3523 426 3692 464 κατα-

2104 487 2552 562 λῦσαι-πατρῷα,
2596 489 2885 562 συνήθειαν
2916 478 3312 562 ’ἐρριζωμένην
3355 478 3689 560 ἀνασπάσαι,

2105 556 2304 644 ἡδονῆξ
2330 556 2643 645 τυραννίδα,
2679 556 2876 638 κακίας
2914 556 3067 644 ἰσχῦν
3095 556 3283 647 ὥσπερ
3309 575 3457 629 κόνιν
3484 556 3680 631 ἀπελάλ

2110 674 2221 719 σαι,
2246 658 2336 710 καί
2361 657 2579 728 βωμοὺς
2607 658 2703 712 καὶ
2718 660 2881 721 ναοὺς
2900 658 2993 712 καὶ
3026 657 3188 722 ξόανα
3210 658 3305 711 καὶ
3330 658 3575 724 τελετάς,
3598 661 3693 715 καὶ

2108 738 2208 802 τάς
2236 740 2451 807 ἐναγεῖς
2482 740 2697 812 ἐορτάς,
2738 738 2833 793 καὶ
2861 740 2959 795 τὴν
2974 739 3282 811 ἀκάθαρτον
3327 741 3555 796 κνίσσαν
3586 742 3694 796 ῶσ-

2110 839 2217 892 περ
2242 823 2448 876 καπνόν
2464 839 2583 877 τινα
2605 822 2883 892 ἀφανίσαι,
2910 827 3003 878 καὶ
3031 824 3306 895 πανταχοῦ
3331 825 3693 898 θυσιαστήρια

2113 905 2440 976 ἀναστῆσαι,
2472 907 2530 961 ἐν
2546 909 2612 977 τῇ
2647 905 2934 976 Ῥωμαίων
2967 906 3142 978 χώρᾳ,
3175 910 3233 961 ἐν
3259 911 3326 979 τῇ
3356 910 3611 981 Περσῶν,
3634 911 3693 964 ἐν

2110 992 2177 1059 τῇ
2213 989 2460 1054 Σκυθῶν,
2489 990 2549 1044 ἐν
2586 993 2652 1062 τῇ
2685 990 2946 1061 Μαύρων,
2979 991 3038 1044 ἐν
3063 994 3129 1062 τῇ
3178 991 3384 1045 Ἰνδῶν·
3412 994 3467 1047 τί
3515 994 3691 1064 λέγω;

2115 1072 2258 1143 ὑπὲρ
2310 1074 2412 1146 τὴν
2454 1074 2785 1143 οἰκουμένην
2832 1073 2933 1144 τὴν
2976 1073 3098 1127 καθ’
3127 1076 3295 1145 ἡμᾶς.
3333 1076 3443 1129 Kal
3475 1075 3584 1148 γὰρ
3636 1079 3692 1130 αἰ

2113 1156 2441 1227 Βρετανικαὶ
2486 1157 2659 1229 νῆσοι,
2696 1159 2751 1211 αἰ
2803 1157 2904 1226 τῆς
2934 1157 3204 1229 θαλάττης
3250 1158 3407 1222 ἐκτὸς
3443 1161 3694 1231 κείμεναι

2114 1239 2337 1312 ταύτης,
2375 1243 2468 1295 καὶ
2518 1243 2577 1295 ἐν
2622 1239 2771 1312 αὐτῷ
2815 1238 2970 1295 οῦσαι
3018 1242 3096 1313 τῷ
3122 1242 3373 1316 ὠκεανῷ,
3401 1244 3504 1314 τῆς
3533 1244 3697 1299 δυνά-

2118 1340 2265 1394 μεως
2296 1323 2389 1376 τοῦ
2424 1325 2670 1396 ῥήματος
2696 1323 2957 1396 ᾔσθοντοο
2991 1327 3084 1379 καὶ
3112 1324 3222 1399 γάρ
3263 1328 3425 1381 κάκεῖ
3472 1327 3697 1396 Ἐκκλη-

2118 1406 2232 1460 σίαι
2263 1408 2357 1461 καὶ
2392 1407 2755 1480 θυσιαστήρια
2800 1410 3133 1482 πεπήγασιν.
3178 1413 3384 1465 Ἐκεῖνο
3413 1411 3475 1465 τὸ
3521 1412 3695 1482 ῥῆμα,

2117 1489 2255 1562 ὅπερ
2300 1491 2606 1562 ἐφθέγξατο
2633 1494 2776 1557 τότε,
2808 1492 2969 1547 τοῦτο
3005 1496 3063 1548 ἐν
3089 1497 3212 1559 ταῖς
3241 1496 3497 1550 ἁπάντων
3528 1496 3699 1566 πεφύ-

2117 1589 2306 1628 τευται
2333 1574 2553 1646 ψυχαῖς,
2587 1577 2646 1629 ἐν
2665 1578 2779 1640 τοῖς
2801 1577 3057 1631 ἁπάντων
3097 1577 3328 1649 στόμασι
3357 1581 3555 1633 κεῖται.
3587 1578 3699 1632 Καὶ

2120 1659 2291 1723 πᾶσα,
2320 1660 2397 1724 ὡς
2426 1661 2621 1725 εἰπεῖν,
2654 1661 2687 1731 ἡ
2714 1661 2786 1730 γῆ
2825 1661 3165 1734 ἐξεκαθάρθη
3205 1662 3458 1718 ἀκανθῶν
3489 1663 3701 1735 πεπλη-

2123 1743 2362 1815 ρωμένη,
2376 1744 2471 1797 καὶ
2489 1743 2709 1814 καθαρά
2730 1745 2953 1814 γέγονεν
2965 1747 3193 1819 ἄρουρα,
3213 1747 3389 1802 καὶτὰ
3408 1747 3703 1820 σπέρματα

2119 1826 2221 1897 τῆς
2250 1827 2533 1891 εὐσεϐείας
2574 1828 2813 1894 ἐδέξατο.
2848 1830 3007 1899 Μέγα
3049 1831 3150 1901 μὲν
3186 1827 3298 1895 οὖν,
3330 1832 3501 1896 ὅντως
3534 1832 3699 1903 μέγα,

2126 1912 2329 1983 μᾶλλον
2358 1912 2415 1965 δὲ
2445 1913 2712 1984 μεγέθους
2751 1913 3060 1986 ὑπερϐολὴν
3102 1913 3198 1969 καί
3245 1916 3395 1981 θείας
3422 1916 3702 1987 δυνάμεως

2124 1995 2398 2062 ἀπόδειξιν
2431 1996 2575 2068 έχον,
2598 1997 2661 2051 τὸ
2702 1998 2795 2051 καὶ
2833 1998 3059 2070 μηδενὸς
3086 2000 3450 2072 ἐνοχλοῦντος,
3482 2001 3597 2056 ἀλλ’
3623 2003 3706 2055 εἰ·-

2128 2083 2298 2154 ρὴνης
2332 2080 2521 2152 οὔσης,
2561 2082 2658 2137 καὶ
2690 2082 2904 2138 πολλῶν
2945 2083 3056 2138 τῶν
3100 2086 3561 2157 συμπραττόντων
3589 2104 3705 2140 κει*

2129 2165 2328 2235 μένων,
2357 2165 2771 2236 ἐναντιουμένου
2796 2165 2854 2219 δὲ
2881 2166 3130 2238 μηδενὸς,
3157 2168 3455 2240 δυνηθῆναι
3502 2171 3703 2224 τοσαύ-

2125 2265 2225 2321 την
2260 2249 2585 2321 οἰκουμένην
2610 2249 2805 2321 ἀθρόον
2835 2250 3143 2316 ἀπαλλάξαι
3175 2253 3273 2324 μὲν
3302 2253 3403 2324 τῆς
3435 2255 3494 2307 ἐν
3515 2252 3705 2307 τοσού-

2124 2348 2202 2402 τῳ
2257 2332 2435 2404 χρόνῳ
2488 2332 2994 2404 προκατειληφυως
3037 2335 3211 2407 αὐτὴν
3285 2338 3531 2408 πονηρᾶς
3576 2354 3704 2391 συν-

2124 2413 2333 2485 ηθείας,
2362 2413 2672 2485 μεταθεῖναι
2695 2415 2752 2468 δέ
2781 2419 2862 2480 εἰς
2899 2417 3091 2489 ἑτέραν
3113 2420 3247 2474 πολὺ
3273 2418 3703 2492 δυσκολωτέραν.

2127 2500 2202 2552 UO
2238 2498 2348 2571 γᾲρ
2372 2498 2632 2571 συνηθείᾳ
2669 2499 2829 2571 μόνον
2852 2501 3193 2571 ἠναντιοῦτο,
3225 2501 3362 2556 ἀλλά
3391 2502 3485 2557 καὶ
3515 2503 3708 2575 ἡδονὴν

2126 2584 2366 2652 κατεῖχε,
2396 2582 2489 2635 δύο
2522 2583 2821 2655 τυραννικά
2859 2586 3180 2657 πράγματα.
3214 2588 3281 2639 Ἀ
3304 2587 3411 2660 γὰρ
3440 2588 3547 2641 ἀπὸ
3584 2587 3710 2641 πολ-

2126 2666 2233 2720 λῶν
2255 2665 2388 2720 ἐτῶν
2409 2666 2563 2739 παρὰ
2593 2668 2843 2739 πατέρων
2872 2670 2966 2724 καὶ
2989 2671 3230 2725 πάππων
3250 2672 3346 2725 καὶ
3372 2665 3709 2727 ὲπιπάππων

2126 2751 2223 2805 xal
2254 2750 2364 2803 τῶν
2389 2751 2649 2823 ἀνωτέρω
2683 2755 2986 2823 προγόνων,
3018 2756 3112 2809 καὶ
3139 2755 3444 2827 φιλοσόφων
3484 2757 3579 2811 καὶ
3609 2760 3709 2830 ρη-

2125 2835 2300 2907 τόρων
2364 2830 2505 2907 ἦσαν
2555 2837 2975 2909 παρειληφότες,
3016 2839 3191 2894 ταῦτα
3247 2839 3529 2894 ἐπείθοντο
3576 2841 3712 2895 ἀπο-

2130 2918 2320 2974 πτύειν
2336 2935 2351 2952 ·
2378 2920 2581 2991 καίπερ
2596 2917 2663 2993 ἦν
2679 2918 3108 2990 δυσκολώτατον,
3132 2925 3226 2978 καὶ
3252 2925 3443 2997 ἑτέραν
3459 2926 3710 2996 δέχεσθαι

2130 3003 2417 3076 συνήθειαν
2454 3004 2649 3074 καινὴν
2692 3006 3136 3074 ἐπεισελθοῦσαν,
3162 3008 3343 3062 καὶτὸ
3364 3009 3429 3082 δὴ
3470 3010 3713 3082 χαλεπώ-

2126 3105 2307 3160 τερον,
2329 3090 2462 3144 πολὺ
2487 3090 2546 3143 τὺ
2570 3089 2827 3145 ἐπίπονον
2844 3090 3093 3163 ἔχουσαν.
3121 3093 3327 3164 Ἀπῆγε
3350 3094 3458 3166 γὰρ
3476 3096 3708 3166 τρυφῆς,

2128 3174 2222 3228 καὶ
2248 3173 2444 3244 ἐνῆγεν
2470 3174 2551 3237 εἰς
2578 3174 2860 3243 νηστείανο
2891 3175 3072 3246 ἀπῆγε
3117 3176 3572 3250 φιλοχρηματίας,
3618 3174 3712 3232 καὶ

2130 3257 2325 3328 ἐνῆγεν
2378 3259 2461 3321 εἰς
2504 3257 2932 3330 ἀκτημοσύνην·
2982 3259 3197 3330 ἀπῆγεν
3246 3261 3555 3331 ἀσελγείας,
3617 3265 3714 3318 καὶ

2128 3341 2322 3412 ἐνῆγεν
2345 3341 2426 3406 εἰς
2450 3340 2832 3412 σωφροσύνην’
2858 3341 3040 3414 ἀπῆγε
3070 3341 3262 3413 θυμοῦ,
3285 3345 3381 3397 καὶ
3410 3345 3601 3415 ἐνῆγεν
3631 3348 3714 3412 είς

2130 3425 2414 3496 πραότητα
2434 3439 2449 3454 ο
2480 3425 2659 3497 ἀπῆγε
2688 3424 2908 3495 φθόνου,
2936 3426 3247 3501 καίηένῆγεν
3272 3429 3353 3492 εἰς
3394 3428 3714 3500 φιλοφροσύο

2129 3526 2228 3581 νην
2250 3526 2263 3539 ·
2298 3508 2479 3579 ἀπῆγε
2519 3509 2618 3579 τῆς
2645 3507 2910 3573 πλατείας
2958 3510 3079 3565 ὁδοῦ
3115 3512 3210 3566 καὶ
3248 3512 3582 3585 εὐρυχώρου,
3617 3515 3713 3567 καὶ

2130 3590 2326 3662 ἐνῆγεν
2348 3592 2428 3654 εἰς
2452 3590 2554 3662 τὴν
2584 3592 2778 3663 στενὴν
2797 3593 2890 3645 καὶ
2909 3593 3277 3668 τεθλιμμένην
3327 3599 3422 3652 καὶ
3474 3599 3714 3671 ἀπόκρηο

2134 3692 2285 3745 μνον,
2325 3675 2420 3728 καὶ
2443 3674 2642 3749 ἐνῆγεν
2670 3675 2746 3739 ὡς
2775 3676 3085 3748 τραφέντας
3112 3682 3179 3751 τῇ
3209 3680 3456 3753 πλατείᾳ.
3493 3683 3568 3737 Οὐ
3602 3683 3711 3754 γάρ

2129 3757 2193 3830 δὴ
2224 3756 2417 3819 ἄλλους
2445 3756 2765 3830 ἀνθρώπους
2789 3758 2968 3814 λαϐὼν
3012 3759 3116 3826 ἔξω
3145 3763 3246 3834 τῆς
3272 3764 3593 3838 οἰκουμένης
3614 3768 3713 3822 καὶ

2129 3842 2231 3912 τῆς
2261 3841 2552 3914 συνηθείας
2579 3841 2805 3912 ταύτης,
2843 3841 2957 3897 ἀλλ’
2997 3845 3196 3910 αὐτοὺς
3230 3847 3473 3913 ἐκείνους
3501 3852 3626 3915 τοὺς
3650 3852 3712 3905 ἐν

2129 3924 2341 3987 τούτοις
2373 3925 2795 3989 κατασαπέντας
2826 3927 2920 3980 καὶ
2954 3927 3128 3999 πηλοῦ
3172 3931 3503 4002 γενομένους
3540 3934 3714 4004 μάλα·

2131 4007 2427 4079 κωτέρους,
2458 4007 2682 4072 τούτους
2714 4009 2969 4063 ἐκέλευσε
3012 4010 3109 4083 τήν
3144 4015 3335 4085 στενὴν
3373 4016 3468 4069 καὶ
3492 4017 3717 4088 τεθλιμ-

2134 4090 2302 4161 μένην
2342 4089 2548 4144 ὁδεύειν
2583 4091 2724 4155 ὁδὸν,
2769 4093 2870 4163 τὴν
2913 4097 3171 4165 τραχεῖαν
3203 4096 3298 4150 καί⁵
3329 4097 3593 4170 σκληρὰν,
3621 4100 3719 4154 καὶ

2130 4173 2336 4230 ἔπειθε.
2365 4175 2478 4229 Kal
2491 4175 2696 4240 πόσους
2716 4174 2933 4231 ἔπειθεν
2954 4195 2968 4244 ;
2999 4179 3060 4232 ού
3086 4177 3180 4233 δύο
3198 4180 3292 4234 καὶ
3315 4180 3446 4235 δέκα
3467 4182 3719 4237 καὶείκο·

2133 4274 2187 4310 σι
2214 4257 2307 4311 καὶ
2327 4257 2546 4324 ἐκατὺν,
2576 4259 2714 4315 ἀλλά
2738 4261 2951 4326 πάντας
2976 4263 3160 4333 σχεδὸν
3181 4265 3308 4328 τοὺς
3334 4264 3433 4337 τὴν
3460 4266 3717 4339 ὑφ’ῆλιον

2131 4340 2433 4404 οἰκοῦντας.
2466 4344 2577 4396 Καὶ
2612 4343 2702 4397 διὰ
2751 4343 2911 4399 τίνων
2936 4343 3157 4414 Emme;
3187 4346 3275 4400 διὰ
3308 4348 3609 4421 ἀνθρώπων
3640 4351 3720 4404 ἐν·

2130 4424 2287 4490 δεκα,
2343 4425 2753 4498 ἀγραμμάτων,
2805 4427 3051 4494 ἰδιωτῶν,
3098 4429 3413 4498 ἀγλώττων,
3462 4432 3716 4504 ἀσήμων,

2134 4508 2402 4580 πενήτων,
2433 4510 2495 4564 ού
2529 4510 2796 4582 πατρίδας
2820 4511 3074 4582 ἐχόντων,
3107 4513 3259 4588 [576]
3296 4517 3358 4569 οὐ
3400 4520 3720 4588 περιουσίας

2133 4593 2454 4665 χρημάτων,
2499 4595 2561 4649 ού
2611 4596 2862 4669 σώματος
2901 4597 3150 4671 δύναμιν,
3199 4602 3260 4655 οὐ
3304 4602 3464 4672 δόξης
3492 4605 3721 4676 περιφά-

2133 4693 2311 4740 νειαν,
2341 4677 2402 4730 οὐ
2437 4678 2721 4748 προγόνων
2758 4679 3141 4759 λαμπρότητα,
3195 4685 3257 4738 οὐ
3304 4686 3480 4755 λόγων
3542 4690 3717 4759 ἰσχὺν,

2133 4759 2194 4812 ού
2217 4760 2502 4830 ῥητορείας
2529 4756 2835 4835 δεινότητα,
2860 4765 2919 4817 ού
2942 4765 3041 4837 τὴν
3067 4767 3174 4821 ἀπὸ
3199 4767 3453 4837 γνώσεως
3480 4756 3723 4842 προστα-

2136 4841 2275 4907 σίαν,
2298 4840 2443 4896 ἀλλὰ
2466 4843 2680 4912 ἀλιέων,
2712 4850 3073 4917 σκηνοποιῶν,
3109 4840 3549 4922 ἐτερογλώσσων.
3587 4853 3723 4909 υύδέ

2133 4927 2241 4997 γὰρ
2270 4926 2541 4997 ὁμόφωνοι
2564 4931 2674 4992 τοῖς
2702 4931 3045 5001 πειθομένοις
3067 4929 3229 5006 ἦσαν,
3252 4936 3390 4990 ἀλλά
3416 4937 3574 5009 ξένην
3596 4937 3721 4993 τινά

2134 5011 2229 5063 καὶ
2255 5009 2719 5083 παρηλλαγμένην
2749 5013 2898 5086 παρά
2932 5017 3114 5082 πάσας
3136 5018 3237 5083 τὰς
3256 5018 3500 5087 γλώττας
3519 5038 3717 5091 κεκτη-

2138 5092 2288 5163 μένοι
2314 5093 2517 5165 φωνὴν,
2553 5095 2653 5165 τὴν
2682 5096 2937 5168 Ἑϐραῖδα
2963 5100 3125 5170 λέγω,
3158 5102 3254 5156 καί
3280 5100 3347 5155 δι’
3376 5102 3556 5157 αὐτῶν
3574 5103 3719 5174 ᾠκοο

2132 5175 2337 5248 δόμησε
2360 5177 2460 5250 τὴν
2490 5177 2818 5249 Ἐκκλησίαν
2848 5181 3071 5255 ταύτην,
3097 5184 3198 5257 τήν
3232 5185 3342 5239 ἀπὸ
3363 5185 3617 5258 περάτων
3639 5186 3719 5246 εἰς

2135 5260 2350 5331 πέρατα
2387 5262 2710 5333 τεταμένην.

2209 5342 2422 5410 ιγ’.Καὶ
2456 5343 2517 5396 οῦ
2548 5343 2707 5398 τοῦτο
2738 5345 2900 5417 μόνον
2927 5348 3047 5402 ἐστὶ
3068 5348 3130 5403 τὸ
3145 5348 3477 5422 θαυμαστὸν,
3501 5349 3619 5404 ἀλλ’
3638 5350 3725 5404 ὅτι

2134 5428 2182 5479 οἰ
2217 5426 2425 5480 ἰδιῶται
2450 5426 2513 5499 δὴ
2543 5422 2687 5482 οὗτοι
2716 5431 2810 5484 καὶ
2832 5432 3062 5503 πένητες
3077 5435 3172 5487 καὶ
3192 5434 3363 5503 ὀλίγοι
3392 5433 3488 5487 καὶ
3514 5434 3716 5505 ἄσημοι

2135 5512 2230 5564 καὶ
2274 5511 2632 5584 ἀγράμματοι
2682 5514 2778 5568 καὶ
2830 5517 3070 5581 εὐτελεῖς
3104 5518 3201 5572 καὶ
3244 5518 3572 5590 ἐτερόφωνοι
3623 5515 3717 5570 καὶ

2136 5597 2627 5670 εὐκαταφρόνητοι,
2664 5600 2763 5671 τῆς
2810 5602 3137 5677 οἰκουμένης
3174 5603 3395 5675 ἀπάσης
3426 5602 3525 5675 τὴν
3571 5602 3716 5672 διόρ-

2137 5680 2302 5735 θωσιν
2330 5682 2781 5755 ἐγχειρισθέντες,
2806 5685 2900 5739 καὶ
2922 5686 3017 5739 ἐπὶ
3039 5685 3109 5739 τὰ
3133 5686 3312 5759 πολλῷ
3340 5685 3717 5757 δυσκολώτερα

2138 5766 2442 5839 πράγματα
2476 5767 2628 5838 ἄγειν
2648 5769 2829 5844 αὐτὴν
2856 5770 3261 5839 κελευσθέντες,
3302 5771 3416 5826 εύδέ
3436 5773 3490 5827 ἐν
3516 5771 3715 5843 εἰρήνῃ
