4084 6186
409 271 510 328 829

405 397 656 467 amplexi.
689 396 802 452 Non
837 397 1178 452 crediderunt
1204 395 1406 463 Judazi,
1438 396 1777 452 crediderunt
1804 394 1986 452 Genti-

407 492 503 546 les.
531 488 680 557 Quod
713 489 882 557 ipsum
911 504 1016 543 non
1047 488 1260 544 silentio
1291 489 1705 558 praetermissum
1733 499 1814 544 est
1849 507 1860 542 :
1894 489 1986 542 scd

409 579 568 636 David
597 579 807 648 quidem
837 579 965 633 dicit
996 598 1007 632 :
1035 577 1157 632 Filii
1183 580 1334 633 alieni
1363 581 1555 633 mentiti
1579 591 1692 633 sunt
1718 581 1860 645 milii,
1894 579 1990 648 ﬁlii

406 671 559 724 alieni
587 671 847 722 inveterati
891 679 1004 724 sunt
1026 712 1040 735 ,
1086 679 1132 723 et
1156 670 1562 724 claudicaverunt
1594 687 1625 723 a
1659 672 1846 724 semitis
1884 671 1988 723 suis

408 762 578 830 (Psal.
616 761 702 814 17.
733 761 826 830 46)
859 777 871 812 :
906 759 1121 813 Hesaias
1149 774 1276 814 vero
1311 778 1325 815 :
1356 759 1594 826 Domine,
1626 761 1736 830 quis
1776 761 1986 813 credidit

407 852 600 903 amiitui
633 859 802 903 nostro
821 891 835 910 ,
883 859 928 903 et
967 850 1224 904 brachium
1254 849 1458 904 Domini
1502 853 1585 904 cui
1614 851 1886 905 revelatum
1914 862 1984 906 est

395 934 604 1006 (llesai.
629 933 717 988 53.
735 935 788 1002 1)
806 934 829 987 ?
847 932 911 988 Et
929 949 1148 989 rursum
1175 952 1190 990 :
1216 933 1463 992 Inventus
1481 953 1596 992 sum
1619 939 1682 992 ab
1707 941 1774 995 iis
1791 935 1880 1012 qui
1895 960 1974 998 me

394 1044 496 1080 non
524 1023 828 1096 quaerebant
859 1041 878 1079 :
897 1025 1206 1093 conspicuus
1232 1025 1408 1095 factus
1421 1045 1537 1082 sum
1566 1030 1630 1084 iis
1647 1034 1737 1102 qui
1763 1049 1843 1089 me
1868 1052 1972 1092 non

392 1120 785 1188 interrogabant
818 1119 1025 1188 (Hesai.
1057 1120 1145 1175 65.
1175 1122 1248 1187 l).
1283 1123 1460 1193 Atque
1491 1127 1542 1178 in
1571 1124 1690 1195 ipso
1715 1128 1834 1197 ejus
1871 1133 1970 1187 ad-

404 1219 564 1264 ventu
591 1209 887 1265 Chananzea
918 1217 974 1265 et
997 1210 1326 1267 Samaritana
1368 1215 1560 1269 mulier
1601 1216 1980 1270 crediderunt:

404 1298 708 1353 sacerdotes
756 1307 932 1353 autem
981 1309 1034 1355 et
1081 1302 1348 1372 principes
1406 1304 1604 1358 bellum
1659 1305 1983 1375 insidiasque

405 1389 696 1457 parabant,
741 1388 976 1458 aliosque
1002 1391 1278 1461 abigebant
1302 1435 1316 1459 ,
1344 1402 1398 1448 et
1434 1409 1499 1448 ex
1527 1409 1790 1465 synagoga
1822 1397 1982 1464 pelle-

402 1481 530 1534 bant
553 1495 685 1547 eos,
723 1482 812 1550 qui
855 1482 907 1535 in
957 1483 1128 1552 ipsum
1171 1485 1468 1540 crederent.
1515 1486 1592 1541 Ne
1621 1487 1779 1556 igitur
1806 1497 1856 1543 te
1883 1489 1981 1543 ista

404 1571 763 1626 conturbent:
794 1573 977 1628 multis
1024 1574 1325 1644 hujusmodi
1371 1578 1630 1646 exemplis
1677 1581 1829 1648 plena
1874 1580 1982 1634 vita

405 1672 584 1716 nostra
605 1673 687 1718 est
709 1703 724 1729 ,
755 1672 863 1718 tum
891 1675 1074 1721 nostro
1102 1676 1209 1721 tum
1239 1670 1508 1737 praeterito
1536 1679 1791 1741 tempore.
1833 1673 1979 1727 Alio-

400 1753 527 1821 quin
568 1769 696 1808 vero
717 1797 732 1820 ,
767 1754 814 1808 si
853 1770 958 1809 non
997 1772 1217 1823 omnes,
1263 1759 1410 1813 multi
1442 1769 1588 1816 certe
1616 1777 1680 1816 ex
1707 1761 1904 1817 Iudaeis
1927 1771 1982 1818 et

403 1854 526 1899 tunc
570 1856 624 1900 et
665 1857 848 1902 nostro
893 1858 1130 1919 tempore
1169 1851 1530 1908 crediderunt.
1583 1853 1731 1922 Quod
1775 1855 1820 1908 si
1875 1871 1979 1909 non

402 1951 586 1991 omnes
629 1938 759 1991 nihil
793 1955 922 1994 sane
963 1955 1158 1995 novum
1188 1950 1279 1996 aut
1306 1943 1549 1999 mirabile
1580 1963 1593 1999 :
1625 1946 1745 2000 talis
1785 1947 1980 2016 quippe

400 2037 482 2082 est
508 2029 742 2098 ingratus
768 2031 975 2084 animus
994 2073 1009 2099 ,
1051 2033 1167 2087 talis
1195 2049 1346 2089 mens
1385 2037 1590 2092 ratione
1617 2052 1780 2092 vacua
1801 2079 1818 2107 ,
1862 2040 1979 2094 talis

400 2118 570 2172 anima
601 2118 753 2174 malis
781 2120 1055 2176 affectibus
1084 2133 1360 2192 occupata.

470 2207 828 2266 Praedictiones
853 2229 885 2265 a
908 2213 1106 2268 Christo
1130 2217 1345 2284 prolata:
1367 2219 1475 2289 ejus
1509 2221 1782 2288 potentiam
1812 2232 1979 2277 osten-

397 2298 540 2354 dunt.
566 2329 636 2341 —
673 2301 938 2358 Caeterum
965 2307 1086 2374 quia
1117 2308 1422 2376 prophetias
1450 2310 1518 2365 de
1561 2311 1771 2367 Christo
1817 2315 1977 2368 tantis

395 2399 548 2444 antea
578 2393 904 2462 temporibus
923 2410 953 2449 a
980 2396 1252 2466 prophetis
1277 2398 1578 2456 enuntiatas
1608 2404 1926 2471 protulimus
1958 2423 1971 2457 :

395 2496 493 2552 age
515 2483 565 2538 in
587 2486 820 2540 medium
846 2489 1130 2546 aderamus
1149 2506 1261 2560 eas,
1284 2509 1402 2564 quae
1431 2494 1497 2550 de
1519 2496 1606 2549 illo
1632 2512 1752 2551 cum
1782 2508 1973 2554 terram

395 2573 660 2643 circuiret,
683 2586 870 2640 etcum
889 2579 1192 2636 hominibus
1216 2597 1621 2642 conversaretur
1640 2588 1794 2643 editae
1812 2600 1935 2645 sunt
1959 2609 1973 2647 :

397 2673 455 2718 ut
486 2664 608 2720 hinc
635 2668 794 2722 etiam
818 2669 934 2739 ejus
980 2675 1267 2741 potentiam
1292 2676 1515 2732 ediscas.
1566 2678 1695 2733 Cum
1723 2682 1972 2738 advenis-

393 2764 476 2809 set
498 2756 690 2826 igitur,
721 2768 776 2814 et
804 2762 988 2817 salutis
1020 2763 1291 2820 hominum
1314 2768 1580 2837 negotium
1609 2783 1828 2840 ageret,
1860 2781 1970 2828 tum

394 2859 577 2900 eorum
597 2889 612 2913 ,
644 2849 732 2918 qui
766 2859 888 2907 tunc
918 2853 970 2907 in
991 2854 1153 2922 vivis,
1182 2863 1291 2911 tum
1318 2859 1475 2912 etiam
1501 2875 1708 2925 eorum,
1739 2865 1830 2933 qui
1851 2872 1972 2934 post

394 2936 554 2991 futuri
601 2950 776 3007 erant,
831 2944 990 2998 variis
1033 2945 1175 3001 illam
1215 2949 1388 3004 modis
1429 2954 1763 3020 procurabat.
1817 2955 1966 3023 Vide,

394 3044 612 3098 quaeso,
675 3033 802 3102 quid
858 3035 1033 3089 faciat.
1111 3038 1357 3095 Miracula
1405 3043 1555 3111 edit,
1615 3053 1669 3100 et
1721 3046 1964 3113 quaedam

390 3120 628 3188 prtedicit
667 3123 837 3194 longis
879 3137 1062 3196 postea
1104 3133 1431 3201 temporibus
1456 3145 1710 3192 eventura
1731 3180 1746 3203 ,
1778 3153 1841 3193 ac
1873 3157 1968 3209 per

395 3226 458 3265 ea
486 3229 604 3282 quze
633 3225 756 3271 tunc
783 3218 978 3274 fiebant
999 3259 1015 3285 ,
1047 3223 1110 3277 iis
1133 3241 1252 3292 quae
1282 3225 1371 3280 diu
1399 3237 1579 3296 postea
1618 3229 1790 3285 futura
1819 3244 1970 3289 erant

389 3303 720 3362 auditoribus
768 3313 1116 3378 praesentibus
1156 3315 1311 3371 fidem
1353 3317 1554 3374 faciens
1585 3339 1598 3376 :
1628 3320 1815 3377 futuris
1839 3340 1971 3394 quo-

389 3407 490 3462 que
527 3410 594 3450 ex
626 3407 817 3454 eventu
847 3405 1246 3471 praedictionum
1278 3409 1551 3467 credibilia
1595 3413 1826 3470 reddens
1865 3415 1968 3470 mi-

388 3487 562 3541 racula
616 3490 707 3546 illo
759 3501 1000 3564 tempore
1045 3499 1186 3554 edita
1235 3519 1249 3556 :
1296 3510 1456 3572 atque
1503 3520 1569 3559 ex
1618 3505 1717 3561 hac
1769 3508 1969 3577 duplici

387 3578 839 3642 demonstratione
880 3589 1037 3646 ﬁdem
1077 3592 1278 3650 faciens
1322 3595 1422 3662 iis,
1469 3613 1587 3668 quae
1636 3599 1702 3654 ad
1745 3616 1966 3673 regnum

387 3673 743 3738 pertinebant.

457 3763 545 3818 l2.
573 3765 708 3821 Nam
736 3769 975 3839 duplices
1010 3787 1163 3830 erant
1192 3777 1308 3847 ejus
1334 3779 1734 3849 przedictiones,
1785 3793 1840 3840 et
1884 3784 1967 3841 hee

383 3853 598 3922 quidem
639 3857 690 3911 in
729 3864 978 3928 prmsenti
1016 3865 1123 3920 vita
1167 3877 1437 3924 eventura:
1477 3881 1662 3940 erant,
1708 3874 1812 3930 illa:
1840 3891 1967 3932 vero

383 3954 506 4012 post
550 3947 716 4016 ipsam
764 3957 1275 4013 consummationem
1309 3961 1533 4032 aliaeque
1573 3963 1798 4019 aliarum
1825 3967 1965 4022 veri-

381 4044 544 4090 tatem
594 4038 891 4098 luculenter
934 4051 1441 4105 commonstrabant.
1496 4054 1737 4124 Exempli
1781 4071 1958 4124 causa,

383 4140 506 4180 nam
533 4127 813 4185 obscurum
844 4133 1041 4190 dictum
1081 4138 1294 4206 planum
1323 4141 1497 4197 facere
1520 4151 1758 4214 satagam
1783 4164 1797 4212 ;
1828 4147 1963 4202 duo-

380 4215 553 4272 decim
584 4219 752 4289 ipsum
783 4223 1024 4296 discipuli
1070 4230 1429 4299 sequebantur
1456 4251 1469 4286 :
1499 4234 1790 4291 Ecclesium
1835 4253 1962 4294 vero

380 4323 540 4364 nemo
567 4313 651 4367 vel
679 4329 737 4368 re
765 4316 847 4369 vel
876 4319 1088 4374 nomine
1127 4330 1328 4376 tantum
1358 4336 1577 4382 noverat
1601 4346 1614 4382 :
1646 4343 1766 4382 nam
1794 4329 1964 4400 Syna-

377 4416 510 4472 goga
542 4403 761 4461 florebat
792 4408 983 4465 adhuc.
1041 4411 1175 4480 Quid
1207 4415 1366 4484 igitur
1407 4419 1568 4484 dixit,
1602 4431 1654 4476 et
1683 4423 1812 4476 orbe
1853 4424 1964 4479 fere

379 4501 492 4548 toto
513 4495 564 4549 in
592 4497 859 4565 impietate
879 4501 1094 4558 detento
1122 4509 1402 4574 praedixit?
1428 4511 1596 4580 Super
1618 4514 1749 4568 lianc
1769 4526 1964 4584 petram

373 4585 639 4676 aediﬁcabo
665 4587 943 4646 Ecclesium
973 4611 1167 4662 meam,
1199 4607 1245 4651 et
1273 4609 1433 4667 portae
1465 4602 1614 4673 inferi
1643 4621 1743 4658 non
1768 4621 1962 4676 prteva-

375 4675 548 4731 lelmnt
585 4679 824 4735 adversus
865 4699 976 4737 eam
1023 4685 1235 4755 (Matth.
1269 4689 1355 4744 16.
1385 4691 1500 4761 18).
1556 4675 1809 4750 Examina
1859 4695 1962 4752 hoc

374 4767 576 4824 dictum
603 4772 822 4838 utlibet,
845 4781 899 4828 et
915 4777 1193 4833 veritatem
1221 4779 1335 4850 ejus
1355 4782 1704 4852 refulgentem
1732 4786 1957 4842 videbis.

378 4858 492 4914 Non
519 4863 662 4916 enim
689 4864 816 4920 illud
865 4867 1038 4922 solum
1084 4871 1359 4941 mirabile,
1404 4875 1545 4943 quod
1583 4890 1700 4931 eam
1745 4877 1798 4932 in
1843 4879 1962 4933 uni-

375 4964 534 5007 verso
566 4955 694 5010 orbe
733 4958 1106 5026 aediﬁcaverit,
1155 4961 1251 5018 sed
1294 4965 1434 5033 quod
1474 4966 1721 5023 invictam
1753 4967 1958 5035 fecerit,

376 5054 428 5095 et
457 5053 532 5098 tot
553 5046 802 5115 agitatam
832 5048 985 5105 bellis
1010 5052 1280 5109 invictam.
1309 5055 1442 5110 lllud
1467 5057 1606 5111 enim
1639 5077 1652 5113 :
1685 5057 1858 5114 Porta:
1881 5063 1962 5114 in-

294 5164 311 5180 .
375 5134 471 5201 feri
497 5152 599 5189 non
625 5140 968 5207 praevalebunt
991 5143 1228 5199 adversus
1257 5162 1395 5214 eam,
1429 5149 1664 5216 pericula
1691 5159 1816 5205 sunt
1842 5167 1961 5222 quae

375 5223 425 5276 iu
470 5225 738 5282 infernum
767 5229 1056 5286 deducunt.
1111 5233 1354 5290 Vidistin‘
1379 5239 1739 5308 praedictionis
1763 5244 1961 5296 verita-

377 5315 527 5368 tem?
588 5317 834 5373 Vidistin’
857 5331 1080 5378 eventus
1121 5326 1321 5381 robur?
1352 5328 1590 5384 Vidistin'
1615 5331 1776 5386 verba
1801 5333 1962 5388 rebus

377 5405 505 5473 ipsis
540 5406 772 5463 lucentia
799 5450 812 5474 ,
839 5421 894 5466 et
917 5413 1022 5466 vim
1050 5414 1457 5486 insuperabilem
1487 5422 1665 5476 omnia
1693 5422 1837 5477 nullo
1863 5439 1960 5478 ne-

375 5499 520 5563 gotio
567 5498 889 5557 facientem?
939 5503 1050 5559 Etsi
1077 5509 1219 5563 enim
1265 5509 1427 5566 breve
1454 5511 1652 5567 dictum
1694 5514 1765 5568 sit
1811 5515 1958 5582 illud,

372 5588 672 5658 AEdi/icabo
700 5594 980 5650 Ecclesiam
1001 5616 1193 5668 meam,
1222 5618 1290 5658 ne
1318 5603 1627 5676 simpliciter
1655 5618 1959 5677 praetereas,

375 5684 469 5738 sed
500 5682 554 5739 in
595 5697 774 5742 mente
807 5689 1019 5747 revolve
1045 5731 1064 5760 ,
1110 5703 1165 5748 et
1200 5697 1371 5768 cogita
1414 5710 1668 5769 quantum
1695 5701 1764 5758 sit
1795 5711 1960 5758 totum

942 273 1212 330 CONTRA
1253 271 1530 329 JUDAZOS
1571 274 1656 329 ET
1697 274 2058 343 GENTlLES,
2101 275 2282 344 QUOD
2321 277 2656 336 CHRISTUS
2695 281 2798 334 SIT
2837 281 3038 338 DhUS.

3577 280 3681 336 85'.)

2099 393 2283 450 orbem
2332 406 2438 450 tam
2467 398 2609 452 brevi
2643 406 2881 469 tempore
2913 397 3164 454 Ecclesiis
3193 397 3484 469 replevisse
3505 443 3517 462 ,
3557 409 3675 451 tan-

2096 494 2175 539 tas
2191 488 2516 542 convertisse
2542 498 2746 558 gentes,
2766 488 2973 558 populis
2989 489 3340 557 persuasisse,
3361 498 3421 544 ut
3441 497 3676 557 paternis

2095 575 2280 629 solutis
2311 577 2511 646 legibus
2557 578 2843 633 radicatam
2883 579 3324 634 consuetudinem
3357 579 3670 647 evellerent,

2094 667 2380 737 voluptatis
2425 670 2795 740 tyrannidem,
2841 671 3090 739 nequitia:
3133 672 3238 726 vim
3267 685 3363 724 seu
3405 671 3673 739 pulverem

2093 757 2379 834 ejicerent,
2414 775 2533 814 aras
2555 802 2570 826 ,
2613 761 2808 830 templa
2835 803 2849 826 ,
2883 761 3021 815 idola
3048 803 3062 825 ,
3093 759 3342 832 mysteria
3371 802 3384 824 ,
3422 761 3670 830 profanas

2091 849 2497 917 solemnitates,
2549 851 2924 919 impurumque
2967 851 3232 915 nidorem,
3275 851 3422 919 quasi
3469 849 3672 904 fumum

2093 941 2371 1010 quemdam
2402 941 2677 1007 delerent;
2711 942 2904 1011 ubique
2941 942 3126 996 altaria
3157 943 3477 1005 excitarent,
3506 942 3558 994 in
3586 958 3671 997 re-

2089 1033 2247 1103 gione
2268 1031 2648 1098 Romanorum,
2672 1032 3318 1102 Persarum,Scytharum,
3345 1031 3669 1098 Maurorum,

2093 1123 2337 1178 Indorum
2365 1140 2379 1177 :
2407 1122 2532 1192 quid
2560 1122 2718 1177 dico?
2741 1123 2822 1176 vel
2848 1133 2998 1176 extra
3027 1123 3210 1176 orbem
3248 1131 3505 1176 nostrum.
3538 1121 3667 1176 Nam

2090 1223 2145 1267 ct
2170 1214 2482 1267 Britannica:
2513 1213 2728 1279 insulsa,
2775 1227 2892 1282 quae
2928 1223 3075 1267 extra
3109 1213 3208 1267 hoc
3237 1228 3382 1266 mare
3408 1213 3523 1267 sitcc
3548 1223 3669 1268 sunt

2089 1312 2144 1358 ct
2186 1304 2236 1357 in
2286 1305 2401 1372 ipso
2429 1303 2642 1358 Oceano
2662 1343 2676 1368 ,
2714 1303 2819 1356 vim
2865 1302 3012 1356 verbi
3042 1313 3322 1357 senserunt
3351 1322 3365 1356 :
3394 1304 3500 1357 illic
3527 1303 3668 1358 enim

2089 1394 2342 1449 Ecclesiae
2367 1403 2420 1448 et
2447 1395 2630 1448 altaria
2652 1401 2832 1448 erecta
2861 1392 3036 1448 fuere.
3067 1393 3300 1448 Verbum
3339 1394 3465 1447 illud
3486 1435 3501 1458 ,
3529 1394 3669 1463 quod

2088 1492 2214 1539 tunc
2239 1485 2328 1539 ille
2354 1485 2604 1553 protulit,
2636 1485 2688 1538 in
2731 1483 2968 1538 omnium
3012 1483 3204 1538 animis
3245 1484 3535 1552 plantatum
3563 1491 3666 1547 est,

2087 1591 2182 1646 per
2207 1577 2443 1631 omnium
2473 1591 2566 1631 ora
2595 1574 2763 1630 fertur
2795 1593 2808 1628 :
2846 1584 2900 1629 et
2927 1583 3065 1629 terra
3087 1617 3102 1641 ,
3130 1584 3188 1628 ut
3216 1575 3284 1628 ita
3314 1575 3486 1628 dicam
3512 1615 3525 1636 ,
3552 1573 3670 1628 uui-

2086 1681 2260 1733 versa,
2287 1667 2451 1735 spinis
2471 1666 2673 1736 repleta
2690 1664 2973 1721 emundata
2999 1675 3100 1730 est,
3125 1679 3249 1734 ager
3272 1679 3432 1733 purus
3453 1663 3669 1718 effectus

2087 1767 2188 1823 est,
2213 1757 2528 1826 pietatisque
2551 1757 2754 1811 semina
2785 1756 3036 1825 suscepit.
3083 1755 3269 1824 Magna
3301 1769 3428 1808 sane
3449 1770 3534 1808 res
3562 1764 3665 1818 est,

2088 1862 2299 1915 magna,
2331 1847 2542 1917 inquam
2562 1887 2577 1913 ,
2609 1847 2716 1901 imo
2742 1861 2966 1901 summae
2994 1845 3373 1915 magnitudinis
3394 1852 3448 1898 et
3473 1845 3666 1899 divinze

2086 1937 2296 1992 virtutis
2322 1945 2686 2006 argumentum
2723 1955 2736 1992 :
2761 1937 2973 1991 nemine
3001 1937 3183 1991 turbas
3208 1945 3456 1990 movente
3474 1946 3502 2002 ,'
3536 1950 3668 2003 pace

2087 2042 2292 2083 summa
2312 2069 2327 2091 ,
2361 2027 2486 2082 licet
2523 2027 2680 2082 multi
2705 2026 3088 2082 conturbarent
3112 2035 3166 2080 et
3192 2041 3349 2080 nemo
3376 2025 3667 2080 reluctare-

2086 2127 2171 2172 tur
2191 2158 2207 2184 ,
2255 2118 2486 2187 potuisse
2529 2125 2734 2178 tantum
2763 2118 2946 2172 orbem
2985 2117 3263 2172 confestim
3289 2131 3318 2169 a
3349 2131 3507 2186 prava
3537 2116 3666 2170 tanti

2087 2190 2340 2276 temporis
2383 2208 2769 2262 consuetudine
2816 2207 3067 2272 liberari,
3114 2207 3164 2259 in
3195 2207 3353 2260 aliam
3381 2221 3507 2260 vero
3533 2220 3665 2259 con-

2081 2299 2413 2355 suetudinem
2449 2299 2606 2370 longe
2625 2298 2974 2354 difficiliorem
2999 2297 3217 2352 traduci.
3259 2297 3438 2366 Neque
3462 2306 3666 2350 tantum

2081 2394 2412 2452 consuetudo
2437 2393 2843 2458 adversabatur,
2876 2391 2970 2446 sed
2997 2393 3156 2446 etiam
3187 2391 3430 2460 voluptas
3455 2390 3667 2445 deliine.

2082 2488 2204 2554 bat,
2251 2487 2358 2540 duo
2408 2486 2669 2556 tyrannici
2713 2485 2938 2540 obices:
2973 2499 3094 2538 nam
3137 2500 3256 2554 qua:
3302 2499 3332 2536 a
3378 2484 3664 2537 multorum

2079 2595 2338 2634 annorum
2378 2577 2642 2632 curriculo
2665 2593 2696 2633 a
2723 2577 2958 2646 patribus
2980 2617 2994 2641 ,
3022 2575 3134 2630 avis
3159 2617 3172 2640 ,
3201 2576 3382 2630 abavis
3401 2617 3416 2640 ,
3446 2576 3663 2643 majori-

2080 2671 2178 2726 bus
2201 2712 2217 2738 ,
2250 2671 2581 2741 philosophis
2600 2678 2655 2725 et
2675 2670 2978 2725 rhetoribus
3005 2677 3354 2738 acceperant,
3386 2684 3449 2724 ea
3476 2683 3664 2738 reSpu-

2079 2777 2191 2827 ere,
2223 2776 2340 2831 quas
2368 2776 2455 2816 res
2483 2759 2765 2814 admodum
2799 2758 3027 2813 difficilis
3052 2767 3167 2813 erat
3191 2798 3204 2822 ,
3234 2757 3582 2824 docebantur,
3610 2766 3664 2812 et

2079 2866 2268 2905 novam
2293 2851 2532 2919 accipere
2564 2849 3002 2904 consuetudinem
3027 2890 3040 2914 ,
3084 2863 3308 2918 eamque
3333 2889 3346 2913 ,
3377 2847 3518 2917 quod
3541 2863 3664 2916 gra-

2079 2944 2194 2998 vius
2229 2953 2384 3010 erat,
2418 2941 2570 2996 valde
2598 2942 2787 2996 duram
2814 2950 2869 2996 et
2893 2942 3196 2996 molestam.
3244 2941 3480 2996 Abduxit
3508 2955 3539 2994 a
3565 2956 3661 2995 vo-

2079 3037 2314 3106 luptate,
2361 3044 2416 3090 et
2444 3034 2649 3088 induxit
2692 3033 2746 3088 in
2792 3033 3052 3103 jejunium
3083 3051 3095 3086 :
3128 3033 3348 3088 abduxit
3387 3034 3454 3088 ab
3478 3048 3661 3088 amore

2077 3129 2454 3200 pecuniarum,
2503 3137 2558 3182 et
2594 3126 2798 3182 induxit
2835 3128 2887 3180 iu
2937 3135 3332 3196 paupertatem;
3383 3125 3658 3180 abduxita

2077 3218 2290 3273 lascivia
2311 3259 2326 3285 ,
2366 3227 2421 3273 et
2445 3216 2649 3271 induxit
2675 3216 2727 3270 in
2759 3216 3158 3286 temperantiam
3184 3231 3197 3268 :
3221 3215 3525 3270 abduxitab
3554 3217 3655 3279 ira,-

2074 3317 2129 3364 et
2155 3308 2360 3362 induxit
2387 3309 2440 3362 in
2466 3307 2928 3362 mansuetudinem
2961 3324 2973 3358 :
3007 3306 3225 3360 abduxit
3258 3305 3325 3359 ab
3350 3305 3563 3370 invidia,
3599 3314 3656 3361 et

2075 3401 2280 3456 induxit
2322 3401 2374 3455 in
2421 3400 2798 3471 benignitatem
2831 3417 2844 3452 :
2873 3397 3092 3454 abduxit
3119 3414 3148 3450 a
3183 3398 3266 3452 via
3296 3398 3400 3451 lata
3435 3406 3491 3453 et
3535 3413 3657 3467 spa-

2075 3494 2228 3558 tiosa,
2262 3502 2313 3548 el
2340 3493 2545 3547 induxit
2570 3494 2623 3547 in
2652 3501 2926 3562 angustam
2948 3533 2963 3558 ,
3005 3498 3204 3546 arctam
3233 3499 3284 3546 et
3314 3499 3655 3560 praeruptam,

2074 3583 2299 3650 induxit,
2351 3585 2562 3653 inquam
2589 3624 2603 3648 ,
2631 3591 2872 3639 assuetos
2901 3583 2998 3637 vim
3023 3582 3165 3635 latae.
3217 3581 3330 3636 Non
3361 3583 3502 3637 enim
3525 3582 3684 3660 alios,

2071 3674 2356 3743 assumpsit
2390 3675 2635 3730 homines
2662 3685 2808 3729 extra
2839 3671 3094 3729 mundum
3123 3682 3178 3728 et
3213 3673 3350 3728 hanc
3372 3681 3656 3729 consuetu-

2073 3767 2248 3822 dinem
2274 3768 2540 3832 viventes;
2573 3765 2666 3821 sed
2695 3780 2788 3821 eos
2818 3766 2958 3836 ipsos
2983 3764 3074 3834 qui
3112 3763 3221 3834 jam
3249 3765 3304 3820 in
3345 3779 3408 3819 ea
3433 3779 3655 3834 compu-

2073 3867 2328 3924 truerant,
2347 3868 2400 3914 et
2425 3859 2536 3914 luto
2556 3858 2824 3913 molliores
2839 3867 3012 3924 erant,
3035 3857 3133 3912 hos
3149 3857 3308 3927 jussit
3336 3857 3390 3912 in
3408 3867 3652 3927 augusta,

2070 3966 2258 4020 aspera
2307 3962 2360 4005 et
2406 3959 2553 4005 arcta
2601 3949 2849 4004 incedere
2892 3949 3011 4015 via,
3068 3959 3123 4001 et
3173 3947 3225 4001 id
3263 3948 3525 4018 persuasit
3552 3949 3652 4002 eis.

2071 4043 2211 4111 Quot
2237 4041 2541 4097 hominibus
2585 4040 2636 4094 id
2679 4038 2985 4110 persuasit?
3035 4038 3151 4092 Non
3190 4038 3313 4102 uni,
3343 4038 3424 4092 vel
3445 4037 3649 4104 decem,

2069 4137 2151 4192 vel
2177 4137 2386 4205 viginti,
2414 4135 2494 4189 vel
2521 4142 2732 4188 centum
2755 4131 3080 4196 hominibus,
3103 4129 3196 4184 sed
3222 4129 3470 4185 omnibus
3486 4128 3653 4186 ferme

2069 4228 2169 4281 sub
2197 4227 2312 4281 sole
2353 4224 2731 4280 habitantibus.
2785 4222 3022 4290 Quorum
3052 4235 3212 4290 opera
3251 4219 3305 4274 id
3346 4221 3652 4291 persuasit?

2070 4319 2325 4376 Undecim
2373 4332 2534 4386 Opera
2561 4317 2834 4371 hominum
2855 4357 2872 4383 ,
2904 4316 3272 4370 illiteratorum
3294 4357 3309 4381 ,
3342 4315 3650 4379 idiotarum,

2070 4410 2485 4481 ineloquentium
2507 4452 2522 4476 ,
2553 4408 2860 4479 ignobilium
2879 4448 2895 4474 ,
2926 4422 3235 4477 pauperum,
3267 4407 3457 4477 patria,
3489 4422 3651 4478 Opum

2069 4501 2403 4556 facultatibus
2425 4541 2440 4567 ,
2493 4501 2686 4554 robore
2723 4499 2962 4567 corporis
2990 4537 3005 4564 ,
3049 4498 3232 4568 gloriae
3269 4499 3646 4569 praecellentia,

2068 4597 2278 4667 generis
2301 4593 2606 4664 splendore,
2633 4592 2685 4646 vi
2712 4593 3019 4659 verborum,
3050 4593 3342 4648 rhetorices
3367 4593 3646 4663 gravitate,

2067 4688 2302 4743 scientiae
2329 4686 2788 4743 commendatione
2823 4686 3146 4750 carentium;
3188 4685 3279 4739 sed
3309 4685 3648 4754 piscatorum,

2073 4781 2534 4836 tabernaculorum
2562 4779 2808 4850 Opificum
2828 4821 2841 4843 ,
2886 4777 2975 4849 qui
3005 4779 3227 4832 diversze
3255 4778 3444 4848 lingua:
3475 4786 3651 4836 erant.

2071 4870 2256 4939 Neque
2281 4871 2468 4926 eadem
2493 4872 2564 4924 illi
2585 4887 2687 4941 qua
2713 4870 2983 4924 auditores
3003 4870 3175 4939 lingua
3209 4867 3448 4922 instructi
3476 4877 3647 4934 erant,

2073 4963 2164 5018 sed
2184 4963 2458 5032 peregrina
2480 4971 2637 5032 atque
2653 4963 2719 5017 ab
2729 4963 2848 5016 aliis
2863 4961 3105 5016 omnibus
3123 4961 3335 5016 diversa
3351 4961 3522 5030 lingua
3537 4968 3650 5014 ute-

2070 5054 2282 5120 bantur,
2299 5054 2546 5108 nimirum
2563 5054 2838 5109 llebraica.
2853 5053 2954 5109 Per
2967 5052 3064 5106 hos
3077 5051 3214 5106 hanc
3227 5051 3518 5105 Ecclesiam
3529 5051 3651 5104 tedi-

2073 5145 2268 5211 ficavit,
2295 5161 2414 5215 qua:
2442 5160 2474 5200 a
2501 5145 2692 5200 finibus
2713 5159 2878 5215 usque
2905 5143 2970 5198 ad
2992 5142 3126 5197 fines
3152 5150 3307 5195 terra:
3326 5141 3650 5196 extenditur.

2139 5238 2229 5292 15.
2293 5237 2431 5291 Mira
2495 5236 2760 5308 Evangelii
2815 5235 3131 5306 prapagatio.
3181 5260 3254 5273 —--
3309 5232 3492 5302 Neque
3553 5232 3654 5288 hoc

2070 5327 2243 5383 solum
2291 5327 2533 5382 mirabile
2582 5337 2700 5388 est;
2751 5326 2844 5380 sed
2893 5323 3034 5394 quod
3077 5323 3295 5387 idiotze,
3346 5338 3650 5392 pauperes,

2069 5418 2257 5488 pauci,
2319 5419 2618 5488 ignobiles,
2675 5417 2906 5472 illiterati
2955 5431 3018 5470 ac
3069 5415 3230 5480 viles,
3288 5415 3504 5470 alterius
3546 5416 3652 5472 lin-

2074 5532 2222 5586 guze,
2264 5514 2723 5585 despicabilesque
2763 5512 3036 5577 homines,
3081 5510 3272 5581 quibus
3307 5510 3476 5565 totius
3506 5511 3654 5567 orbi:

2072 5608 2376 5664 emendatio
2399 5607 2683 5662 commissa
2710 5606 2898 5672 fuerat,
2935 5605 3247 5675 iussumque
3264 5603 3435 5659 fuerat
3461 5604 3527 5658 ad
3552 5603 3654 5657 dif-

2082 5703 2300 5760 ficiliora
2324 5702 2492 5774 ipsum
2523 5699 2830 5769 traducere,
2869 5715 2972 5756 non
2999 5697 3123 5758 illud
3147 5700 3196 5754 in
3226 5714 3357 5770 pace
3397 5697 3651 5762 fecerint,
