4084 6186
424 294 517 348 851
1163 295 1223 350 S.
1264 290 1537 349 JOANNIS
1573 285 2042 346 CllltYSOSTOMl
2075 285 2392 343 ABCHIEP.
2432 288 2968 348 CONSTANTINOP.
3603 294 3668 350 85

433 415 528 470 scd
574 412 869 469 innumeris
895 410 1127 481 undique
1156 410 1308 466 bellis
1332 408 1600 478 exagitati.
1635 408 1737 461 Per
1779 405 2015 476 singulas

433 508 628 578 quippe
665 515 848 577 gentes
888 513 942 559 et
979 505 1172 570 urbes,
1212 511 1267 556 et
1304 502 1427 572 quid
1469 501 1588 556 dico
1643 516 1734 570 per
1781 499 2018 568 singulas

437 607 622 666 gentes
654 605 708 650 ct
735 595 930 650 urbes?
959 610 1054 665 per
1079 592 1314 662 singulas
1340 591 1499 646 etiam
1519 591 1707 645 domos
1727 589 1862 645 bella
1889 605 2018 644 con-

437 700 514 743 tra
543 690 684 758 ipsos
712 688 1082 742 movebantur.
1132 686 1372 754 Ingressa
1406 698 1634 752 namque
1663 682 1925 748 doctrina,
1956 681 2018 734 ﬁ-

438 778 672 848 liumque
697 793 726 831 a
753 786 902 845 patre
931 791 1072 844 smpe
1100 773 1362 838 dividens,
1395 790 1582 827 nurum
1607 789 1637 828 a
1665 789 1820 828 socru
1839 814 1853 838 ,
1907 772 2016 826 fra-

341 865 344 868 ’
437 880 574 924 trem
604 885 634 924 a
663 869 846 934 fratre,
877 884 1090 923 servum
1109 867 1389 934 adomino,
1415 867 1680 920 subditum
1703 881 1732 919 a
1757 865 2014 934 principe,

437 961 608 1013 virum
635 959 700 1013 ab
729 975 915 1024 uxore,
945 973 1163 1012 uxorem
1193 973 1222 1011 a
1251 958 1382 1022 viro,
1415 967 1616 1026 patrem
1657 973 1686 1010 a
1717 957 1876 1021 ﬁliis;
1909 972 2014 1010 non

435 1053 576 1106 enim
604 1051 760 1105 simul
787 1067 972 1106 omnes
989 1051 1310 1116 credebant;
1341 1050 1676 1120 quotidianas
1694 1050 2014 1116 inimicitias,

437 1145 572 1199 bella
602 1143 920 1214 frequentia,
965 1145 1107 1198 mille
1135 1152 1334 1198 mortes
1360 1144 1488 1212 ipsis
1536 1143 1854 1208 inducebat,
1901 1142 2018 1197 efﬁ-

436 1236 716 1305 ciebatque
772 1244 829 1290 ut
885 1250 1006 1290 sese
1049 1246 1231 1289 mutuo
1275 1234 1422 1302 quasi
1470 1249 1782 1289 communes
1838 1233 2018 1288 hostes

436 1335 826 1382 aversarentur.
854 1326 1066 1381 Etenim
1093 1340 1188 1380 eos
1225 1323 1492 1394 pellebant
1523 1323 1758 1379 universi
1783 1364 1798 1390 ,
1829 1338 2014 1394 reges,

433 1420 723 1491 principes,
753 1420 952 1484 idiotze,
984 1418 1158 1484 liberi,
1187 1417 1348 1484 servi,
1387 1416 1586 1486 populi,
1614 1417 1854 1471 civitates
1879 1433 1893 1470 :
1925 1431 2019 1471 ne-

437 1526 540 1580 que
571 1511 688 1564 illos
719 1519 944 1578 tantum,
975 1509 1069 1564 sed
1108 1509 1247 1579 quod
1271 1509 1488 1578 gravius
1528 1518 1676 1576 erat,
1721 1508 2019 1579 ne0phytos

438 1603 492 1657 in
543 1602 680 1668 ﬁde,
730 1617 864 1671 quos
911 1602 985 1655 illi
1029 1602 1393 1656 instituebant.
1439 1601 1737 1657 Commune
1789 1616 2021 1670 namque

440 1695 634 1749 bellum
663 1703 716 1748 et
739 1693 1048 1748 doctoribus
1077 1703 1132 1747 ct
1157 1692 1429 1762 discipulis
1449 1692 1797 1756 excitabatur,
1826 1693 2022 1761 quippe

438 1800 559 1840 cum
585 1786 822 1839 doctrina
856 1785 943 1838 illa
975 1795 1028 1838 et
1056 1784 1215 1852 regiis
1240 1784 1600 1838 sanctionibus
1640 1792 1694 1837 et
1733 1792 2020 1837 consuetu-

439 1876 572 1940 dini,
616 1884 670 1930 et
690 1874 923 1944 paternis
957 1875 1196 1928 moribus
1223 1874 1497 1928 adversari
1519 1873 1807 1928 videretur.
1839 1873 2021 1942 Siqui-

437 1969 560 2023 dem
588 1968 938 2022 ltortabantur
967 1976 1023 2022 ut
1043 1967 1110 2022 ab
1139 1966 1292 2022 idolis
1320 1967 1658 2033 absisterent,
1687 1981 1809 2021 aras
1841 1966 2023 2036 despi-

437 2071 642 2126 cerent,
665 2076 797 2130 quas
833 2069 888 2115 et
927 2069 1103 2130 patres
1131 2068 1186 2115 ct
1213 2060 1444 2130 majores
1489 2075 1674 2114 eorum
1725 2061 2020 2128 coluerant,

439 2154 508 2207 ab
539 2153 759 2222 impuris
788 2151 1124 2222 dogmatibus
1158 2152 1450 2215 resilirent,
1492 2151 1728 2206 riderent
1772 2153 2024 2206 solemni-

443 2252 601 2306 tates,
634 2244 956 2298 initiationes
978 2253 1313 2312 respuerent,
1344 2259 1464 2312 qua:
1507 2242 1637 2314 ipsis
1660 2244 1888 2298 maxime
1917 2251 2025 2299 tre-

442 2333 632 2389 menda
663 2344 715 2389 et
739 2333 1094 2388 formidabilia
1123 2333 1478 2388 videbantur:
1535 2350 1634 2404 pro
1669 2335 1861 2404 quibus
1908 2336 2026 2390 ani-

445 2440 586 2478 mam
614 2424 745 2479 dare
771 2425 1102 2490 maluissent,
1131 2441 1289 2494 quam
1316 2441 1501 2480 eorum
1534 2426 1674 2480 dicta
1717 2427 2021 2495 admittere,

445 2526 499 2570 et
530 2517 583 2570 in
607 2526 788 2571 natum
817 2533 880 2571 ex
905 2517 1066 2571 Maria
1094 2517 1338 2582 credere,
1367 2519 1457 2587 qui
1489 2518 1554 2572 ad
1581 2519 1823 2589 prazsidis
1851 2521 2023 2575 tribu-

443 2607 526 2661 nal
550 2606 763 2671 ductus,
790 2607 958 2676 sputis
976 2606 1380 2674 dehonestatus,
1408 2608 1792 2680 innumeraque
1813 2627 2022 2681 passus,

444 2698 770 2753 exsecranda
793 2707 964 2753 morte
987 2699 1228 2764 aﬁ'ectus,
1255 2699 1600 2769 sepultusque
1625 2703 2022 2758 resurrexisset.

443 2789 703 2858 Quodque
747 2787 1066 2857 stupendum
1111 2798 1226 2844 erat
1253 2831 1266 2853 ,
1311 2790 1580 2844 cruciatus
1622 2792 1871 2848 omnibus
1916 2794 2026 2848 noti

441 2892 617 2944 erant,
647 2880 851 2950 ﬂagella
881 2897 1070 2952 nempe
1089 2924 1104 2948 ,
1133 2881 1365 2951 colaphi,
1389 2884 1728 2939 contumelia:
1744 2886 1854 2940 oris
1871 2895 2028 2956 sputo

447 2973 804 3041 dehonestati,
840 2975 1026 3045 plagzc,
1055 2990 1182 3030 crux
1205 3017 1220 3043 ,
1268 2975 1512 3031 cachinni
1541 2977 1725 3044 multi,
1765 2979 2026 3035 comwdia

445 3068 694 3123 omnibus
717 3067 915 3134 oblata,
945 3068 1214 3137 sepultura
1237 3069 1388 3138 quasi
1420 3069 1602 3140 gratia:
1626 3069 1840 3126 nomine
1869 3073 2030 3142 impe-

446 3169 620 3225 trata;
668 3159 761 3215 sed
788 3177 906 3232 qua:
956 3161 1021 3216 ad
1066 3162 1513 3216 resurrectionem
1565 3163 1876 3233 spectabant
1919 3179 2026 3220 non

445 3251 610 3306 item:
642 3251 745 3305 illis
771 3251 912 3306 enim
957 3251 1088 3306 solis
1120 3261 1238 3321 post
1277 3253 1724 3309 resurrectionem
1761 3256 2025 3324 apparuit.

448 3343 698 3396 Attamen
727 3341 842 3396 haec
864 3341 1092 3396 dicendo
1113 3341 1524 3410 persuadebant,
1553 3351 1606 3397 et
1632 3344 1708 3398 sic
1736 3344 2027 3400 Ecclesiam

447 3434 801 3488 ardiﬁcabant.
839 3433 956 3501 Quo
983 3443 1138 3503 pacto
1168 3443 1220 3488 ct
1247 3449 1351 3504 qua
1395 3435 1645 3490 ratione?
1695 3434 1900 3491 Virtute
1939 3436 2026 3506 ju-

446 3527 661 3584 bcntis:
695 3528 807 3597 ipse
830 3543 1058 3594 namque
1086 3528 1222 3581 viam
1255 3529 1507 3597 parabat,
1540 3528 1653 3598 ipse
1687 3529 1865 3583 omnia
1889 3528 2030 3583 difﬁ-

447 3616 568 3670 cilia
587 3616 758 3670 facilia
773 3616 1050 3672 reddebat.
1076 3615 1188 3670 Nisi
1221 3618 1361 3670 enim
1388 3618 1564 3670 divina
1597 3618 1840 3686 quaedam
1859 3619 2028 3674 virtus

448 3706 564 3759 lucc
582 3715 958 3773 perpetrasset,
988 3721 1055 3760 ne
1079 3707 1160 3760 vel
1187 3707 1498 3776 principium
1527 3707 1742 3776 quidem
1768 3719 1857 3762 aut
1873 3725 2031 3764 exor-

449 3796 596 3849 dium
629 3796 742 3848 haec
773 3795 1102 3848 habuissent.
1123 3796 1239 3862 Quo
1269 3796 1409 3850 enim
1431 3797 1479 3849 id
1513 3797 1671 3852 modo
1690 3799 1804 3852 ﬁeri
1829 3801 2031 3869 potuis-

449 3886 568 3940 set?
595 3885 791 3939 Verum
817 3886 860 3938 is
889 3886 976 3954 qui
995 3885 1224 3951 dixerat,
1267 3885 1385 3940 Fiat
1408 3888 1607 3951 cwlum,
1645 3896 1847 3958 etopus
1874 3891 2031 3946 exhi-

449 3977 590 4032 buit:
623 3989 696 4043 et,
715 3977 965 4032 fundetur
987 3987 1150 4046 terra,
1177 3978 1290 4048 ejus
1303 3978 1650 4033 substantiam
1667 3980 1934 4049 produxit;
1953 3990 2028 4048 et,

450 4071 625 4125 luceat
657 4070 759 4136 sol,
797 4081 852 4126 et
875 4080 1077 4124 astrum
1117 4069 1388 4134 ostendit;
1431 4072 1630 4140 quique
1655 4071 1833 4125 omnia
1867 4073 2031 4128 verbo

448 4172 700 4233 Operatus
729 4171 833 4228 est,
866 4162 956 4218 ille
1003 4163 1164 4218 etiam
1205 4163 1299 4216 has
1333 4162 1599 4218 Ecclesias
1640 4164 1915 4234 plantavit.
1965 4164 2031 4219 Et

451 4255 671 4308 verbum
695 4253 845 4322 illud,
871 4253 1169 4322 AEdi/icabo
1192 4253 1474 4308 Ecclesium
1504 4271 1687 4319 nteant,
1717 4255 1833 4311 hme
1852 4257 2030 4311 omnia

450 4355 725 4416 operatum
755 4355 856 4400 est.
907 4345 1054 4401 Talia
1099 4346 1296 4415 quippe
1339 4355 1463 4400 sunt
1500 4346 1662 4401 verba
1705 4347 1834 4413 Dei,
1867 4363 2031 4418 opera

449 4437 726 4503 exhibent,
745 4453 905 4506 opera
923 4437 1184 4493 mirabilia
1202 4447 1360 4507 atque
1383 4439 1664 4508 stupenda.
1689 4437 1819 4493 Nam
1846 4433 2032 4510 quem-

451 4528 738 4583 admodum
769 4529 902 4581 dixit
927 4545 939 4581 :
971 4527 1223 4582 Germinct
1245 4539 1378 4582 terra
1413 4528 1617 4582 herbam
1643 4531 1765 4601 {miti
1789 4529 1948 4602 (Gen.
1974 4533 2026 4586 1.

450 4623 562 4691 11),
615 4630 668 4674 et
715 4619 893 4674 omnia
941 4636 1066 4674 mox
1113 4620 1300 4675 hortus
1345 4621 1528 4688 fuere,
1569 4624 1746 4676 omnia
1786 4634 2026 4692 pratum,

450 4722 702 4783 terraque
757 4711 1063 4766 mandatum
1132 4712 1404 4780 excipiens
1462 4713 1681 4769 infinitis
1743 4716 2032 4770 ornabatur

451 4805 678 4874 plantis;
716 4804 794 4858 sic
835 4812 888 4858 et
923 4818 1065 4858 nunc
1102 4802 1191 4857 ubi
1231 4803 1382 4870 dixit,
1421 4804 1714 4873 Αῑάὶβταὺο
1749 4805 2031 4860 Ecclesiam

453 4914 656 4963 meam,
692 4896 743 4950 id
789 4895 936 4950 nullo
982 4895 1194 4965 negotio
1224 4894 1416 4950 factum
1447 4905 1565 4952 est:
1599 4906 1758 4967 atque
1791 4898 2031 4969 tyrannis

451 4991 708 5044 adversus
749 5003 869 5042 eam
916 4987 1112 5041 bellum
1157 4989 1531 5051 excitantibus,
1579 4990 1836 5044 militibus
1882 5006 2031 5045 arma

451 5082 807 5146 moventibus,
828 5080 1036 5151 populis
1049 5079 1216 5133 instar
1233 5078 1368 5149 ignis
1381 5080 1696 5146 furentibus,
1709 5080 2031 5136 adversante

450 5173 862 5239 consuetudine,
893 5173 1164 5241 etiamque
1193 5171 1516 5238 rhetoribus,
1542 5172 1818 5241 sopbistis,
1863 5171 2032 5225 diviti-

454 5266 578 5332 bus,
624 5265 826 5326 idiotis,
875 5264 1240 5335 principibus,
1281 5263 1401 5332 igne
1445 5272 1625 5317 tamen
1659 5263 2030 5319 vehementius

450 5357 671 5412 verbum
695 5358 879 5426 spinas
907 5355 1264 5425 consumpsit,
1287 5368 1445 5424 agros
1474 5354 1750 5424 purgavit,
1781 5355 2032 5424 praedica-

453 5449 614 5505 tionis
633 5449 929 5504 doetrinam
961 5448 1282 5503 seminavit:
1307 5460 1370 5500 ac
1399 5445 1523 5500 dum
1552 5462 1615 5500 ex
1644 5445 1708 5500 iis
1741 5447 1829 5517 qui
1865 5448 2032 5503 credi-

452 5542 644 5598 derant
672 5541 762 5596 alii
788 5541 840 5595 in
868 5554 1085 5594 carcere
1111 5538 1432 5604 habitarent,
1471 5539 1561 5592 alii
1593 5538 1644 5592 in
1669 5537 1916 5594 exsilium
1943 5541 2031 5596 ab-

453 5635 598 5691 ducti
625 5643 824 5697 essent,
849 5634 937 5687 alii
959 5631 1202 5702 pecuniis
1223 5631 1482 5698 mulctati,
1512 5630 1604 5686 alii
1647 5632 1840 5700 occisi,
1881 5641 1936 5687 ct
1975 5634 2028 5688 in

454 5730 624 5783 l'rusta
641 5725 859 5792 concisi,
886 5725 973 5779 alii
989 5725 1108 5796 igne
1124 5725 1444 5794 consumpti,
1463 5725 1552 5782 alii
1571 5725 1801 5782 demersi
1823 5735 2023 5794 essent,

3677 297 3705 331 ἱ)

2127 402 2216 456 alii
2244 417 2402 457 omne
2423 418 2590 472 genus
2617 407 2858 477 supplicii
2887 407 3150 474 subirent,
3199 409 3485 482 ignominia
3511 415 3708 481 allecti,

2125 494 2292 563 pulsi,
2335 497 2488 564 quasi
2531 511 2844 554 communes
2885 500 3067 556 hostes
3109 501 3339 573 undique
3369 504 3563 574 eiecti;
3611 508 3704 562 alii

2126 601 2351 642 numero
2399 589 2578 656 plures
2623 602 3001 661 accesserunt,
3045 611 3143 650 nec
3182 597 3342 651 modo
3383 614 3445 653 ex
3483 599 3707 656 aliorum

2125 678 2449 733 cruciatibus
2478 680 2642 734 nihilo
2666 685 2938 752 segniores
2969 696 3258 741 evaserunt
3283 687 3350 742 ad
3398 690 3554 744 ﬁdem
3597 707 3704 746 am-

2131 770 2487 839 plectendam,
2519 773 2610 828 sed
2635 776 2803 829 multo
2832 777 3118 832 alacriores
3149 780 3380 842 fuerunt,
3411 791 3464 836 et
3493 783 3545 837 in
3590 784 3708 854 pul-

2126 861 2308 914 chram
2338 861 2476 916 hanc
2497 872 2770 933 capturam
2814 867 3150 933 insilierunt;
3197 870 3379 940 sicque
3415 886 3444 924 a
3485 875 3712 942 piscato-

2126 951 2271 1006 ribus
2320 954 2684 1022 capiebantur,
2715 973 2820 1011 non
2849 960 3019 1012 coacti
3047 960 3138 1014 sed
3165 972 3541 1031 accurrentes,
3588 981 3701 1035 grav

2127 1043 2358 1115 tiamque
2380 1045 2633 1102 habentes
2658 1048 2743 1115 iis,
2765 1051 2854 1119 qui
2880 1065 2937 1105 se
2967 1051 3020 1105 in
3049 1051 3185 1107 hanc
3211 1069 3325 1107 rem
3343 1054 3697 1132 deducerent,

2125 1151 2187 1190 ac
2199 1151 2319 1190 cum
2341 1139 2656 1209 sanguinum
2677 1150 2939 1198 torrentes
2961 1159 3026 1199 ex
3041 1144 3151 1214 jam
3170 1146 3511 1205 credentibus
3527 1165 3702 1206 erum-

2127 1237 2314 1297 pentes
2357 1241 2673 1299 cernerent,
2723 1234 3072 1292 l'ervcntiores
3117 1237 3526 1312 ﬁdentiorcsque
3567 1243 3704 1303 circa

2126 1318 2284 1376 ﬁdem
2316 1330 2485 1377 erant.
2511 1324 2752 1395 Cumque
2771 1341 2876 1381 non
2900 1336 3102 1382 tantum
3129 1329 3399 1400 discipuli,
3429 1333 3522 1388 sed
3549 1335 3709 1393 etiam

2125 1413 2384 1482 magistri,
2414 1414 2503 1468 alii
2531 1415 2713 1481 vincti,
2739 1417 2827 1472 alii
2862 1419 3032 1488 pulsi,
3071 1421 3160 1475 alii
3199 1422 3462 1478 verberati
3492 1435 3704 1491 essent,

2125 1503 2214 1557 alii
2241 1503 2456 1558 demum
2479 1505 2757 1562 innumera
2788 1517 3097 1578 paterentur
3127 1513 3262 1566 mala
3288 1555 3303 1581 ,
3331 1514 3578 1586 discipuli
3625 1529 3708 1572 ta-

2127 1611 2249 1650 men
2275 1607 2330 1652 et
2358 1597 2536 1668 plures
2573 1609 2628 1655 et
2670 1599 3022 1657 ferventiores
3063 1603 3280 1659 ﬁebant.
3323 1606 3478 1663 Certe
3517 1608 3710 1666 Paulus

2127 1687 2350 1743 clamat:
2386 1688 2471 1744 Ita
2496 1702 2549 1744 ut
2572 1691 2743 1762 plures
2773 1697 2993 1764 fratrum
3013 1695 3067 1748 in
3095 1694 3314 1752 Domino
3335 1738 3351 1763 ,
3403 1700 3711 1768 conﬁdentes

2127 1779 2337 1834 vinculis
2364 1782 2506 1848 meis,
2539 1783 2877 1840 abundantius
2896 1787 3151 1842 auderent
3168 1790 3277 1844 sine
3303 1791 3480 1846 timore
3508 1791 3709 1846 verbum

2129 1871 2264 1942 loqui
2294 1871 2549 1944 (Philipp.
2576 1876 2626 1929 1.
2660 1877 2749 1946 14)
2781 1894 2796 1930 :
2846 1885 2901 1932 et
2949 1877 3076 1933 alibi
3127 1893 3379 1934 rursum:
3418 1881 3519 1936 Vos
3575 1883 3708 1936 enim

2129 1963 2405 2018 imitatores
2423 1966 2544 2036 facti
2565 1966 2684 2020 estis
2715 1965 3061 2022 Ecclesiarum
3088 1967 3204 2037 Dei,
3232 1986 3344 2039 qua:
3382 1980 3499 2025 sunt
3527 1972 3580 2026 in
3605 1973 3709 2026 Ju-

2130 2055 2264 2120 dwa,
2291 2056 2411 2126 quia
2459 2058 2634 2110 cadent
2671 2060 2810 2128 passi
2839 2061 2957 2114 estis
2986 2070 3035 2114 et
3059 2077 3146 2115 vos
3178 2079 3210 2115 a
3236 2063 3601 2120 contribulibus
3628 2081 3709 2120 ve-

2129 2147 2264 2210 stris,
2289 2149 2710 2219 quemadmodum
2733 2161 2779 2204 et
2799 2151 2896 2220 ipsi
2912 2151 3173 2219 aJudan's,
3199 2154 3283 2224 qui
3302 2153 3578 2210 Dominum
3596 2173 3712 2213 cru-

2130 2238 2417 2305 ci/ixerunt,
2448 2249 2495 2294 et
2519 2257 2608 2294 nos
2633 2242 2914 2311 impediunt
2942 2245 3080 2309 loqui
3103 2245 3330 2312 gentibus
3357 2287 3371 2310 ,
3420 2254 3474 2298 ut
3501 2248 3702 2302 salven-

2132 2337 2215 2380 tur
2246 2329 2318 2398 (1.
2345 2327 2522 2382 Thess.
2545 2330 2600 2383 2.
2632 2332 2720 2386 11.
2769 2331 2882 2402 15).
2919 2330 3053 2386 Aliis
3080 2348 3296 2388 rursum
3338 2335 3579 2392 scribens
3634 2338 3710 2394 sic

2133 2417 2404 2489 loquitur:
2437 2419 2860 2475 Rememoramiui
2885 2423 3122 2493 pristinos
3153 2423 3290 2490 dies,
3322 2425 3566 2495 inquibus
3591 2427 3712 2482 illu-

2132 2509 2310 2563 minali
2330 2511 2543 2564 multum
2569 2521 2818 2565 certamen
2838 2513 3148 2568 sustinuistis
3175 2515 3486 2584 passionum,
3503 2517 3712 2574 scientes

2132 2600 2267 2654 vobis
2284 2601 2539 2654 meliorem
2558 2602 2888 2656 substantiam
2903 2603 2956 2656 in
2977 2604 3132 2670 caelis,
3147 2613 3194 2658 et
3216 2615 3497 2659 manentem
3525 2605 3710 2678 (Hebr.

2134 2690 2220 2745 10.
2248 2691 2337 2749 52.
2359 2693 2472 2763 54).
2506 2692 2692 2748 Viden’
2725 2695 3084 2763 przestantiam
3113 2697 3320 2750 virtutis
3362 2696 3475 2766 ejus
3519 2697 3608 2767 qui
3636 2705 3716 2752 ta-

2133 2783 2202 2836 lia
2232 2793 2482 2854 operatus
2507 2786 2624 2841 est?
2656 2787 2786 2842 Nam
2813 2789 2901 2857 qui
2927 2797 3070 2842 tanta
3106 2789 3463 2858 patiebantur,
3492 2805 3596 2843 non
3625 2803 3715 2844 so-

2135 2875 2244 2930 lum
2275 2892 2380 2930 non
2405 2893 2548 2948 aegre
2571 2877 2812 2934 ferebant
2837 2881 2920 2934 vel
2947 2879 3284 2946 deﬁciebant,
3312 2880 3406 2935 sed
3430 2890 3486 2936 et
3509 2880 3715 2952 gaude—

2134 2965 2280 3034 bant,
2312 2968 2627 3037 gestiebant,
2655 2969 3008 3025 exsultabant.
3029 2971 3098 3024 Et
3116 2971 3183 3026 de
3205 2971 3482 3042 discipulis
3499 2973 3714 3043 quidem

2133 3057 2262 3113 dicit
2297 3059 2406 3127 ille,
2437 3061 2578 3130 quod
2603 3062 2910 3117 facultatum
2944 3063 3357 3134 publicationem
3402 3079 3526 3120 cum
3557 3065 3714 3121 volu-

2135 3157 2281 3220 ptate
2313 3152 2744 3221 acceperintzde
2775 3153 3040 3224 magistris
3084 3171 3211 3211 vero
3258 3157 3430 3212 Lucas
3480 3158 3533 3212 in
3579 3157 3718 3214 libro

2134 3243 2362 3295 Actuum
2392 3242 2750 3311 apostolorum
2769 3245 2842 3298 ait
2867 3246 2999 3315 (Act.
3019 3247 3072 3301 5.
3092 3245 3205 3318 41),
3224 3262 3318 3303 eos
3335 3262 3578 3303 reversos
3596 3263 3716 3303 esse

2132 3333 2426 3404 gaudentes
2449 3349 2480 3389 a
2506 3345 2796 3406 conspectu
2823 3338 3072 3403 concilii,
3101 3338 3353 3408 quoniam
3374 3339 3517 3408 digni
3549 3339 3715 3394 habiti

2136 3425 2342 3481 fuerant
2372 3443 2468 3496 pro
2491 3429 2705 3484 nomine
2730 3427 2927 3483 Christi
2955 3430 3331 3484 contumeliam
3366 3431 3494 3500 pati.
3525 3431 3599 3486 De
3623 3445 3714 3486 se-

2137 3516 2251 3586 ipse
2277 3533 2488 3572 rursum
2511 3519 2705 3574 Paulus
2731 3538 2743 3574 :
2775 3519 3005 3587 Gaudeo,
3033 3522 3124 3586 ait,
3155 3522 3207 3574 in
3233 3521 3552 3592 passionibus
3567 3523 3715 3589 meis,

2135 3617 2180 3661 ct
2201 3608 2456 3678 adimpleo
2485 3626 2598 3678 qua:
2623 3609 2802 3664 desunt
2826 3611 3231 3666 tribulationibus
3258 3611 3446 3666 Christi
3485 3613 3539 3666 in
3564 3629 3716 3667 carne

2135 3715 2245 3752 mea
2274 3699 2464 3769 (Colos.
2497 3701 2547 3755 1.
2581 3699 2646 3756 21
2681 3702 2719 3769 ).
2752 3701 2952 3771 Ecquid
2983 3702 3213 3768 miraris,
3243 3703 3386 3772 quod
3421 3702 3474 3756 in
3511 3703 3719 3772 passio-

2136 3790 2293 3845 nihus
2319 3791 2597 3862 gauderet,
2628 3793 2842 3863 quando
2867 3803 3096 3850 mortem
3124 3795 3399 3850 subiturus
3427 3810 3533 3849 non
3556 3795 3717 3850 modo

2134 3883 2432 3952 gaudebat,
2479 3883 2572 3940 sed
2600 3886 2758 3940 etiam
2785 3884 3075 3954 discipulos
3100 3886 3150 3939 in
3179 3886 3356 3957 gaudii
3388 3887 3716 3941 consortium

2136 3977 2377 4041 vocabat,
2427 3978 2568 4046 quod
2613 3987 2730 4033 erat
2775 3979 2937 4033 animi
2989 3993 3148 4050 supra
3196 3979 3412 4034 modum
3446 3981 3713 4035 laetantis:

2138 4066 2366 4135 Gaudeo,
2400 4068 2589 4138 inquit,
2622 4079 2669 4122 et
2710 4070 3036 4139 congratulor
3065 4071 3295 4125 omnibus
3332 4071 3469 4126 vobis
3494 4087 3513 4126 :
3543 4071 3719 4125 itidem

2137 4171 2182 4214 et
2200 4178 2284 4215 vos
2300 4162 2532 4232 gaudete,
2549 4171 2599 4217 et
2614 4163 3035 4234 congratulamini
3072 4164 3195 4218 mihi
3212 4163 3380 4234 (Phil.
3402 4165 3458 4218 2.
3485 4166 3571 4219 l7.
3602 4165 3714 4233 18).

2139 4253 2206 4306 Ει
2234 4251 2360 4321 quid
2391 4252 2584 4324 factum
2612 4261 2714 4320 est,
2746 4253 2831 4308 die
2861 4254 3012 4320 mihi,
3040 4253 3181 4324 quod
3212 4264 3362 4309 tanto
3387 4255 3582 4325 gaudio
3624 4272 3714 4310 re-

2142 4343 2314 4413 pletus
2343 4355 2403 4398 es
2430 4344 2453 4397 ?
2479 4343 2607 4414 Ego,
2639 4345 2827 4415 inquit,
2847 4347 2960 4416 jam
2987 4345 3197 4412 delibor,
3222 4355 3271 4400 et
3300 4356 3495 4415 tempus
3516 4347 3714 4402 resolu-

2137 4436 2286 4488 tionis
2317 4451 2440 4490 mea:
2466 4436 2617 4490 instat
2653 4436 2730 4506 (2.
2767 4436 2898 4490 Tim.
2925 4438 2979 4491 4.
3008 4436 3088 4508 6).

2209 4527 2294 4580 14.
2329 4525 2418 4581 Sic
2438 4527 2598 4597 igitur
2622 4543 2717 4597 per
2739 4528 3040 4582 universum
3063 4527 3247 4583 orbem
3271 4527 3564 4584 Ecclesiam
3588 4530 3721 4584 tedi-

2138 4617 2384 4672 ﬁcabant.
2413 4619 2570 4689 Atqui
2601 4633 2668 4673 ne
2703 4619 2955 4687 parietem
2985 4618 3198 4688 quidem
3239 4635 3401 4673 unum
3437 4620 3718 4689 quisquam

2137 4711 2307 4781 possit
2333 4720 2610 4766 exstruere
2638 4709 2899 4780 lapidibus
2917 4718 2973 4764 et
2994 4710 3136 4764 calce
3159 4718 3333 4776 utens,
3358 4711 3403 4765 si
3423 4711 3721 4780 expellatur

2137 4813 2190 4858 et
2216 4803 2533 4872 impediatur
2561 4819 2574 4855 :
2605 4801 2658 4855 hi
2687 4817 2813 4858 vero
2840 4810 2915 4855 tot
2941 4801 3208 4856 Ecclesias
3237 4801 3429 4870 ubique
3457 4810 3718 4856 terrarum

2136 4895 2486 4960 aidiﬁcarunt,
2519 4894 2772 4964 percussi,
2807 4893 2990 4959 vincti,
3021 4893 3191 4962 pulsi,
3221 4891 3417 4963 fugati,
3451 4891 3719 4948 facultati-

2136 4987 2238 5042 bus
2264 4987 2518 5052 mulctati,
2547 4985 2792 5054 ﬁagellati
2815 5027 2828 5051 ,
2856 4984 3119 5055 jugulati,
3151 4984 3456 5052 combusti,
3487 4985 3718 5040 demersi

2137 5089 2239 5128 una
2262 5089 2381 5128 cum
2403 5071 2694 5141 discipulis.
2721 5071 2786 5126 Et
2811 5069 3163 5134 :ndilicahant,
3188 5085 3292 5124 non
3319 5070 3602 5140 lapidibus,
3623 5070 3717 5124 sed

2136 5164 2411 5220 animabus
2431 5172 2486 5219 et
2511 5163 2783 5229 institutis,
2807 5163 2946 5233 quod
2969 5163 3124 5233 plane
3148 5162 3416 5217 difﬁcilius
3434 5172 3540 5228 est,
3558 5177 3718 5233 quam

2136 5257 2398 5327 lapidibus
2423 5267 2754 5311 construere.
2783 5255 2895 5310 Non
2923 5256 3065 5310 enim
3094 5270 3190 5324 par
3226 5264 3307 5310 est
3337 5269 3544 5312 murum
3582 5269 3713 5309 con-

2137 5361 2376 5412 struere,
2405 5357 2458 5403 et
2486 5347 2716 5400 animam
2751 5355 2896 5401 tanto
2925 5355 3163 5414 tempore
3188 5359 3218 5398 a
3243 5345 3575 5400 daemonibus
3599 5345 3716 5413 agi-

2139 5449 2300 5495 tatam
2325 5439 2390 5494 ad
2417 5437 2833 5508 resipiscendum
2863 5436 3205 5507 persuadere,
3228 5444 3287 5489 ut
3308 5435 3376 5490 ab
3400 5435 3603 5490 insania
3631 5433 3714 5487 illa

2137 5533 2386 5598 desistat,
2415 5541 2470 5588 et
2493 5531 2561 5586 ad
2587 5539 2784 5586 tantam
2811 5530 3082 5600 perveniat
3107 5527 3531 5598 temperantiam.
3562 5527 3716 5581 Atta-

2137 5642 2259 5684 men
2288 5628 2387 5682 hoc
2409 5633 2693 5696 potuerunt
2713 5623 2835 5680 nudi
2857 5631 2913 5678 et
2931 5621 3120 5679 calceis
3139 5629 3403 5685 carentes,
3423 5634 3522 5674 una
3546 5617 3714 5672 induti

2139 5723 2313 5778 tunica
2343 5737 2433 5792 per
2459 5721 2764 5778 universum
2789 5717 2970 5774 orbem
2993 5716 3423 5772 circumeuntes:
3451 5710 3716 5768 habebant
