4084 6186
347 260 442 316 8⁸51

351 385 529 442 ταῦτα
549 387 840 461 ἔπραττον,
895 389 1277 463 ἀλλά’μυρίων
1307 392 1648 464 πανταχόθεν
1682 394 1937 466 πολέμων

349 474 536 535 αὐτοῖς
581 472 970 543 ἐγειρομένων.
1026 473 1184 527 Κατὰ
1228 474 1338 544 γὰρ
1369 474 1521 540 ἔθνος
1566 474 1940 541 ἔκαστον,καὶ

348 554 493 609 κατά
540 554 731 608 πόλιν
765 555 821 607 τί
864 555 1007 623 λέγω
1050 555 1195 610 κατὰ
1241 555 1393 620 ἔθνος
1424 559 1519 611 καὶ
1571 558 1715 612 κατά
1745 558 1937 624 πόλιν;

348 639 495 692 κατά
545 639 725 693 οἰκίαν
756 638 997 710 ἑκάστην
1043 639 1279 711 πόλεμος
1316 640 1500 703 αὐτοῖς
1528 641 1938 714 ἀνερριπίζετο.

352 721 612 777 Εῖσιοῦσα
642 724 751 793 γὰρ
788 723 1186 795 ήδιδασκαλία,
1225 724 1322 778 καὶ
1367 722 1742 797 ἀποσχίζουσα
1773 727 1943 780 παῖδα

352 806 620 868 πολλάκις
645 805 875 876 πατρὸς,
917 805 1012 858 καὶ
1060 804 1282 877 νύμφην
1333 806 1624 880 πενθερᾶς,
1660 809 1755 862 καὶ
1788 808 1943 862 ἀδελ-

355 889 456 959 φὺν
488 888 745 958 ἀδελφοῦ,
777 889 870 942 καὶ
919 888 1108 942 δοῦλον
1157 889 1445 954 δεσπότου,
1500 891 1595 944 καὶ
1638 890 1943 961 ἀρχόμενον

354 973 638 1043 ἄρχοντος,
672 972 766 1025 καὶ
814 971 988 1042 ἀνδρα
1023 971 1306 1040 γυναικὸς,
1341 971 1439 1026 καὶ
1464 976 1699 1041 γυναῖκα
1727 971 1942 1044 ἀνδρὸς,

354 1055 452 1107 xal
482 1055 698 1126 πατέρα
724 1054 952 1119 παίδων,
970 1055 1032 1108 ού
1059 1053 1169 1125 γὰρ
1190 1054 1387 1127 ἀθρόον
1410 1054 1612 1119 πάντες
1641 1055 1942 1121 ἐπείθοντο,

355 1137 735 1212 καθημερινὰς
774 1138 1092 1209 ἀπεχθείας,
1119 1142 1365 1210 συνεχεῖς
1396 1139 1687 1211 πολέμους,
1719 1140 1948 1212 μυρίους

355 1221 543 1284 αὐτοῖς
568 1222 745 1292 ἐπῆγε
795 1222 1083 1289 θανάτους,
1114 1223 1209 1278 καὶ
1242 1222 1318 1287 ὡς
1351 1225 1565 1288 κοινοὺς
1593 1224 1825 1296 ἐχθροὺς
1852 1225 1948 1278 xal

357 1306 656 1376 πολεμίους
711 1306 1157 1378 ἀποστρέφεσθαι
1206 1308 1611 1380 παρεσκεύασε.
1662 1309 1776 1363 Kal
1834 1309 1947 1382 γὰρ

359 1387 561 1452 πάντες
588 1389 788 1451 αὐτοὺς
817 1388 1071 1460 ήλαυνον,
1100 1389 1362 1461 βασιλεῖς,
1397 1390 1679 1462 ἄρχοντες,
1713 1391 1944 1460 ἰδιῶται,

360 1472 662 1545 ἐλεύθεροι,
720 1472 917 1539 δοῦλοι,
967 1474 1150 1545 δῆμοι,
1198 1473 1414 1539 πόλεις·
1448 1476 1544 1529 καὶ
1596 1476 1698 1529 οὐκ
1751 1474 1950 1539 αὐτοὺς

363 1556 544 1627 μόνον,
581 1556 718 1610 ἀλλὰ
750 1557 812 1610 τὸ
839 1555 903 1628 δή
936 1554 1340 1629 χαλεπώτερον,
1384 1559 1512 1622 τοὺς
1546 1557 1628 1611 ἔτι
1658 1561 1951 1628 νεοπαγεῖς

360 1640 419 1693 ἐν
443 1643 508 1712 τῇ
546 1641 749 1706 πίστει,
789 1643 917 1704 τοὺς
947 1638 1040 1694 ὑπ’
1062 1641 1242 1697 αὐτῶν
1271 1643 1731 1713 κατηχουμένους.
1756 1641 1951 1707 Κοινὸς

361 1721 470 1794 γὰρ
509 1722 746 1794 πόλεμος
775 1723 869 1778 καὶ
893 1725 1007 1787 τοῖς
1041 1722 1312 1795 μαθηταῖς
1338 1725 1434 1778 καὶ
1467 1728 1582 1789 τοῖς
1607 1726 1947 1791 διδασκάλοις

363 1806 601 1875 ἐγένετο,
632 1805 728 1861 ἅτε
769 1807 872 1878 τῆς
905 1805 1254 1871 διδασκαλίας
1284 1808 1617 1873 ἀπεναντίας
1646 1810 1743 1863 καὶ
1765 1809 1953 1864 διατά-

364 1904 540 1960 γμασι
591 1888 895 1960 βασιλικοῖς
939 1890 1036 1943 καὶ
1074 1890 1337 1963 συνηθείᾳ
1368 1893 1463 1946 καὶ
1498 1891 1646 1945 ἔθεσι
1676 1891 1953 1965 πατρῴοις

367 1973 722 2045 φαινομένης.
761 1975 1048 2046 Παρῄνουν
1075 1974 1185 2048 γὰρ
1218 1974 1454 2031 εἰδώλων
1502 1977 1827 2048 ἀπέχεσθαι,
1860 1994 1956 2030 κα-

367 2060 655 2126 ταφρονεῖν
691 2057 911 2129 βωμῶν,
943 2058 1037 2121 οὓς
1065 2060 1114 2112 οἰ
1148 2060 1387 2131 πατέρες
1407 2061 1588 2115 αὐτῶν
1612 2060 1707 2114 καὶ
1734 2061 1784 2114 οἰ
1813 2059 1953 2130 πρό-

369 2155 518 2208 γονοι
555 2140 757 2206 πάντες
802 2142 1203 2214 ἐθεράπευσαν,
1244 2144 1582 2214 ἀφίστασθαι
1618 2144 1730 2198 τῶν
1782 2160 1957 2217 μυσα-

376 2224 483 2295 ρῶν
508 2224 813 2297 δογμάτων,
846 2226 1157 2299 καταγελᾷν
1184 2227 1407 2300 έορτῶν,
1428 2227 1712 2282 διαπτύειν
1739 2228 1839 2292 τάς
1866 2244 1958 2281 τε-

370 2305 560 2370 λετάς·
592 2308 629 2362 a
659 2308 1077 2381 φρικωδέστατα
1106 2310 1283 2365 ἐδόκει
1312 2307 1453 2365 εἰναι
1480 2311 1711 2376 ἐκείνοις
1737 2311 1833 2365 καὶ
1864 2327 1959 2380 φο-

374 2388 684 2461 ϐερώτατα,
710 2392 806 2445 καὶ
821 2459 825 2463 _
840 2392 982 2464 ὑπὲρ
1002 2385 1077 2447 ὧν
1096 2392 1163 2447 ἂν
1188 2395 1285 2448 καὶ
1308 2394 1408 2466 τὴν
1422 2393 1602 2466 ψυχήν
1621 2394 1955 2466 προήκαντο,

374 2471 409 2542 ἢ
427 2474 698 2545 αἱρεῖσθαι
727 2475 794 2528 τά
823 2477 953 2547 παρ’
977 2475 1159 2529 αὐτῶν
1190 2475 1481 2547 λεγόμενα,
1535 2476 1633 2530 καὶ
1682 2475 1959 2531 πιστεύειν

376 2560 458 2623 εἰς
479 2558 571 2612 τὸν
599 2558 706 2613 ἀπὸ
730 2558 950 2631 Μαρίας
974 2559 1260 2630 τεχθέντα,
1291 2561 1384 2615 τὸν
1434 2562 1494 2615 ὲν
1525 2559 1845 2633 ἡγεμονικῷ
1880 2558 1961 2612 δι-

377 2644 663 2716 καστηρίῳ
688 2643 1066 2713 παραστάντα,
1097 2644 1191 2699 τὸν
1220 2644 1619 2717 ἐμπτυσθέντα,
1644 2646 1736 2699 τὸν
1791 2645 1962 2717 μυρία

379 2728 622 2783 παθόντα
652 2728 821 2795 δεινὰ,
848 2728 940 2782 τὸν
971 2729 1203 2784 θάνατον
1250 2729 1524 2800 ἐπάρατον
1570 2728 1961 2800 ὑπομείναντα,

377 2812 472 2865 τὸν
503 2811 764 2881 ταφέντα,
798 2810 889 2865 τὸν
922 2811 1254 2870 ἀναστάντα.
1299 2813 1409 2867 Kal
1438 2812 1500 2866 τὸ
1531 2812 1856 2885 παράδοξον,
1883 2813 1965 2866 ὅτι

378 2894 450 2948 τὰ
483 2894 583 2965 μὲν
621 2895 730 2949 τῶν
768 2894 959 2948 παθῶν
1005 2893 1140 2966 δῆλα
1170 2897 1335 2950 πᾶσιν
1363 2892 1453 2968 ἦν,
1493 2898 1551 2950 αἰ
1592 2896 1879 2968 μάστιγες,
1909 2897 1967 2950 αἱ

382 2978 476 3033 ἰπὶ
507 2980 711 3052 κόρρης
753 2979 981 3051 πληγαὶ,
1019 2981 1075 3033 αἰ
1107 2982 1188 3044 εἰς
1207 2980 1498 3053 πρόσωπον
1530 2980 1718 3053 ὕϐρεις
1745 2981 1834 3036 διὰ
1859 2980 1969 3035 τῶν

384 3062 797 3134 ἐμπτυσμάτων
841 3061 1148 3134 γινόμεναι,
1182 3062 1253 3117 τά
1282 3064 1622 3136 ῥαπίσματα,
1657 3067 1686 3118 ὁ
1713 3065 1967 3136 σταυρὸς,

385 3149 419 3219 ή
448 3147 617 3219 πολλή
656 3146 942 3218 χλευασία,
977 3149 1011 3218 ή
1042 3146 1195 3218 παρὰ
1242 3146 1462 3201 πάντων
1505 3148 1787 3220 κωμῳδία,
1822 3150 1851 3203 ὁ
1882 3148 1970 3202 τά·

388 3248 488 3301 φος
506 3231 536 3283 ὁ
564 3232 621 3284 ἐν
652 3230 807 3302 μέρει
835 3229 1059 3302 χάριτος
1081 3230 1402 3301 γενόμενος⁹
1426 3229 1493 3283 τά
1520 3230 1578 3284 δέ
1603 3231 1706 3301 τῆς
1732 3231 1972 3286 ἀναστά⁴

390 3329 530 3377 σεως
570 3312 793 3369 οὐκέτιο
851 3314 1037 3376 αὐτοῖς
1079 3312 1189 3385 γὰρ
1248 3312 1432 3384 μόνοις
1484 3312 1725 3376 ἀναστὰς
1760 3313 1972 3384 ἐφάνηο

391 3394 506 3449 ἀλλ’
539 3397 688 3467 ὅμως
709 3396 803 3449 καὶ
830 3395 1007 3451 ταῦτα
1033 3395 1286 3465 λέγοντες
1313 3394 1552 3463 ἔπειθον,
1582 3396 1677 3450 καὶ
1708 3394 1853 3450 οὕτω
1877 3396 1976 3467 τὴν

405 3478 730 3554 Ἐκκλησίαν
760 3480 1091 3552 ᾠκοδόμουν.
1125 3479 1250 3544 Πῶς
1271 3480 1367 3535 καὶ
1395 3481 1503 3534 τίνι
1527 3481 1747 3552 τρόπῳ;
1785 3480 1864 3552 Τῇ
1895 3481 1981 3534 δυ-

393 3563 556 3635 νάμει
577 3562 671 3616 τοῦ
694 3563 864 3617 ταῦτα
893 3562 1246 3627 κελεύσαντος
1260 3579 1272 3592 ·
1297 3563 1460 3627 αὐτὸς
1483 3564 1592 3636 γάρ
1615 3564 1981 3636 προοδοποιῶν

392 3643 485 3718 ἦν,
520 3648 683 3712 αὐτὸς
731 3648 909 3702 πάντα
962 3649 1060 3702 καὶ
1101 3646 1171 3701 τὰ
1205 3646 1444 3702 δύσκολα
1492 3648 1651 3719 ῥᾴδια
1697 3647 1888 3701 ποιῶν.
1917 3649 1981 3701 Et

397 3732 504 3803 γὰρ
544 3731 620 3803 μὴ
651 3730 773 3784 θεία
813 3748 900 3797 τις
949 3729 1181 3803 δύναμις
1224 3727 1293 3803 ἦν
1322 3733 1356 3804 ή
1383 3731 1557 3786 ταῦτα
1608 3732 1980 3805 κατορθοῦσα,

397 3814 507 3867 οὐδ’
544 3813 611 3867 ἂν
643 3815 950 3886 προοίμιον,
986 3814 1094 3868 οὐδ’
1131 3815 1198 3869 ἂν
1231 3816 1410 3887 ἀρχὴν
1436 3814 1612 3870 ταῦτα
1638 3815 1799 3871 ἔλαϐε
1818 3832 1832 3845 ⁸
1865 3815 1985 3877 πῶς

398 3898 542 3970 γάρ;
591 3882 730 3951 Ἀλλ’
765 3882 971 3963 ἐκεῖνος
1003 3900 1031 3952 ό
1059 3882 1259 3963 εἰπὼνξ
1272 3882 1573 3972 Τενηθήτω
1609 3900 1856 3973 οὐρανὸς,
1893 3900 1988 3954 καὶ

398 3983 581 4050 δείξας
610 3983 673 4036 τὸ
701 3983 862 4055 ἔργον
879 4000 895 4015 ο
926 3983 1044 4049 καὶ,
1077 3983 1477 4056 Θεμελιωθήτω
1502 3986 1535 4055 ή
1561 3985 1655 4054 γῆ,
1687 3984 1782 4037 καὶ
1807 4001 1988 4058 παρα-

399 4068 590 4138 γαγὼν
609 4068 709 4141 τὴν
727 4067 933 4123 ούσίαν’
958 4068 1073 4134 καὶ,
1100 4067 1378 4136 Λαμπέτω
1405 4068 1574 4139 ἥλιος,
1597 4068 1693 4122 καὶ
1721 4067 1902 4133 δείξας
1929 4067 1990 4121 τὸ

401 4152 624 4224 ἄστρον,
662 4154 758 4206 καὶ
808 4151 989 4206 πάντα
1048 4152 1423 4224 ἐργασάμενος
1451 4152 1604 4225 [577]
1642 4153 1808 4225 λόγῳ,
1836 4146 1991 4215 οὗτος

402 4236 502 4289 καὶ
524 4234 623 4299 τὰς
668 4235 993 4307 Ἐκκλησίας
1022 4234 1228 4299 ταύτας
1270 4234 1565 4304 ἐφύτευσε’
1608 4236 1704 4291 καὶ
1746 4235 1810 4289 τὸ
1838 4236 1992 4308 ῥῆμα

405 4318 716 4387 ἐκεῖνο,⁹τδ,
742 4318 1130 4390 Οἰκοδομήσω
1157 4336 1279 4389 μου
1304 4319 1421 4388 τὴν
1462 4319 1851 4389 Ἐκκλησίαν,
1876 4316 1994 4372 τοῦ·

404 4422 468 4458 το
490 4405 667 4458 πάντα
691 4405 1004 4477 εἰργάσατο.
1031 4402 1277 4457 Τοιοῦτοι
1310 4402 1420 4474 γὰρ
1443 4402 1494 4455 οἰ
1531 4403 1625 4456 τοῦ
1654 4401 1790 4457 Θεοῦ
1820 4403 1990 4472 λόγοι,

410 4486 587 4561 ἔργων
621 4487 964 4560 δημιουργοὶ,
1013 4486 1192 4558 ἔργων
1239 4484 1571 4556 θαυμαστῶν
1623 4485 1718 4539 καὶ
1753 4485 1996 4557 παραδό-

409 4572 534 4638 ξων.
562 4572 771 4643 Ὥσπερ
799 4572 907 4644 γὰρ
940 4566 1083 4635 εἰπε,
1110 4568 1524 4638 Βλαστησάτω
1545 4568 1584 4637 η
1622 4566 1697 4639 γῆ
1725 4568 1997 4636 βοτάνην

410 4655 653 4727 χόρτου,
671 4656 767 4708 καὶ
783 4655 962 4709 πάντα
992 4654 1187 4726 ἀθρόον
1218 4653 1544 4725 παράδεισος
1568 4649 1659 4727 ἦν,
1696 4654 1792 4708 καὶ
1819 4652 1996 4707 πάντα

409 4739 699 4810 λειμῶνες,
747 4740 843 4793 καὶ
883 4740 1097 4811 μυρίοις
1129 4738 1307 4809 ἐκόμα
1338 4739 1526 4807 φυτοῖς
1556 4738 1590 4809 ή
1617 4736 1887 4810 δεξαμένη
1935 4738 1998 4791 τὸ

412 4824 696 4894 ἐπίταγμα
723 4824 827 4895 γῆο
877 4823 1023 4877 οὕτω
1071 4823 1167 4877 καὶ
1210 4821 1306 4877 νῦν
1354 4817 1546 4875 εἶπενο
1609 4820 1998 4891 Οίκοδομήσω

412 4924 529 4977 μου
571 4905 689 4974 τὴν
754 4905 1140 4976 Ἐκκλησίαν,
1175 4906 1270 4960 καὶ
1329 4904 1467 4976 μετά
1512 4904 1713 4977 πολλῆς
1744 4904 1997 4968 εὐκολίας

414 4988 575 5043 τοῦτο
604 4988 845 5058 ἐγίνετο’
878 4989 975 5044 καὶ
1025 4989 1305 5061 τυράννων
1341 4986 1461 5041 κατ’
1505 4989 1679 5059 αὐτῆς
1714 4986 2001 5058 ὁπλιζομέ-

415 5092 545 5140 νων,
600 5074 697 5127 ml
752 5072 1102 5145 στρατιωτῶν
1156 5072 1298 5127 ὅπλα
1326 5071 1641 5138 κινούντων,
1682 5073 1778 5127 καὶ¹
1810 5072 2000 5144 δήμων

417 5147 592 5233 πυρὸς
621 5157 978 5229 σφοδρότερον
1007 5157 1369 5229 μαινομένων,
1405 5156 1501 5209 καὶ
1536 5156 1825 5228 συνηθείας
1854 5156 2003 5209 ἀντι-

418 5242 931 5315 παραταττομένης,
986 5241 1082 5295 καὶ
1116 5241 1382 5313 ρητόρων,
1426 5240 1521 5294 καὶ
1567 5239 1862 5309 σοφιστῶν,
1908 5241 2002 5294 καὶ

418 5324 819 5390 πλουτούντων,
842 5325 938 5378 καὶ
976 5324 1226 5390 ἰδιωτῶν,
1275 5323 1372 5377 καὶ
1399 5323 1677 5394 ἀρχόντων
1705 5324 2004 5394 ἀνισταμέ-

418 5426 549 5474 νων,
580 5408 752 5478 πυρὸς
798 5406 1154 5479 σφοδρότερον
1203 5404 1372 5459 ἐπιὼν
1392 5406 1422 5459 ό
1445 5405 1601 5474 λόγος
1630 5406 1730 5468 τὰς
1764 5405 2005 5468 ἀκάνθας

424 5491 696 5563 ἀνήλωσε,
755 5490 856 5553 τὰς
898 5488 1140 5561 ἀρούρας
1210 5486 1576 5560 ἐξεκάθηρεν,
1631 5488 1852 5561 ἔσπειρε
1908 5487 2003 5542 τοῦ

423 5575 786 5647 κηρύγματος
853 5574 947 5629 τὸν
1018 5573 1204 5643 λόγον·
1262 5573 1359 5627 καὶ
1426 5572 1536 5627 τῶν
1596 5572 2006 5629 πιστευσάντων

423 5660 535 5714 τῶν
588 5659 686 5730 μέν
728 5657 1103 5730 δεσμωτήριον
1146 5656 1458 5720 οἰκούντων,
1518 5655 1628 5709 τῶν
1683 5655 1741 5709 δὲ
1776 5658 1877 5721 ἐἰς
1910 5657 2008 5729 τήν

424 5744 724 5818 ὑπερορίαν
774 5742 1203 5815 μεθισταμένων,
1229 5741 1339 5795 τῶν
1366 5741 1424 5795 δὲ
1464 5741 1532 5794 τά
1563 5742 1822 5812 χρήματα
1845 5743 2009 5811 ἀφαι-

922 267 1200 327 CONTRA
1237 268 1529 329 JUDIEOS
1563 272 1649 327 ET
1688 271 2054 339 GENTILES,
2094 272 2286 341 QUOD
2326 274 2673 334 CHRISTUS
2709 277 2817 335 SIT
2861 276 3061 334 DEUS.

3521 280 3629 335 85?.

2043 397 2243 464 μένων,
2272 397 2382 450 τῶν
2408 397 2466 451 δὲ
2496 397 2632 468 πυρὶ
2678 396 3151 469 παραδιδομένων,
3201 395 3310 450 τῶν
3350 395 3407 449 δέ
3458 415 3630 452 κατα·-

2040 479 2445 550 ποντιζομένων
2478 481 2574 534 καὶ
2608 481 2717 534 πᾶν
2751 476 2890 542 εἶδος
2924 478 3195 550 τιμωρίας
3225 479 3629 549 ὑπομενόντων,

2040 559 2445 634 ἀτιμουμένων,
2487 563 2883 634 ἐλαυνομένων,
2923 563 2998 626 ὡς
3032 562 3227 616 κοινῶν
3258 561 3469 634 ἐχθρῶν
3510 563 3634 617 διω-

2040 643 2287 713 κομένων
2339 646 2625 710 πάντοθεν,
2677 647 2857 718 ἕτεροι
2907 646 3123 711 πλείους
3172 645 3513 718 προσῄεσαν,
3569 646 3630 700 ού

2043 726 2203 797 μόνον
2225 728 2398 795 οὐδὲν,
2423 730 2516 799 ἀφ’
2534 721 2610 783 ὧν
2636 730 2873 800 ἔπασχον
2906 730 3104 802 ἕτεροι,
3135 733 3216 793 είς
3241 729 3304 783 τὸ
3341 728 3632 800 πεισθῆναι

2041 811 2394 883 ὀκνηρότερον.
2421 814 2721 885 γινόμενοι,
2760 814 2897 868 ἀλλά
2944 815 3041 867 καὶ
3072 814 3503 886 προθυμότεροι,
3536 813 3635 867 καὶ

2047 894 2248 965 μᾶλλον
2281 896 2653 967 ἐπιπηδῶντες
2682 900 2749 969 τῇ
2780 898 2922 970 καλῇ
2950 897 3126 971 ταύτῃ
3142 897 3307 970 θήραο
3331 898 3425 950 καὶ
3456 896 3635 961 οὕτως

2047 978 2344 1050 ήλιεύοντο,
2386 980 2487 1034 οὐκ
2521 979 2980 1052 ἀναγκαζόμενοι,
3026 984 3088 1036 ού
3127 980 3459 1052 βιαζόμενοι,
3498 978 3636 1033 ἀλλὰ

2048 1062 2497 1134 προστρέχοντες,
2524 1065 2685 1136 χάριν
2714 1067 2915 1130 εἰδότες
2939 1069 3051 1130 τοῖς
3088 1066 3181 1119 ἐπὶ
3214 1064 3372 1118 τοῦτο
3405 1064 3631 1132 ἄγουσι*

2048 1145 2143 1199 καὶ
2170 1146 2503 1219 χειμάρρους
2533 1149 2780 1219 αἱμάτων
2805 1148 3043 1219 ὁρῶντες
3071 1148 3181 1202 ἀπὸ
3206 1147 3316 1201 τῶν
3339 1147 3437 1219 ἥδη
3470 1165 3637 1201 πεπι-

2050 1228 2353 1282 στευκότων
2377 1231 2768 1304 ἀπορῤέοντας,
2805 1232 3124 1302 θερμότεροι
3159 1231 3288 1301 περὶ
3323 1229 3422 1300 τήν
3453 1231 3638 1283 πίστιν

2048 1311 2290 1378 ἐγίνοντο
2318 1313 2414 1366 καὶ
2454 1312 2894 1385 θαρσαλεώτεροι
2915 1328 2928 1343 ’
2961 1314 3057 1366 καὶ
3084 1312 3204 1383 οὐχὶ
3239 1312 3349 1365 τῶν
3381 1310 3638 1384 μαθητῶν

2052 1396 2234 1467 μόνον,
2270 1396 2407 1451 ἀλλὰ
2448 1400 2542 1453 καὶ
2575 1399 2683 1455 τῶν
2726 1398 3087 1462 διδασκάλων,
3135 1397 3245 1450 τῶν
3283 1397 3382 1468 μὲν
3418 1396 3641 1467 δεδεμέσ

2049 1496 2177 1543 νων,
2213 1480 2322 1534 τῶν
2353 1481 2410 1534 δὲ
2437 1481 2834 1554 ἐλαυνομένων,
2866 1481 2976 1534 τῶν
2997 1481 3054 1534 δέ
3076 1478 3508 1552 μαστιζομένων,
3530 1478 3639 1532 τῶν

2049 1561 2107 1614 δὲ
2146 1562 2313 1635 ἔτερα
2346 1564 2517 1635 μυρία
2553 1564 2873 1636 πασχόντων
2910 1563 3078 1626 κακὰ,
3120 1563 3339 1627 πλείους
3372 1563 3421 1615 οἱ
3466 1560 3643 1632 μαθη-

2050 1646 2332 1718 τευόμενοι
2370 1650 2467 1704 καὶ
2509 1649 2920 1720 σπουδαιότεροι
2972 1646 3176 1719 μᾶλλον
3218 1647 3481 1715 ἐγίνοντο.
3532 1645 3644 1698 Kal

2055 1731 2155 1800 βοᾷ
2218 1730 2433 1795 Παῦλος
2483 1732 2691 1801 λέγων·
2745 1733 2927 1784 Ὥστε
2979 1730 3124 1796 τοὺς
3180 1730 3471 1795 πλείονας
3521 1725 3642 1780 τῶν

2053 1813 2335 1883 ἀδελφῶν
2357 1815 2428 1869 ἐν
2451 1818 2667 1884 Κυρίῳ,
2695 1815 3058 1880 πεποιθότας
3085 1814 3211 1881 τοῖς
3234 1812 3481 1883 δεσμοῖς
3499 1828 3640 1880 μου,

2053 1897 2495 1966 περισσοτέρως
2527 1897 2759 1968 τολμᾷν
2792 1898 3029 1966 ἀφόϐως
3054 1895 3161 1950 τὸν
3188 1896 3377 1966 λόγον
3405 1893 3639 1949 λαλεῖν.

2054 1981 2165 2035 Καὶ
2194 1980 2429 2051 ἀλλαχοῦ
2470 1982 2651 2046 πάλιν,
2685 1981 2870 2051 Ὑμεῖς
2904 1983 3013 2057 γὰρ
3034 1980 3282 2051 μιμηταὶ
3322 1977 3646 2049 ἐγενήθητε

2053 2060 2175 2116 τῶν
2234 2063 2607 2132 Ἔκκλησιῶν
2658 2066 2766 2119 τοῦ
2825 2065 2974 2119 Θεοῦ
3031 2063 3153 2118 τῶν
3202 2061 3407 2117 οὐσῶν
3455 2061 3526 2117 ἐν
3566 2058 3643 2128 τῇ

2068 2144 2338 2213 Ἰουδαίᾳ,
2366 2145 2454 2199 ὅτι
2476 2146 2550 2200 τὰ
2572 2149 2725 2202 αὐτὰ
2751 2146 3002 2200 ἐπάθετε
3031 2145 3132 2200 καὶ
3165 2145 3334 2215 ὑμεῖς
3362 2143 3483 2199 ὑπὸ
3521 2142 3644 2197 τῶν

2057 2227 2222 2281 ἰδίων
2271 2230 2696 2300 συμφυλετῶν,
2750 2229 2948 2296 καθὼς
2991 2230 3090 2283 καί
3134 2229 3303 2282 αὐτοὶ
3352 2227 3473 2283 ὑπὸ
3521 2224 3641 2279 τῶν

2056 2310 2366 2380 ,Ἰουδαίων
2407 2312 2526 2367 τῶν
2573 2313 2676 2367 καὶ
2723 2313 2831 2367 τὸν
2869 2314 3093 2382 Κύριον
3135 2309 3640 2370 ἀποκτεινάντων,

2058 2394 2156 2448 καὶ
2186 2392 2343 2464 ἡμᾶς
2371 2396 2730 2451 κωλυόντων
2781 2396 2909 2463 τοῖς
2958 2394 3163 2450 ἔθνεσι
3202 2392 3498 2463 λαλῆσαι,
3542 2392 3646 2445 ἵνα

2060 2476 2356 2533 σωθῶσιν.
2399 2478 2638 2551 Ἐτέροις
2670 2480 2729 2533 δέ
2774 2480 2935 2534 πάλιν
2959 2480 3188 2553 γράφων
3223 2478 3396 2541 οὕτως
3421 2476 3607 2546 ἔλεγεν
3626 2492 3642 2507 ·

2074 2560 2621 2632 Ἀναμιμνήσκεσθε
2670 2563 2778 2630 τὰς
2825 2561 3118 2631 προτέρας
3155 2562 3402 2631 ἡμέρας,
3440 2559 3511 2613 ἐν
3548 2553 3647 2624 αἶς

2062 2644 2461 2713 φωτισθέντες
2488 2645 2732 2714 πολλὴν
2769 2646 3034 2714 ἄθλησιν
3058 2645 3415 2715 ὑπεμείνατε
3454 2644 3646 2709 παθη⁹

2059 2726 2285 2797 μάτων.
2333 2728 2735 2799 γινώσκοντες
2774 2728 3012 2794 ἑαυτοῖς
3046 2728 3357 2795 κρείττονα
3384 2723 3649 2793 ὕπαρξιν

2065 2811 2137 2865 ἐν
2196 2812 2495 2880 οὐρανοῖς,
2570 2813 2667 2866 καὶ
2733 2813 3072 2884 μένουσαν.
3153 2807 3309 2876 Εἶδες
3368 2810 3652 2881 δυνάμεως

2069 2894 2374 2966 ὑπερϐολὴν
2410 2894 2507 2948 τοῦ
2531 2896 2707 2949 ταῦτα
2739 2895 3148 2967 ἐργασαμένου;
3208 2894 3283 2948 Ού
3332 2894 3441 2966 γὰρ
3493 2894 3653 2964 μόνον

2069 2978 2168 3031 οὐκ
2202 2978 2468 3050 ἠθύμουν,
2520 2979 2642 3033 ούδέ
2677 2978 2836 3049 μόνον
2877 2979 2978 3032 οὐκ
3024 2977 3298 3030 ἐθλίϐοντο
3338 2977 3513 3031 ταῦτα
3543 2975 3653 3029 πά-

2072 3078 2312 3133 σχοντες,
2356 3061 2494 3117 ἀλλά
2529 3063 2625 3133 καὶ
2659 3062 2903 3134 ἔχαιρον,
2946 3061 3237 3133 ἐσκίρτων,
3273 3061 3508 3131 ἐπήδων.
3543 3059 3657 3113 Kal

2073 3147 2203 3220 περὶ
2226 3148 2323 3219 μὲν
2346 3146 2554 3201 τούτων
2584 3140 2738 3210 οὗτος
2766 3144 2940 3200 ταῦτα
2971 3144 3140 3213 λέγει,
3166 3145 3248 3196 ὅτι
3271 3143 3369 3214 τὴν
3393 3143 3657 3215 δήμευσιν

2072 3231 2172 3303 τῆς
2197 3231 2385 3295 οὐσίας
2420 3230 2540 3302 μεθ’
2569 3230 2765 3302 ἡδονῆς
2794 3228 3047 3294 ἐδέξαντο
3065 3244 3079 3258 ·
3128 3226 3256 3300 περὶ
3288 3227 3346 3280 δέ
3375 3225 3484 3279 τῶν
3513 3225 3660 3280 διδα-

2078 3313 2290 3369 σκάλων
2327 3316 2356 3367 ὁ
2388 3315 2605 3378 Λουκᾶς
2654 3314 2712 3366 ἐν
2758 3315 2824 3384 τῇ
2866 3311 2974 3366 τῶν
3024 3310 3283 3382 Πράξεων
3342 3309 3528 3381 βίϐλῳ,
3579 3311 3662 3364 ὅτι

2078 3398 2417 3470 ὑπέστρεφον
2458 3398 2524 3451 ἐκ
2565 3395 2861 3469 προσώπου
2897 3393 2992 3449 τοῦ
3045 3393 3324 3465 συνεδρίου
3356 3392 3659 3476 χαίροντες,

2079 3482 2161 3535 ὅτι
2188 3480 2607 3552 κατηξιώθησαν
2667 3478 2809 3550 ὑπὲρ
2840 3476 2936 3531 τοῦ
2979 3477 3243 3549 ὀνόματος
3284 3476 3378 3528 τοῦ
3423 3474 3663 3548 Χριστοῦ

2080 3564 2466 3637 ἀτιμασθῆναι.
2490 3563 2628 3636 Περὶ
2656 3562 2715 3616 δὲ
2742 3560 2938 3616 ἐαυτοῦ
2962 3561 3123 3616 πάλιν
3147 3561 3176 3613 ὁ
3198 3559 3441 3622 Παῦλοςο
3472 3558 3668 3627 Χαίρω

2080 3648 2151 3704 ὲν
2198 3648 2325 3715 τοῖς
2381 3646 2696 3717 παθήμασί
2750 3662 2892 3716 μου,
2955 3643 3057 3699 καὶ
3096 3640 3539 3710 ἀνταναπληρῶ
3595 3643 3668 3695 τὰ

2082 3731 2463 3802 ὑστερήματα
2489 3730 2607 3786 τῶν
2629 3731 2895 3799 θλίψεων
2912 3728 3018 3783 τοῦ
3038 3726 3297 3797 Χριστοῦ
3310 3726 3379 3780 ἐν
3401 3724 3477 3794 τῇ
3490 3722 3671 3794 σαρκί

2078 3835 2218 3887 μου.
2252 3817 2362 3870 Kal
2387 3816 2440 3869 τί
2469 3813 2793 3886 θαυμάζεις,
2822 3815 2871 3867 εἰ
2901 3814 2996 3866 καὶ
3027 3812 3119 3865 ἐπὶ
3164 3810 3489 3882 παθήμασιν
3517 3808 3670 3879 ἔχαι-

2087 3917 2203 3975 ρεν,
2237 3901 2372 3954 ὅπου
2400 3916 2465 3968 γε
2498 3899 2594 3953 καὶ⁵
2628 3898 2859 3952 θάνατον
2900 3896 3112 3968 μέλλων
3151 3893 3446 3965 ὑπομένειν
3478 3892 3539 3945 ού
3577 3890 3670 3975 μόο

2089 3973 2177 4038 νον
2230 3982 2472 4055 ἔχαιρεν,
2520 3981 2657 4035 ἀλλά
2690 3981 2786 4033 καὶ
2817 3980 2944 4043 τοὺς
2997 3975 3248 4049 μαθητὰς
3274 3977 3356 4038 εἰς
3385 3973 3673 4028 κοινωνίαν

2087 4068 2187 4138 τῆς
2205 4064 2547 4138 εὐφροσύνης
2584 4063 2789 4128 ἐκάλει,
2838 4057 3071 4144 ὅπεραῆν
3316 4055 3666 4144 ὑπερϐαλλόντ

2089 4168 2197 4214 τως
2227 4147 2662 4221 εύφραινομένης
2700 4145 2903 4217 ψυχῆς,
2943 4142 3088 4197 οὕτω
3111 4139 3316 4209 λέγων·
3356 4139 3549 4207 Χαίρω
3578 4139 3675 4193 καὶ

2090 4234 2399 4303 συγχαίρω
2413 4231 2607 4287 πᾶσιν
2623 4229 2784 4300 ὑμῖν,
2804 4227 2872 4282 τὸ
2888 4225 2958 4280 δὲ
2976 4225 3124 4279 αὐτὸ
3140 4223 3242 4278 καὶ
3262 4221 3431 4291 ὑμεῖς
3443 4221 3677 4291 χαίρετε

2093 4315 2194 4370 καί
2226 4314 2585 4399 συνχαίρετέ
2613 4311 2841 4399 μοιᾉΤί⁸
2856 4310 3102 4399 γέγονεν,
3135 4307 3275 4399 εἱπέ,
3303 4306 3384 4359 ὅτι
3404 4305 3677 4399 τοσμύτης

2093 4398 2430 4470 ἐνεπλήσθης
2462 4399 2670 4471 χαρᾶς;
2722 4393 2884 4464 Ἐγὼ,
2924 4392 3089 4464 φησὶν
3110 4432 3124 4455 ,
3173 4389 3292 4459 ἤδη
3321 4388 3677 4459 σπένδομαι,

2093 4482 2193 4538 καὶ
2241 4485 2274 4537 ό
2311 4481 2516 4550 καιρὸς
2561 4478 2671 4549 τῆς
2715 4474 2866 4548 ἐμῆς
2917 4474 3271 4540 ἀναλύσεως
3319 4472 3677 4542 ἐφέστηκεν.

2144 4650 2224 4705 ιδ’.
2238 4648 2395 4705 Οὕτω
2405 4647 2585 4702 τοίνυν
2598 4643 2911 4716 ᾠκοδόμουν
2920 4641 3016 4714 τὴν
3030 4639 3304 4712 πανταχοῦ
3320 4639 3673 4710 Ἐκκλησίαν.

2095 4735 2290 4790 Καίτοι
2317 4750 2382 4803 γε
2411 4734 2589 4802 τοῖχον
2605 4729 2703 4782 ἕνα
2718 4727 2893 4791 οὐδεὶς
2918 4723 2985 4778 ἂν
3004 4724 3258 4796 δυνηθείη
3288 4722 3664 4793 οἰκοδομῆσαι,

2095 4819 2185 4874 διὰ
2210 4818 2357 4872 λίθου
2373 4813 2743 4871 καὶάσϐέστου
2766 4808 3034 4872 συντιθεὶς
3058 4808 3156 4879 τὴν
3180 4805 3491 4877 οἰκοδομὴν,
3521 4804 3680 4858 ἐλαυ-

2097 4902 2341 4974 νόμενος,
2369 4897 2739 4968 κωλυόμενος*
2779 4884 2926 4946 οὗτοι
2961 4891 3018 4944 δέ
3051 4889 3379 4959 Ἐκκλησίας
3411 4886 3679 4974 τοσαύτας

2100 4970 2375 5055 πανταχοῦ
2396 4983 2496 5053 τῆς
2517 4978 2840 5051 οἰκουμένης
2863 4976 3240 5049 ᾠκοδόμησαν,
3268 4970 3681 5055 κατακοπτόμε-

2099 5087 2200 5136 νοι,
2217 5054 2417 5138 δεσμού
2426 5082 2597 5137 μενοι,
2615 5061 2960 5131 διωκόμενοι,
2980 5058 3428 5129 φυγαδευόμενοι,
3447 5054 3680 5125 δημευό-

2103 5170 2275 5224 μενοι,
2297 5147 2742 5222 μαστιγούμενοι,
2773 5143 3155 5214 σφαττόμενοι,
3182 5139 3484 5224 καιόμενοι,
3509 5153 3679 5224 κατας

2101 5221 2472 5306 ποντιζόμενοι
2504 5231 2642 5304 μετά
2668 5229 2777 5284 τῶν
2813 5225 3092 5300 μαθητῶν·
3128 5223 3219 5278 καὶ
3240 5221 3593 5306 ᾠκοδόμησαν
3614 5221 3677 5276 ού

2100 5321 2188 5376 διὰ
2210 5305 2393 5384 λίθων,
2426 5316 2562 5374 ἀλλά
2585 5313 2674 5369 διὰ
2713 5312 2900 5383 ψυχῶν
2952 5309 3047 5364 καὶ
3095 5307 3488 5378 προαιρέσεων,
3540 5305 3678 5376 ὅπερ

2101 5402 2502 5473 δυσκολώτερον
2533 5395 2717 5467 πολλῷ
2754 5395 2847 5448 τοῦ
2880 5392 2969 5445 διὰ
3008 5391 3173 5445 λίθων
3199 5388 3569 5473 οἰκοδομῆσαι.
3600 5387 3679 5473 Off

2103 5491 2211 5562 γάρ
2271 5470 2424 5540 ἐστιν
2473 5484 2586 5536 ῖσον
2647 5478 2943 5562 συνθεῖναι-
2966 5477 3182 5562 τοῖχον,
3219 5474 3311 5526 καὶ
3359 5472 3536 5562 ψυχὴν
3587 5470 3684 5562 ἐπὶ

2104 5556 2378 5633 τοσούτοις
2410 5566 2622 5639 χρόνοις
2656 5562 2761 5616 ὑπὸ
2786 5560 3054 5630 δαιμόνων
3084 5556 3547 5627 ἐκϐακχευθεῖσαν
3567 5559 3683 5611 πεῖη

2110 5673 2200 5710 σαι
2237 5651 2589 5725 μεταστῆναι,
2613 5646 2710 5701 καὶ
2742 5647 2840 5716 τῆς
2881 5642 3075 5714 μανίας
3105 5641 3409 5711 ἀποστῆναι
3443 5641 3678 5709 ἐκείνης,

2111 5741 2205 5795 καὶ
2230 5737 2365 5809 πρὸς
2397 5733 2663 5804 τοσαύτην
2707 5729 2879 5783 ἐλθεῖν
2933 5725 3306 5798 σωφροσύνην.
3356 5725 3683 5809 ’Λλλξόμως

430 5806 706 5900 ρουμένων
726 5867 743 5896 ,
774 5806 907 5882 ’τῶν
958 5806 1021 5881 δέ
1071 5806 1480 5896 ἀναιρουμένων
1522 5806 1617 5880 κέί
1657 5806 2014 5880 ’κατακοπτο-
2117 5806 2343 5890 ἴσχυσαν
2369 5820 2567 5889 γυμνοὶ
2598 5816 2692 5872 καὶ
2723 5811 3054 5877 ἀνυπόδετοι,
3090 5808 3444 5883 μονοχίτωνες
3471 5806 3568 5872 τὴν
3597 5806 3678 5858 οἰ-
