4084 6186
351 261 453 316 855

354 401 498 454 enim
524 395 958 452 commilitautem
988 396 1103 464 ejus
1127 397 1374 450 virtutem
1396 437 1410 460 ,
1435 398 1522 466 qui
1554 397 1685 452 dixit
1713 415 1725 450 :
1759 398 1924 468 Super

351 489 480 541 lianc
505 497 696 557 petram
717 486 976 553 (edi/icabo
1006 485 1278 540 Ecclesiam
1303 503 1460 538 meam
1483 528 1497 552 ,
1526 500 1571 540 et
1597 497 1756 557 porta:
1777 489 1924 558 inferi

351 595 450 631 non
477 575 810 644 pravalebunt
827 576 1064 629 adversus
1089 593 1198 628 eam
1222 576 1428 646 (Matth.
1455 577 1540 631 16.
1564 578 1673 647 18).
1697 576 1923 632 Numera

349 674 479 736 quot
507 667 712 735 tyranni
737 667 804 720 ab
830 666 920 719 illo
946 674 1184 734 tempore
1210 665 1463 721 adversus
1489 668 1631 721 illam
1654 668 1921 723 instruxe-

354 770 474 813 runt
506 761 673 812 aciem
698 800 713 823 ,
745 767 872 827 quot
896 759 1230 828 gravissimas
1261 762 1692 830 persequutioues
1721 762 1921 820 excitat

353 857 508 905 runt:
527 866 632 919 quo
656 851 704 903 in
727 861 867 904 statu
888 851 1016 906 ﬁdes
1039 851 1195 906 fuerit
1215 861 1325 906 toto
1353 853 1458 915 illo,
1483 853 1622 923 quod
1646 855 1916 922 prteteriit,

354 948 594 1009 tempore
617 957 630 991 :
654 940 863 1009 quando
888 956 1072 996 recens
1103 943 1331 1011 plantata
1360 951 1475 998 erat
1496 986 1510 1009 ,
1538 944 1748 1014 quando
1771 955 1917 1000 tene-

353 1031 524 1086 tiores
548 1039 702 1085 erant
727 1031 996 1086 hominum
1029 1043 1250 1088 mentes.

427 1123 512 1175 i5.
539 1121 874 1192 Imperatores
897 1140 1063 1179 omnes
1083 1137 1256 1179 contra
1279 1125 1586 1181 Christianos
1607 1128 1786 1182 bellum
1808 1132 1919 1200 fru-

357 1221 460 1264 stra
476 1222 817 1282 susceperunt.
838 1243 909 1252 —
924 1214 1162 1268 Gentiles
1188 1229 1334 1270 erant
1361 1217 1728 1286 Imperatores,
1748 1219 1923 1288 Augu-

355 1312 485 1369 stus,
505 1303 767 1370 Tiberius,
785 1302 960 1369 Caius,
979 1305 1138 1370 Nero,
1158 1306 1531 1376 Vespasianus,
1552 1308 1717 1375 Titus,
1737 1316 1928 1378 etpost

356 1394 497 1447 illum
528 1410 712 1448 omnes
744 1409 906 1464 usque
933 1397 998 1449 ad
1037 1404 1244 1466 tempus
1283 1399 1422 1451 beati
1459 1396 1786 1455 Constantini
1815 1401 1918 1455 Im-

357 1484 651 1553 peratoris;
679 1499 965 1554 omnesque
993 1486 1088 1550 illi,
1115 1487 1202 1540 alii
1228 1490 1420 1551 minus,
1450 1489 1535 1542 alii
1559 1490 1923 1545 vehementius

359 1574 646 1628 Ecclesiam
684 1577 1088 1646 Oppugnabant;
1116 1579 1486 1648 oppugnabant
1516 1591 1689 1635 tamen
1715 1596 1921 1636 omnes.

355 1665 502 1730 Quod
531 1665 575 1718 si
603 1667 689 1735 qui
718 1681 901 1720 eorum
930 1667 1025 1721 visi
1058 1676 1181 1722 Sunt
1209 1669 1386 1722 mitius
1414 1685 1588 1740 agere,
1623 1670 1726 1726 hoc
1754 1672 1923 1741 ipsum

353 1769 530 1813 tamen
557 1759 696 1828 quod
724 1759 1072 1829 Imperatores
1107 1762 1278 1830 palam
1300 1763 1352 1815 in
1379 1763 1644 1832 impietate
1665 1764 1921 1830 viverent,

355 1850 572 1902 materia
595 1848 848 1904 bellorum
872 1859 1003 1915 erat,
1023 1865 1142 1905 cum
1165 1853 1274 1916 alii,
1293 1853 1381 1922 qui
1403 1854 1528 1921 ipsis
1549 1852 1920 1921 adulabantur,

353 1939 572 2007 gratiam
604 1939 812 1993 illorum
843 1951 1114 2009 captantes
1142 1943 1388 1996 Ecclesiae
1421 1942 1612 1998 bellum
1645 1943 1922 1998 inferrent.

355 2033 603 2086 Attamen
637 2047 820 2086 omnes
851 2033 1148 2102 hujusmodi
1177 2034 1380 2088 insidiae
1409 2045 1565 2104 atque
1590 2037 1832 2090 incursus
1853 2034 1927 2088 fa-

354 2123 507 2176 cilius
543 2138 698 2192 quam
739 2138 946 2178 aranere
987 2125 1090 2178 tela
1125 2126 1363 2194 dissipati
1397 2137 1550 2194 sunt,
1579 2129 1733 2182 citius
1769 2143 1926 2196 quam

356 2213 528 2268 fumus
556 2215 715 2269 soluti
745 2224 888 2281 sunt,
924 2217 1160 2272 velocius
1192 2233 1348 2288 quam
1379 2219 1546 2288 pulvis
1583 2221 1925 2275 transierunt.

354 2303 484 2358 Nam
525 2320 644 2359 cum
684 2306 887 2360 insidiis
929 2309 1036 2362 suis
1075 2309 1328 2378 majorem
1369 2321 1660 2381 martyrum
1704 2313 1927 2368 chorum

351 2396 646 2463 effecerint,
669 2398 1103 2469 immortalesque
1129 2401 1247 2454 illos
1268 2401 1520 2456 Ecclesiae
1546 2403 1819 2457 thesauros
1843 2419 1928 2458 re-

357 2487 638 2555 liquerint,
669 2490 943 2543 columnas
986 2503 1143 2560 atque
1185 2502 1356 2546 turres
1382 2533 1396 2559 ,
1432 2494 1504 2547 illi
1549 2510 1651 2548 non
1694 2495 1928 2548 viventes

357 2578 547 2645 modo,
579 2580 670 2634 sed
709 2581 868 2635 etiam
911 2584 1141 2648 mortui,
1174 2584 1399 2652 posteris
1442 2599 1645 2653 magnae
1683 2585 1921 2638 utilitatis

355 2673 573 2723 materia
603 2670 723 2725 facti
747 2681 888 2725 sunt.
927 2673 1150 2726 Videsne
1177 2675 1279 2726 vim
1314 2674 1704 2744 prtediCIionis?
1728 2673 1790 2726 Et
1811 2691 1928 2744 por-

355 2769 420 2813 ta:
445 2763 593 2831 inferi
621 2779 719 2816 non
747 2763 1076 2831 praevalebunt
1103 2765 1339 2818 adversus
1367 2782 1497 2819 eam.
1525 2766 1605 2820 Ab
1633 2764 1718 2819 his
1747 2767 1813 2820 de
1844 2767 1925 2819 fu-

357 2855 486 2908 turis
511 2855 690 2918 crede,
723 2855 919 2909 unllum
951 2857 1061 2910 fore
1087 2857 1172 2926 qui
1200 2857 1440 2911 obsistat.
1464 2857 1518 2912 Si
1547 2859 1686 2912 enim
1713 2873 1830 2911 cum
1862 2873 1927 2911 ex

354 2946 537 3016 paucis
565 2956 834 3002 constaret
859 2989 875 3014 ,
906 2964 1024 3001 cum
1056 2963 1189 3002 nova
1217 2963 1302 3003 res
1331 2964 1448 3003 esse
1475 2949 1742 3003 videretur
1765 2991 1778 3013 ,
1806 2964 1927 3002 cum

355 3051 522 3104 nuper
547 3037 774 3105 plantata
795 3039 1029 3092 doctrina
1053 3047 1214 3102 esset,
1238 3055 1358 3092 cum
1387 3047 1462 3092 tot
1487 3039 1624 3093 bella
1648 3039 1920 3104 instarent,

357 3136 433 3181 tot
459 3127 691 3198 undique
726 3132 1006 3184 commissa
1034 3131 1212 3199 prtelia
1249 3129 1377 3183 nihil
1407 3138 1726 3199 potuerunt,
1757 3144 1927 3199 neque

349 3221 776 3289 prazvaluerunt;
818 3231 1016 3290 quanto
1067 3221 1234 3290 magis
1277 3235 1417 3274 nunc
1463 3235 1582 3274 cum
1627 3220 1926 3274 universam

348 3319 546 3364 terram
577 3318 833 3380 occupat,
863 3327 1181 3381 omnemque
1221 3311 1416 3375 locum,
1442 3321 1652 3365 montes
1673 3352 1688 3378 ,
1720 3311 1884 3367 saltus
1909 3353 1924 3378 ,

345 3402 550 3468 colles;
590 3404 783 3457 etenim
823 3412 878 3458 et
916 3405 1082 3458 maria
1120 3411 1172 3457 et
1212 3411 1398 3473 gentes
1433 3404 1532 3458 sub
1572 3405 1687 3459 sole
1725 3404 1925 3473 positas

345 3505 538 3545 omnes
570 3493 947 3562 apprehendit;
979 3509 1100 3548 cum
1139 3495 1381 3564 impietas
1421 3494 1560 3564 apud
1595 3509 1790 3564 paucos
1816 3495 1924 3564 jam

345 3583 625 3649 obtineat,
669 3591 826 3653 atque
869 3599 1008 3650 arte,
1052 3587 1282 3655 templa,
1323 3585 1460 3640 idola
1501 3587 1677 3639 omnia
1720 3585 1925 3640 sublata

346 3672 566 3736 fuerint,
599 3673 730 3729 festa
757 3675 901 3742 item,
933 3677 1284 3743 initiationes,
1316 3675 1511 3742 fumus,
1542 3678 1696 3732 nidor
1719 3686 1771 3732 et
1799 3693 1925 3747 pro-

347 3764 490 3820 fante
517 3768 816 3822 conciones.
859 3769 1134 3835 Quomodo
1166 3770 1324 3840 igitur
1353 3770 1472 3824 talis
1511 3779 1758 3840 tantaque
1799 3785 1884 3824 res
1907 3810 1922 3835 ,

348 3864 432 3910 tet
455 3856 646 3911 oblatis
676 3857 1066 3926 impedimentis
1091 3900 1106 3924 ,
1140 3867 1245 3914 tam
1271 3861 1614 3929 conspicuum
1640 3860 1798 3915 ﬁnem
1828 3859 1925 3914 ha-

347 3947 546 4012 buerit,
570 3955 622 4001 et
647 3947 843 4001 exitum
871 3949 1074 4003 veritati
1106 3949 1263 4005 ﬁdem
1291 3948 1590 4016 facientem,
1615 3950 1714 4004 nisi
1739 3949 1920 4004 divina

346 4039 592 4108 quazdam
621 4048 675 4094 et
700 4041 892 4094 invicta
920 4042 1086 4095 virtus
1111 4051 1251 4096 esset
1274 4042 1409 4110 ejus,
1434 4042 1523 4112 qui
1551 4043 1664 4096 haec
1685 4042 1926 4111 praedixit

347 4138 406 4183 et
433 4130 688 4198 perfecit?
717 4131 883 4185 Nemo
911 4145 1039 4186 sane
1068 4132 1148 4185 his
1176 4133 1573 4199 contradixerit,
1606 4134 1707 4188 nisi
1736 4134 1915 4187 admo-

348 4218 479 4273 dum
511 4221 764 4286 insaniat,
798 4237 860 4276 ae
885 4232 1062 4278 mente
1109 4233 1292 4293 captus
1328 4225 1416 4279 sit.
1452 4225 1632 4295 Neque
1667 4225 1780 4280 haec
1809 4234 1924 4279 tan-

352 4321 466 4365 tum
492 4353 506 4376 ,
535 4312 629 4367 sed
657 4313 815 4367 etiam
845 4306 945 4368 alia
975 4315 1219 4370 vaticinia
1247 4315 1362 4383 ejus
1398 4316 1643 4369 invictam
1673 4316 1924 4370 virtutem

349 4405 728 4474 praenuntiant.
757 4405 886 4459 Nam
912 4420 1030 4460 cum
1059 4407 1204 4460 omni
1224 4407 1445 4461 veritate
1473 4406 1642 4460 futura
1664 4407 1924 4476 prtedixit,

353 4507 409 4550 ct
446 4495 512 4549 ad
555 4496 712 4550 tinem
743 4496 1001 4563 deduxit,
1035 4513 1208 4567 neque
1237 4498 1348 4552 ﬁeri
1377 4507 1552 4568 potest
1577 4508 1633 4553 ut
1660 4498 1926 4568 quidpiam

351 4602 416 4641 ex
459 4587 615 4643 dictis
664 4588 777 4657 ejus
817 4589 1044 4645 excidat.
1092 4589 1202 4644 lmo
1241 4590 1397 4644 citius
1435 4591 1624 4658 peribit
1660 4590 1846 4644 caelum
1875 4599 1930 4645 et

356 4687 516 4743 terra,
537 4692 692 4748 quam
718 4679 928 4749 aliquod
956 4682 1235 4734 verborum
1265 4688 1356 4734 aut
1384 4679 1778 4750 prtedictionum
1806 4681 1920 4751 ejus

354 4769 474 4829 falsi
502 4778 770 4839 arguatur.
801 4771 952 4838 Quod
981 4773 1152 4842 ipsum
1194 4772 1283 4827 ille
1311 4781 1432 4825 ante
1469 4787 1645 4825 rerum
1681 4779 1928 4826 eventum

354 4873 639 4925 cnuntiaus
660 4913 674 4938 ,
707 4871 785 4925 sic
827 4871 970 4926 clare
997 4870 1065 4926 de
1093 4871 1268 4926 verbis
1295 4871 1405 4926 suis
1440 4871 1671 4940 loquitur
1698 4889 1710 4924 :
1739 4871 1930 4926 Cretum

355 4973 402 5019 et
439 4973 572 5018 terra
615 4964 926 5029 transibunt,
963 4963 1108 5017 verba
1152 4972 1317 5017 autem
1358 4978 1468 5016 mea
1509 4979 1609 5017 non
1651 4963 1930 5017 transibunt

357 5057 374 5126 (
398 5054 583 5108 Matth.
611 5054 701 5109 24.
730 5053 852 5126 55).
881 5052 1042 5123 quue
1062 5054 1182 5123 jure
1207 5054 1396 5108 merito
1424 5071 1438 5108 :
1466 5069 1569 5109 non
1598 5053 1739 5108 enim
1770 5053 1928 5108 verba

357 5157 560 5202 tantum
591 5155 732 5214 sunt,
766 5147 858 5202 sed
890 5148 979 5201 Dei
1009 5147 1168 5201 verba
1187 5187 1202 5212 ,
1234 5161 1330 5216 per
1356 5161 1473 5216 quae
1499 5160 1585 5200 res
1613 5145 1926 5200 conduntur.

355 5239 443 5295 Sic
471 5239 660 5295 cadum
687 5238 830 5305 fecit,
864 5238 942 5294 sic
961 5247 1176 5304 terram,
1207 5252 1374 5304 mare,
1400 5237 1586 5303 solem,
1618 5237 1694 5291 sic
1719 5237 1931 5306 angelo-

357 5349 474 5387 rum
503 5332 714 5398 choros,
748 5333 824 5387 sic
850 5331 982 5385 alias
1010 5329 1298 5385 invisibiles
1324 5330 1564 5393 virtutes,
1590 5328 1730 5398 quod
1755 5327 1932 5383 decla-

357 5439 481 5480 rans
509 5425 768 5494 propheta
797 5423 1006 5478 dicebat
1032 5439 1045 5474 :
1076 5421 1196 5491 Ipse
1224 5421 1370 5490 dixit,
1403 5430 1448 5475 et
1478 5425 1615 5492 facta
1641 5427 1795 5484 sunt;
1825 5420 1931 5488 ipse

306 5493 312 5498 ’
359 5493 636 5582 mandavit,
659 5524 704 5568 et
729 5523 894 5568 creata
919 5522 1030 5566 sunt
1054 5511 1219 5583 (Psal.
1248 5511 1371 5566 148.
1397 5511 1451 5581 5)
1481 5529 1494 5566 :
1518 5511 1584 5565 de
1609 5510 1754 5564 omni
1774 5508 1930 5563 simul

358 5619 620 5674 creatura,
639 5616 748 5662 tum
771 5621 1019 5676 superna,
1044 5615 1150 5659 tum
1173 5603 1308 5659 infra
1322 5604 1510 5674 posita,
1536 5612 1644 5658 tum
1669 5601 1926 5663 sensibili,

369 5709 476 5754 tum
491 5698 833 5756 intellectuali
856 5739 872 5765 ,
897 5707 1005 5751 tum
1035 5709 1288 5765 corporea
1308 5737 1323 5764 ,
1355 5704 1460 5749 tum
1492 5695 1798 5765 incorporea
1818 5734 1834 5761 ,
1865 5706 1926 5746 ea

919 277 1192 337 CONTRA
1229 276 1506 334 JUD/EOS
1544 281 1630 336 ET
1668 283 2018 351 GENTILES,
2059 285 2242 353 QUOD
2281 287 2615 346 CHRISTUS
2653 292 2754 348 SIT
2796 295 2987 350 DEUS.

3495 298 3559 351 83
3570 297 3599 351 l

2033 403 2397 469 pronuntians.
2423 402 2549 458 lllud
2574 407 2729 475 igitur
2749 408 2814 462 de
2835 409 3067 464 Ecclesia
3091 413 3393 468 vaticinium
3419 427 3596 470 osten-

2028 491 2122 556 dit,
2143 501 2198 544 ut
2222 507 2376 559 supra
2407 494 2535 561 dixi,
2562 498 2817 563 veritatis,
2849 501 3212 570 providentur,
3239 504 3489 560 bonitatis
3509 521 3604 560 cu-

2029 596 2206 650 raeque
2229 583 2343 650 ejus
2368 585 2776 652 magnitudinem
2806 597 2861 642 et
2888 591 3282 646 excellentiam.

2099 670 2185 726 16.
2228 675 2338 740 Age
2375 689 2501 743 ergo
2539 684 2594 729 et
2634 678 2787 731 aliam
2829 682 3225 749 praedictionem
3271 692 3555 740 tractemus
3580 726 3596 751 ,

2029 775 2146 830 quae
2173 764 2283 817 sole
2313 764 2382 817 sit
2406 765 2618 832 clarior,
2649 768 2913 838 radii-que
2937 773 3052 840 ejus
3077 774 3422 843 splendidior,
3455 792 3600 846 quae-

2028 867 2131 922 que
2159 861 2280 907 ante
2309 857 2543 910 omnium
2575 859 2758 914 oculos
2787 862 2886 915 sita
2908 904 2921 926 ,
2952 865 3018 916 ad
3056 880 3242 920 omnes
3271 865 3474 921 futuras
3501 883 3597 938 ge.

2029 945 2328 997 nerationes
2353 947 2683 1013 extendatur,
2712 950 2847 1004 sicut
2874 962 2925 1005 et
2953 954 3112 1020 prior.
3141 955 3285 1010 Talia
3308 957 3446 1011 enim
3473 970 3597 1012 sunt

2033 1032 2278 1103 [lemque
2303 1036 2416 1103 ejus
2437 1037 2680 1092 vaticinia
2712 1056 2724 1092 :
2749 1056 2852 1094 non
2877 1043 3027 1097 brevi
3055 1054 3291 1114 tempore
3313 1051 3600 1101 terminan-

2029 1131 2146 1188 tur,
2178 1139 2346 1192 ncque
2383 1125 2434 1178 in
2468 1141 2565 1180 una
2596 1131 2937 1196 generatione
2961 1135 3328 1202 complentur;
3358 1137 3450 1190 sed
3481 1152 3599 1192 om-

2031 1213 2186 1268 nibus
2216 1214 2514 1271 hominibus
2534 1259 2548 1283 ,
2579 1227 2688 1272 tum
2720 1221 3014 1278 viventibus
3034 1265 3049 1290 ,
3081 1235 3190 1279 tum
3223 1243 3346 1280 mox
3376 1228 3599 1295 futuris,

2030 1311 2141 1356 tum
2181 1307 2520 1374 sequentibus
2546 1349 2562 1375 ,
2593 1317 2646 1362 et
2675 1310 2764 1378 qui
2802 1326 2968 1380 usque
2995 1315 3059 1367 ad
3092 1318 3599 1373 consummationem

2030 1405 2204 1460 erunt,
2231 1397 2466 1452 veritatis
2486 1415 2594 1454 suae
2616 1401 2853 1456 notitiam
2878 1405 3132 1472 praebent,
3156 1408 3598 1475 quemadmodum

2030 1494 2084 1540 et
2111 1489 2256 1555 prius
2285 1490 2606 1544 vaticinium.
2635 1492 2766 1547 Nam
2795 1509 2824 1547 a
2853 1511 2955 1562 qua
2988 1496 3072 1551 die
3100 1497 3294 1550 dictum
3323 1508 3404 1552 est
3435 1481 3602 1568 usque

2030 1575 2095 1629 ad
2123 1581 2632 1635 consummationem
2661 1585 2839 1638 smculi
2869 1585 3016 1638 ﬁrma
3042 1587 3360 1656 immotaque
3386 1590 3601 1655 mansit,

2031 1667 2244 1734 floreus,
2266 1670 2488 1740 fulgens,
2509 1674 2558 1726 in
2581 1675 2694 1728 dies
2715 1691 2978 1740 crescens,
2995 1679 3112 1747 plus
3133 1680 3336 1734 roboris
3359 1695 3600 1742 sumens,

2030 1766 2083 1811 et
2108 1760 2351 1814 omnibus
2376 1763 2462 1830 qui
2493 1764 2559 1817 ab
2585 1763 2675 1817 illo
2696 1765 2782 1819 die
2805 1781 2967 1835 usque
2993 1767 3056 1820 ad
3088 1769 3292 1822 Domini
3316 1770 3596 1825 adventum

2031 1846 2187 1902 futuri
2237 1860 2360 1904 sunt
2405 1863 2662 1920 praestans
2687 1897 2701 1921 ,
2733 1867 2789 1910 ut
2827 1858 3084 1912 maximos
3115 1859 3235 1912 inde
3274 1861 3508 1926 fructus,
3548 1871 3602 1914 et

2031 1937 2350 1994 ineffabilem
2391 1943 2664 1998 utilitatem
2697 1933 2925 2013 capiant.
2951 1947 3082 2002 Nam
3108 1950 3196 2019 qui
3227 1959 3347 2003 ante
3388 1966 3519 2018 nos,
3550 1962 3603 2006 ct

2027 2031 2117 2098 qui
2149 2039 2272 2085 ante
2301 2033 2416 2087 illos
2439 2075 2454 2100 ,
2487 2046 2539 2089 et
2569 2036 2656 2104 qui
2688 2038 2841 2106 longe
2869 2041 3110 2109 superius
3139 2042 3281 2095 fuere
3303 2083 3316 2106 ,
3347 2044 3462 2111 ejus
3491 2045 3600 2096 vir-

2033 2126 2197 2174 tutem
2225 2135 2605 2192 cognoverunt,
2631 2127 2766 2180 bella
2795 2127 3034 2182 videntes
3063 2131 3113 2184 in
3139 2147 3255 2184 eam
3284 2132 3598 2200 ingruentia,

2032 2209 2263 2277 pericula
2283 2250 2298 2275 ,
2327 2212 2577 2266 tumultus
2598 2254 2614 2279 ,
2645 2217 2896 2284 strepitus
2917 2256 2932 2281 ,
2959 2218 3148 2271 ﬁuctns
3173 2259 3187 2284 ,
3215 2229 3556 2288 tempestates
3587 2239 3601 2274 :

2033 2300 2198 2369 ipsam
2236 2316 2364 2356 vero
2392 2318 2562 2372 neque
2591 2305 2667 2359 sic
2697 2307 2984 2376 submergi,
3016 2309 3173 2371 vinci,
3207 2311 3478 2379 superari,
3509 2323 3602 2366 aut

2031 2392 2326 2461 exstingui;
2356 2393 2451 2447 sed
2488 2393 2678 2449 ﬂorere
2701 2437 2714 2462 ,
2745 2411 2986 2451 crescere
3009 2440 3023 2464 ,
3054 2399 3119 2451 ad
3152 2401 3404 2469 majorem
3434 2401 3602 2456 subli-

2032 2484 2266 2538 mitatem
2291 2486 2441 2555 erigi.
2470 2487 2535 2540 Et
2560 2486 2661 2541 hoc
2682 2489 3004 2551 vaticinium,
3031 2491 3171 2560 quod
3199 2507 3338 2546 nunc
3363 2493 3603 2549 dicturus

2031 2589 2168 2639 sum,
2192 2575 2439 2629 idoneum
2467 2585 2547 2630 est
2572 2578 2636 2630 ad
2664 2577 2921 2633 dictorum
2944 2581 3048 2634 vim
3077 2590 3128 2635 ct
3155 2583 3428 2637 veritatem
3457 2599 3603 2638 com—

2031 2666 2449 2721 monstrandam.
2487 2669 2761 2735 Quodnam
2804 2681 2885 2725 est
2924 2672 3050 2725 illud
3094 2674 3437 2728 vaticinium?
3473 2676 3602 2730 Cum

2033 2760 2298 2831 ingressus
2327 2763 2610 2826 aliquando
2635 2773 2774 2820 esset
2803 2767 2852 2820 in
2882 2767 3130 2837 templum
3158 2769 3453 2836 Judaicum,
3479 2778 3603 2826 tunc

2030 2852 2244 2918 florens,
2273 2869 2406 2910 auro
2428 2856 2658 2925 fulgens,
2680 2870 2895 2913 necnon
2919 2856 3312 2927 pulchritudine
3343 2863 3604 2932 magnitu-

2030 2942 2257 3013 dineque
2297 2945 2637 2998 aediﬁciorum
2662 2987 2676 3012 ,
2715 2947 2813 3000 alia
2854 2964 3063 3018 quoque
3103 2951 3412 3006 instructum
3457 2955 3605 3016 omni

2029 3032 2236 3086 artiﬁcii
2269 3035 2610 3103 materimque
2638 3037 2888 3089 varietate
2908 3078 2922 3100 ,
2951 3038 3262 3094 mirantibus
3291 3041 3563 3109 discipulis
3585 3084 3598 3105 ,

2030 3121 2153 3192 quid
2181 3122 2346 3176 dixit?
2368 3122 2551 3177 Nonne
2575 3123 2747 3177 videt’s
2765 3127 2870 3177 hazc
2894 3126 3061 3178 omnia
3079 3127 3104 3178 .9
3129 3129 3283 3180 Amen
3310 3128 3420 3180 dico
3443 3131 3603 3196 vobis,

2031 3229 2129 3265 non
2155 3214 2372 3266 manebit
2397 3215 2527 3281 lapis
2554 3231 2706 3282 super
2729 3214 2950 3282 lapidem
2976 3217 2993 3282 (
3017 3215 3201 3268 Matth.
3231 3205 3319 3270 Q4.
3348 3217 3382 3269 2
3403 3216 3421 3286 )
3440 3257 3454 3282 ,
3486 3221 3606 3289 ejus

2030 3303 2443 3358 destructionem
2470 3303 2698 3358 futuram
2725 3304 2996 3359 declarans
3018 3349 3030 3370 ,
3061 3307 3441 3361 desolationem
3462 3348 3478 3373 ,
3506 3323 3603 3359 va-

2029 3395 2259 3448 stitatem
2281 3436 2295 3458 ,
2323 3395 2528 3448 ruinam
2548 3437 2562 3462 ,
2596 3411 2713 3464 quae
2737 3411 2876 3448 nunc
2901 3395 3244 3466 Jerosolymis
3274 3405 3355 3450 est
3382 3414 3396 3449 :
3424 3397 3599 3451 omnia

2029 3487 2168 3540 enim
2199 3485 2418 3540 tediﬁcia
2448 3487 2531 3539 illa
2565 3489 2819 3556 prmcfara
2849 3489 3235 3558 conspicuaque
3262 3489 3430 3543 diruta
3456 3498 3598 3544 sunt.

2034 3575 2190 3630 Vides
2219 3576 2271 3630 in
2308 3587 2533 3646 utroque
2561 3593 2802 3647 magnam
2839 3587 2892 3632 et
2921 3578 3236 3633 ineffabilem
3267 3579 3382 3649 ejus
3409 3591 3598 3650 poten-

2030 3666 2176 3733 tiam,
2210 3667 2259 3720 iu
2286 3681 2350 3721 eo
2377 3668 2516 3736 quod
2551 3681 2608 3722 se
2645 3669 2882 3724 colentes
2915 3670 3255 3726 aedificaverit
3290 3681 3344 3725 et
3376 3672 3601 3737 auxerit,

2028 3765 2082 3810 et
2106 3757 2158 3810 in
2185 3772 2250 3810 eo
2273 3744 2412 3826 quod
2435 3758 2675 3814 inimicos
2699 3775 2825 3814 suos
2850 3760 3202 3815 humiliaverit
3219 3803 3233 3825 ,
3259 3761 3599 3829 destruxerit,

2030 3847 2386 3917 radicitusque
2422 3850 2731 3904 sustulerit?
2769 3851 3039 3921 Nusquam
3078 3853 3220 3906 enim
3267 3845 3602 3908 liuic'simile

2029 3938 2282 4006 templum
2311 3945 2427 3991 erat
2456 3947 2560 3992 tam
2587 3938 2798 3994 celebre
2820 3979 2838 4006 ,
2869 3949 3015 3994 tanto
3043 3942 3185 3994 cultu
3216 3942 3438 4010 insigne.
3471 3942 3600 3996 Nam

2029 4037 2285 4097 quotquot
2312 4028 2506 4098 ubique
2530 4044 2626 4098 per
2654 4030 2836 4084 orbem
2863 4039 3013 4083 erant
3039 4030 3236 4092 Judmi,
3265 4032 3422 4085 etiam
3455 4033 3504 4086 in
3538 4033 3598 4084 li-

2030 4121 2183 4174 nibus
2223 4130 2378 4175 terrae
2406 4121 2584 4190 positi,
2613 4123 2746 4176 istuc
2770 4122 2894 4175 olim
2925 4122 3412 4190 proficiscebantur,
3437 4122 3595 4187 dona,

2031 4212 2250 4278 hostias,
2282 4212 2574 4267 oblationes
2593 4253 2611 4279 ,
2638 4213 2896 4283 primitias
2924 4221 2978 4265 et
3007 4213 3170 4265 multa
3199 4213 3295 4265 alia
3328 4212 3557 4266 ferentes
3581 4255 3596 4277 ,

2031 4302 2281 4370 orbisque
2319 4303 2514 4356 divitiis
2553 4303 2802 4370 templum
2843 4302 3187 4365 decorantes,
3218 4316 3508 4371 omnesque
3535 4316 3600 4355 eo

2033 4392 2262 4460 undique
2287 4391 2624 4446 confluebant
2652 4392 2816 4445 Judtei
2848 4391 3083 4444 advenae.
3113 4391 3328 4444 Multum
3359 4399 3473 4444 erat
3502 4392 3602 4444 loci

2032 4497 2246 4548 nomen,
2278 4489 2332 4534 et
2366 4497 2531 4550 usque
2568 4481 2632 4536 ad
2671 4491 2910 4535 estrema
2946 4480 3090 4534 orbis
3128 4489 3458 4549 pervenerat.
3498 4478 3601 4534 Sed

2035 4591 2193 4629 unum
2223 4573 2420 4628 Christi
2456 4574 2670 4628 verbum
2710 4574 2795 4627 illa
2832 4573 3004 4627 omnia
3037 4573 3230 4627 delevit
3254 4582 3306 4627 et
3334 4571 3558 4642 perdidit
3581 4610 3600 4636 ,

2031 4683 2095 4722 ac
2127 4677 2392 4737 tamquam
2423 4667 2694 4738 pulverem
2733 4665 2799 4720 de
2835 4665 3009 4720 medio
3045 4665 3272 4720 sustulit.
3302 4665 3377 4718 Ac
3406 4680 3509 4732 quo
3537 4679 3604 4717 ne

2031 4758 2226 4814 Judteis
2247 4758 2455 4828 quidem
2473 4758 2736 4824 omnibus,
2757 4757 2861 4811 imo
2876 4771 2974 4810 nec
2993 4754 3374 4818 sacerdotibus,
3394 4753 3487 4808 sed
3506 4753 3600 4806 soli

2033 4864 2240 4904 summo
2263 4848 2521 4904 sacerdoti
2548 4849 2746 4919 ingredi
2776 4849 2986 4913 licebat,
3013 4848 3167 4916 idque
3197 4844 3358 4898 semel
3386 4844 3437 4898 in
3463 4858 3604 4896 anno

2033 4949 2234 4995 tantum
2259 4983 2274 5008 ,
2304 4957 2423 4996 cum
2457 4942 2589 4995 stola
2615 4982 2628 5007 ,
2661 4941 2871 4995 coronis
2909 4947 2964 4992 et
2997 4939 3152 4992 mitra
3171 4979 3186 5003 ,
3217 4937 3424 5006 alioque
3451 4949 3603 4988 sacro

2032 5034 2380 5098 vestimento;
2417 5046 2556 5086 nunc
2581 5041 2633 5085 et
2658 5031 2866 5095 scortis,
2895 5036 2948 5083 et
2976 5027 3223 5085 mollibus
3250 5035 3302 5081 et
3326 5023 3604 5080 effeminao

2036 5125 2102 5179 tis
2130 5134 2183 5179 et
2206 5125 2424 5179 mtecbis
2447 5132 2592 5194 patet
2611 5123 2783 5177 aditus
2809 5121 3014 5175 nemine
3039 5119 3369 5189 prohibente.
3393 5116 3523 5170 Nam
3549 5126 3606 5169 nt

2037 5217 2254 5272 verbum
2287 5216 2410 5270 illud
2441 5215 2671 5282 advenit,
2704 5213 2878 5268 omnia
2908 5212 3100 5266 delevit
3128 5218 3182 5265 et
3208 5209 3414 5263 sustulit
3447 5225 3459 5260 :
3487 5217 3602 5262 tan-

2035 5315 2252 5376 tumque
2295 5306 2362 5361 de
2407 5306 2602 5375 templo
2644 5311 2921 5373 superest,
2967 5308 3218 5370 quantum
3255 5300 3384 5354 satis
3424 5306 3506 5354 est
3548 5306 3605 5352 ut

2036 5399 2364 5460 ostendatur,
2392 5398 2604 5452 ubinam
2634 5395 2883 5464 templum
2913 5393 3037 5446 olim
3069 5401 3230 5446 esset.

2103 5491 2270 5548 Judtei
2283 5492 2519 5561 templum
2529 5497 2808 5543 restaurare
2821 5500 2918 5538 non
2931 5481 3411 5553 potnerunt.—Cogi
3419 5490 3466 5535 ta
3479 5495 3609 5550 ergo

2036 5596 2246 5659 quantae
2283 5597 2336 5641 et
2363 5585 2463 5638 hoc
2499 5582 2568 5636 sit
2607 5581 2832 5634 virtutis.
2864 5576 3070 5633 Etenim
3097 5576 3188 5644 qui
3215 5574 3340 5630 olim
3370 5583 3475 5628 tam
3507 5586 3602 5641 po-

2040 5690 2211 5735 tentes
2237 5685 2407 5743 erant,
2434 5674 2522 5746 qui
2550 5681 2731 5744 gentes
2757 5680 2809 5727 et
2837 5683 2989 5739 reges
3005 5664 3352 5736 superabant,
3368 5663 3595 5734 qniabs-
