4084 6186
430 279 534 333 855

433 403 538 454 que
563 387 817 457 sanguine
845 385 1155 456 plerumque
1187 385 1489 454 vincebant,
1523 394 1823 459 tropreaque
1849 388 2004 444 innu-

434 495 579 533 mera
606 493 738 534 nova
761 487 816 533 et
833 477 1163 532 admirabilia
1183 477 1474 546 erigebant,
1500 477 1553 532 hi
1575 479 1824 548 templum
1849 493 2010 532 unum

436 570 502 624 ab
528 570 619 623 illo
644 583 810 638 usque
840 569 906 622 ad
933 569 1034 622 hoc
1058 577 1263 637 tempus
1289 567 1551 622 aediﬁcare
1575 583 1679 622 non
1707 576 2008 638 potuerunt.

438 659 687 726 Quamvis
719 667 797 712 tot
823 673 973 728 reges
1000 657 1191 712 fuerint
1218 659 1305 727 qui
1336 657 1438 712 illis
1464 673 1619 728 opem
1648 657 1866 722 ferrent,
1898 667 2014 712 tan-

440 759 596 819 taque
617 748 895 803 multitudo
920 764 1013 816 per
1036 748 1218 802 orbem
1239 747 1446 813 diffusa,
1471 755 1649 818 totque
1671 749 2012 818 pecuniarum

440 857 570 910 opes
597 842 864 895 adessent.
904 839 1088 894 Viden’
1124 839 1389 908 quomodo
1429 855 1546 909 quae
1581 841 1668 894 ille
1696 839 2012 904 aediﬁcavit,

442 947 600 986 nemo
620 932 898 995 destruxit,
920 941 972 984 et
991 947 1106 1000 qua:
1129 932 1215 986 ille
1235 930 1512 994 destruxit,
1533 946 1689 986 nemo
1706 931 2015 986 aediﬁcavit?

441 1021 742 1077 {Ediﬁcavit
762 1022 1078 1087 Ecelesiam,
1095 1031 1149 1076 et
1169 1037 1326 1076 nemo
1347 1023 1511 1090 ipsam
1533 1022 1740 1076 destrur
1751 1038 1804 1076 re
1820 1022 1979 1092 possit
1999 1037 2014 1086 ;

440 1113 702 1168 destruxit
733 1113 982 1182 templum
1008 1153 1023 1178 ,
1053 1122 1106 1167 et
1135 1128 1292 1167 nemo
1318 1114 1489 1182 ipsum
1516 1121 1817 1170 restaurare
1847 1114 2014 1180 valet,

445 1201 601 1271 idque
629 1212 732 1256 tam
760 1202 1010 1256 diuturno
1037 1211 1272 1272 tempore
1301 1220 1313 1254 :
1342 1204 1581 1273 quamvis
1613 1205 1752 1258 illam
1779 1205 2020 1258 destrue-

446 1308 504 1346 re
535 1295 873 1358 tentaverint,
905 1309 1008 1347 non
1038 1303 1256 1363 potuere
1286 1303 1496 1359 tamen;
1529 1295 1767 1364 quamvis
1794 1294 1893 1350 hoc
1920 1294 2016 1349 de—

448 1397 555 1436 nuo
581 1384 809 1438 excitare
838 1386 1009 1438 conati
1037 1387 1160 1448 sint,
1190 1385 1240 1438 id
1271 1384 1466 1439 frustra
1494 1386 1658 1440 moliti
1686 1395 1827 1441 sunt.

513 1473 752 1528 Julianus
805 1473 1048 1543 Apostata
1095 1475 1149 1527 id
1195 1478 1385 1545 frustra
1426 1478 1647 1532 tentavit.
1677 1504 1744 1517 —-
1795 1477 1850 1532 Id
1895 1492 2022 1532 vero

449 1566 761 1633 permissum
792 1565 887 1618 fuit
927 1580 994 1619 ne
1018 1565 1108 1634 qui
1146 1566 1382 1632 diceret,
1407 1567 1449 1620 si
1480 1567 1530 1621 id
1565 1577 1817 1621 tentatum
1849 1578 2019 1634 esset,

448 1658 560 1710 fieri
606 1661 875 1726 potuisse:
907 1673 1032 1712 ecce
1077 1666 1441 1725 tentaverunt,
1485 1667 1538 1713 et
1584 1675 1688 1713 non
1718 1668 2021 1728 potuerunt.

447 1747 577 1799 Nam
621 1755 775 1800 artate
821 1756 1001 1802 nostra
1029 1746 1356 1816 Imperator,
1394 1747 1484 1816 qui
1524 1763 1710 1803 omnes
1756 1749 2024 1818 impietate

447 1839 752 1906 superabat,
809 1846 860 1892 et
908 1837 1210 1892 facultatem
1255 1847 1378 1892 tunc
1418 1837 1564 1892 dedit
1604 1848 1658 1892 et
1711 1847 2026 1908 cooperatus

451 1938 554 1981 est.
605 1927 747 1997 Opus
791 1925 1038 1997 incepere
1063 1969 1078 1991 ,
1109 1943 1170 1982 ac
1213 1944 1280 1982 ne
1319 1929 1403 1982 vel
1429 1929 1703 1983 minimum
1743 1929 1876 1983 ultra
1905 1943 2026 1996 pro-

449 2019 597 2087 gredi
655 2029 908 2086 potuere;
938 2018 1031 2072 sed
1071 2019 1206 2088 ignis
1252 2034 1282 2071 a
1334 2018 1690 2072 fundamentis
1731 2019 1978 2073 exsiliens
2005 2057 2021 2084 ,

449 2121 635 2163 ninnes
664 2109 882 2178 fugavit.
909 2109 1059 2175 Quod
1096 2117 1276 2162 autem
1303 2108 1598 2174 voluerint,
1642 2110 1743 2161 hoc
1777 2107 2025 2162 indicium

450 2209 570 2265 est,
615 2199 755 2268 quod
801 2199 1059 2253 hactenus
1088 2198 1427 2272 fundamenta
1475 2198 1669 2252 nudata
1719 2207 2021 2267 appareant,

450 2297 511 2342 ut
538 2288 718 2342 videas
739 2289 879 2356 ipsos
900 2287 1110 2357 quidem
1137 2286 1318 2342 fodere
1346 2288 1573 2356 ccepisse
1595 2328 1609 2352 ,
1638 2287 1731 2342 sed
1765 2287 2026 2342 azdiﬁcare

453 2395 558 2434 non
586 2381 819 2449 potuisse
843 2419 858 2444 ,
908 2379 1197 2434 obsistente
1236 2378 1432 2432 Christi
1458 2379 1742 2433 sententia.
1774 2377 2025 2444 Quamvis

452 2480 627 2524 autem
653 2470 760 2540 jam
808 2471 932 2524 olim
983 2470 1309 2525 destructum
1354 2469 1541 2525 fuisset
1580 2470 1682 2524 hoc
1733 2470 2022 2539 templum,

451 2570 508 2614 at
538 2562 600 2615 iis
643 2569 761 2630 post
801 2575 968 2617 annos
995 2562 1326 2630 septuaginta
1355 2561 1584 2615 reversis
1611 2601 1628 2626 ,
1676 2561 1851 2615 statim
1894 2560 2030 2615 exci-

455 2660 620 2705 tatum
667 2660 792 2717 est,
843 2659 903 2706 et
950 2653 1129 2720 priore
1176 2649 1504 2719 splendidius
1553 2650 1664 2704 fuit.
1698 2649 1848 2718 Quod
1898 2665 2028 2704 sane

457 2742 729 2810 praphetze
777 2741 1054 2804 dixerant,
1097 2749 1149 2794 ct
1200 2750 1482 2810 antequam
1530 2740 1680 2795 ﬁeret
1706 2741 2028 2810 praenuntia-

456 2839 596 2884 rant.
634 2830 783 2884 Nunc
810 2839 984 2884 autem
1019 2831 1140 2901 plus
1167 2846 1322 2899 quam
1351 2829 1902 2900 quadringentesimus
1929 2845 2028 2884 an-

454 2937 556 2976 nus
581 2930 694 2987 est,
725 2932 777 2976 et
803 2922 944 2976 nulla
965 2923 1238 2990 cogitatio,
1276 2923 1416 2975 nulla
1449 2923 1772 2991 exspectatio
1800 2922 1878 2976 vel
1909 2937 2030 2991 spes

454 3025 561 3076 εει,
581 3011 704 3066 illud
737 3011 872 3064 ultra
904 3012 1300 3066 instaurandum
1329 3011 1704 3080 l'ore.Atqui,si
1728 3026 1833 3064 non
1853 3011 2029 3066 divina

457 3103 624 3156 virtus
650 3102 1030 3166 obluctaretur,
1048 3103 1170 3171 quid
1219 3103 1452 3156 obstaret
1477 3102 1500 3155 ?
1529 3103 1717 3156 Annon
1747 3116 1933 3172 magna
1952 3102 2030 3155 vis

464 3193 802 3260 pecuniarum
831 3206 992 3260 penes
1013 3192 1129 3244 illos
1155 3192 1275 3245 est?
1295 3191 1484 3245 Annon
1505 3190 1572 3244 ab
1598 3191 1845 3245 omnibus
1875 3190 2029 3244 undi-

463 3299 566 3354 que
594 3284 785 3337 tributa
815 3283 1067 3352 colligens
1100 3282 1394 3352 patriarcha
1425 3285 1440 3313 ⁸
1467 3283 1756 3337 immensos
1795 3281 2030 3352 possidet

461 3375 737 3430 thesauros
761 3376 784 3429 ’ἒ
813 3378 1004 3428 Annon
1034 3374 1204 3428 audax
1233 3374 1321 3428 illa
1348 3374 1490 3429 natio
1534 3375 1652 3442 est?
1689 3388 1864 3428 annon
1928 3375 2029 3428 im-

461 3466 685 3534 pudens,
741 3466 1092 3530 contentiosa,
1143 3463 1442 3529 temeraria,
1489 3464 1787 3518 seditiosa?
1840 3466 2028 3518 Annon

461 3559 613 3610 multi
656 3565 779 3611 sunt
802 3557 856 3610 in
887 3557 1202 3610 Palmstina?
1241 3570 1419 3610 annon
1452 3556 1602 3610 multi
1636 3556 1690 3610 in
1739 3557 2032 3610 thnicia?

463 3664 637 3701 annon
669 3647 819 3701 multi
859 3647 1091 3716 ubique?
1129 3646 1407 3713 Quomodo
1451 3662 1577 3715 ergo
1606 3661 1711 3700 non
1751 3657 2034 3716 potuerunt

463 3753 625 3792 unum
661 3737 838 3790 denuo
875 3746 1185 3791 construere
1214 3736 1465 3805 templum
1485 3776 1500 3800 ,
1533 3738 1825 3806 praesertim
1853 3739 2034 3792 viden-

461 3839 543 3882 tes
588 3830 786 3882 cultum
829 3843 981 3882 suum
1023 3826 1146 3882 hinc
1202 3828 1396 3896 ubique
1443 3827 1733 3896 impediri,
1787 3827 2033 3882 Judaicos

465 3920 595 3974 ritus
640 3918 880 3985 aboleri,
919 3917 1208 3984 sacriﬁcia,
1241 3909 1569 3982 oblationes,
1609 3928 1908 3989 caeteraque
1935 3920 2032 3974 hu-

455 4009 687 4080 jnsmodi
717 4009 902 4079 legalia
929 4008 997 4063 de
1038 4009 1214 4063 medio
1261 4009 1400 4074 tolli,
1430 4008 1751 4075 omninoque
1795 4008 2031 4063 cessare?

459 4099 640 4169 Neque
678 4100 818 4154 enim
873 4098 973 4154 illis
1005 4099 1083 4153 vel
1130 4114 1274 4152 aram
1303 4098 1536 4152 excitare
1561 4139 1575 4163 ,
1604 4095 1685 4152 vel
1717 4098 2029 4152 sacriﬁcium

462 4189 692 4254 offerre,
720 4189 804 4243 Vel
854 4189 1052 4253 libare,
1098 4190 1184 4244 vel
1227 4203 1380 4244 ovem
1433 4189 1702 4257 imponere
1747 4197 1840 4241 aut
1880 4187 2031 4242 sufﬁ-

465 4289 574 4333 tum
594 4320 610 4342 ,
641 4279 727 4333 vel
754 4279 922 4348 legem
951 4279 1176 4332 recitare
1205 4317 1221 4343 ,
1250 4277 1336 4330 vel
1376 4275 1569 4331 festum
1611 4276 1882 4331 celebrare
1902 4318 1916 4344 ,
1948 4277 2032 4332 vel

463 4368 732 4438 quidpiam
758 4369 930 4423 simile
959 4367 1134 4423 facere
1161 4367 1351 4422 licebat
1375 4376 1520 4422 extra
1544 4367 1631 4421 illa
1653 4367 1857 4422 limina.

537 4452 624 4512 ΓΙ.
669 4457 808 4512 Sane
835 4473 954 4512 cum
1003 4457 1271 4528 Babylone
1323 4465 1535 4524 essent,
1568 4466 1620 4512 ct
1672 4458 1738 4512 ab
1791 4458 2033 4512 hostibus

464 4555 822 4617 cogerentur,
880 4555 938 4600 ut
996 4548 1320 4616 psallerent,
1378 4563 1482 4601 non
1552 4549 2028 4617 obtemperarunt,

465 4653 641 4708 neque
691 4651 896 4692 morem
951 4649 1266 4707 gesserunt,
1311 4640 1514 4693 tametsi
1560 4640 1752 4708 captivi
1797 4649 1851 4694 et
1893 4641 2031 4695 servi

467 4739 658 4795 erant,
715 4727 1049 4799 dominisque
1096 4744 1154 4783 se
1196 4731 1508 4784 vexantibus
1574 4730 1847 4784 suberant.
1927 4731 2032 4786 Sed

467 4819 674 4875 etiamsi
719 4834 750 4872 a
800 4820 965 4888 patria
1001 4828 1054 4872 et
1095 4834 1124 4872 a
1176 4819 1420 4874 libertate
1459 4821 1818 4885 excidissent,
1868 4830 1922 4875 et
1965 4821 2034 4876 de

464 4911 576 4981 ipsa
634 4909 737 4961 vita
790 4909 1248 4979 periclitarentur,
1303 4919 1356 4964 et
1420 4910 1569 4980 quasi
1617 4910 1806 4980 laqueo
1873 4926 2033 4966 manu

526 5001 542 5031 ⁸
579 5000 898 5062 Patriarcbam
931 5000 1200 5062 Judaeorum
1241 4999 1376 5062 multi
1419 5003 1678 5062 scriptores
1715 5001 2033 5053 Ecclesiastici

457 5067 742 5110 memorant.
779 5061 1015 5124 Origenes
1035 5057 1085 5111 in
1108 5061 1354 5124 opusculo,
1389 5057 1693 5124 quod'nuper
1737 5066 1861 5124 typis
1894 5064 2034 5111 dedi-

458 5135 566 5171 mus
586 5129 694 5184 post
729 5121 1059 5184 I'raeliminaria
1079 5121 1151 5170 ad
1162 5123 1388 5184 Hexapla,
1406 5121 1522 5172 dicit
1552 5121 1740 5172 secum
1759 5121 2034 5173 'Iiatriarcba

456 5182 726 5232 Judazorum
747 5182 871 5231 Jullo
889 5197 1202 5242 congressum
1227 5182 1354 5232 esse.
1383 5185 1693 5232 Patriarcham
1715 5186 1832 5234 item
1852 5184 2038 5233 Judteo-

457 5257 563 5307 rum
584 5251 852 5292 memorant
881 5243 1076 5307 Cyrinus
1106 5244 1327 5304 Jerosol.,
1366 5247 1693 5307 Hieronymus,
1727 5246 2036 5307 maximeque

457 5306 788 5367 Theodorotus
807 5305 924 5354 Diali
949 5313 979 5354 l.
1006 5320 1066 5353 ex
1091 5307 1226 5367 cujus
1245 5307 1384 5355 dictis
1407 5305 1620 5367 arguitur
1645 5306 1934 5354 I’atriarcbas
1955 5305 2038 5354 llu-

455 5364 670 5414 dzeorum
693 5379 748 5429 se
785 5380 845 5414 ex
874 5369 1105 5429 progenie
1129 5364 1314 5416 tiavidis
1339 5379 1449 5416 esse
1466 5364 1603 5429 'lalso
1624 5367 1910 5429 Vjactitasse.
1936 5375 2036 5416 Duo

459 5427 889 5490 erantuudatorum
927 5427 1221 5487 Patriarehze,
1247 5439 1449 5490 quorum
1473 5427 1596 5490 alter
1621 5427 1668 5475 in
1703 5427 1862 5475 Jndtea
1884 5427 2036 5490 dege-

458 5487 557 5551 bat,
580 5487 704 5551 alter
730 5489 978 5551 Babylone.
1003 5496 1071 5551 _l)e
1109 5487 1388 5538 Patriarchis
1417 5488 1687 5551 Judaaorum
1720 5497 1869 5549 agunt
1897 5489 1928 5536 ii
1951 5487 2035 5551 qui

458 5546 522 5611 de
545 5546 1093 5611 Judzeorum'republica
1125 5556 1412 5611 tractavere.
1449 5550 1562 5597 Vide
1601 5546 1872 5611 pricsertim
1902 5546 2036 5599 Peta-

463 5607 590 5670 t-ium
613 5608 662 5670 in
687 5611 816 5670 notis
831 5609 889 5657 ad
908 5607 1251 5670 Epiphanil‘m'.
1281 5621 1331 5660 et
1352 5617 1445 5661 Jac.
1471 5607 1808 5662 Gothofredum
1832 5612 1890 5660 ad
1921 5614 2032 5662 Cod.

457 5669 485 5717 Ἰ
501 5667 928 5731 beodosianum,'l‘.
949 5667 1020 5731 'vt,
1045 5684 1091 5732 p.
1116 5670 1206 5718 213

1096 248 1158 302 S.
1209 247 1492 303 JOANNIS
1529 249 2017 306 CIIRYSOSTOMI
2058 255 2379 313 ARCIIIEP.
2422 257 2968 314 CONSTANTINOP.

3577 281 3679 335 836

2122 386 2354 440 hostium
2381 387 2774 455 detinerentur,
2791 388 2924 457 jussi
2953 389 3215 444 canticum
3249 390 3462 459 organis
3487 403 3683 444 canere

2117 475 2193 529 sic
2219 475 2467 530 dicebant
2496 497 2510 531 :
2544 477 2712 547 Super
2755 479 2968 548 [lumina
3007 477 3280 548 Babylonis
3319 479 3425 532 illic
3468 481 3686 534 sedimus

2117 573 2164 618 et
2203 567 2450 633 ﬂeuimus.
2495 567 2625 631 Quia
2682 570 3111 638 interrogaverunt
3149 586 3240 622 nos
3265 611 3280 636 ,
3334 571 3421 639 qui
3465 577 3688 632 captivos

2118 654 2365 709 duxerunt
2407 674 2497 710 nos
2521 699 2534 722 ,
2567 658 2714 712 verba
2738 661 3043 728 cantionum.
3091 659 3353 726 Quomodo
3381 663 3688 718 cantabimus

2118 747 2365 798 canticum
2410 745 2611 800 Domini
2647 749 2699 801 in
2739 759 2869 802 terra
2914 750 3080 803 aliena
3125 749 3306 821 (Psal.
3343 752 3464 806 156.
3502 754 3546 806 l.
3574 755 3691 824 4)?

2119 835 2227 890 Nec
2277 846 2448 905 potest
2495 842 2771 907 quisquam
2823 839 3001 894 dicere
3051 841 3195 909 ipsos
3249 841 3318 894 ob
3371 857 3688 910 organorum

2122 930 2394 997 penuriam
2417 944 2521 982 non
2544 931 2800 984 cecinisse
2825 948 2839 984 :
2863 946 3075 984 causam
3105 932 3245 986 enim
3265 932 3337 986 illi
3361 932 3693 1002 protulerunt

2121 1017 2359 1072 dicentes
2397 1036 2409 1071 :
2456 1017 2717 1082 Quomodo
2756 1020 3062 1074 cantabimus
3095 1021 3346 1074 canticum
3397 1021 3603 1076 Domini
3634 1025 3694 1077 in

2123 1115 2254 1159 terra
2299 1108 2511 1161 aliena?
2555 1107 2760 1178 Organa
2803 1124 2932 1164 vero
2971 1124 3136 1179 penes
3177 1125 3236 1164 se
3291 1110 3595 1166 habebant:
3627 1112 3696 1167 1η

2122 1200 2376 1264 salicibus,
2412 1202 2577 1266 aiunt,
2615 1203 2668 1254 in
2712 1203 2872 1255 media
2893 1218 3101 1267 eorum,
3128 1203 3478 1272 suspendimus
3508 1221 3696 1273 organa

2125 1301 2320 1345 nostra.
2355 1291 2461 1346 Sed
2490 1307 2663 1360 neque
2700 1291 2942 1360 jejunare
2965 1291 3156 1345 licebat
3184 1292 3285 1346 illis
3309 1332 3322 1356 ,
3345 1292 3486 1361 quod
3515 1292 3693 1347 decla-

2125 1396 2251 1435 rans
2279 1381 2534 1451 propheta
2555 1381 2764 1436 dicebat
2807 1401 2818 1435 :
2853 1380 3115 1449 Numquid
3140 1383 3393 1450 jejunium
3427 1383 3696 1452 jejunastis

2125 1473 2250 1524 mihi
2277 1473 2424 1526 annis
2460 1473 2774 1543 septuaginta
2797 1513 2810 1536 ,
2863 1473 2982 1526 dicit
3008 1471 3256 1526 Dominus
3303 1472 3485 1545 (Zuclt.
3515 1476 3569 1530 7.
3596 1474 3695 1544 5)?

2126 1562 2276 1629 Quod
2301 1573 2476 1618 autem
2515 1564 2614 1617 illis
2642 1579 2740 1618 nec
2782 1563 3080 1617 sacriﬁcare
3110 1578 3206 1618 nec
3232 1563 3398 1618 libare
3424 1563 3504 1624 fas
3532 1574 3692 1629 esset,

2125 1652 2246 1705 audi
2301 1662 2409 1708 tres
2439 1668 2628 1721 pueros
2671 1651 2911 1706 dicentes
2941 1671 2954 1704 :
2990 1651 3110 1705 Non
3138 1661 3210 1705 est
3251 1653 3509 1722 princeps,
3543 1670 3700 1721 neque

2128 1744 2371 1813 propheta
2393 1785 2408 1810 ,
2457 1761 2612 1814 neque
2658 1745 2794 1809 dux,
2823 1761 2983 1814 neque
3023 1745 3161 1798 locus
3211 1745 3278 1796 ad
3313 1745 3696 1813 sacriﬁcandum

2129 1849 2295 1886 coram
2323 1845 2370 1887 te
2389 1875 2402 1899 ,
2434 1845 2481 1887 et
2510 1835 2856 1889 inveniendum
2893 1834 3285 1888 misericordiam
3314 1834 3470 1905 (Dan.
3503 1836 3555 1888 5.
3582 1836 3692 1904 58).

2127 1922 2242 1976 Non
2274 1923 2556 1990 dixerunt,
2587 1939 2690 1978 non
2718 1933 2798 1978 est
2847 1924 3132 1984 sacerdos;
3161 1923 3382 1978 aderant
3427 1925 3568 1978 enim
3609 1941 3696 1980 sa-

2129 2013 2413 2068 cerdotes:
2447 2015 2540 2069 sed
2585 2024 2641 2068 ut
2690 2014 2860 2069 discas
2913 2014 2981 2068 de
3027 2014 3144 2067 loco
3193 2024 3394 2067 tantum
3440 2015 3558 2082 agi,
3615 2023 3698 2068 to-

2130 2112 2343 2172 tamque
2383 2104 2553 2173 legem
2603 2118 2665 2158 ea
2700 2104 2752 2157 in
2805 2119 2865 2158 re
2894 2103 3199 2158 obstrictam
3249 2117 3388 2168 esse,
3433 2102 3695 2167 dicebant,

2132 2191 2252 2245 Non
2280 2204 2352 2246 est
2383 2194 2538 2247 locus.
2574 2195 2636 2247 Et
2679 2194 2802 2262 quid
2833 2194 2898 2247 de
2938 2193 3200 2248 sacriﬁcio
3242 2201 3295 2246 et
3332 2192 3400 2247 de
3451 2193 3699 2249 libatione

2129 2281 2361 2352 loquor?
2400 2283 2476 2337 Ne
2505 2283 2717 2352 quidem
2767 2283 2991 2337 recitare
3041 2282 3210 2351 legem
3269 2282 3459 2335 licebat
3511 2283 3639 2351 ipsis
3684 2301 3696 2336 :

2130 2373 2271 2443 quod
2315 2374 2642 2442 exprobrans
2670 2375 2806 2429 alius
2857 2374 3112 2444 prOpheta
3155 2371 3402 2426 dicebat:
3453 2373 3520 2426 Et
3562 2375 3700 2445 lege-

2129 2474 2246 2517 runt
2271 2466 2394 2535 foris
2423 2466 2618 2536 legem,
2648 2476 2694 2519 et
2721 2467 3086 2521 advocaverunt
3117 2469 3480 2538 confessionem
3529 2469 3702 2539 (Amos

2131 2556 2183 2610 4.
2217 2555 2293 2623 5).
2323 2555 2441 2610 Non
2484 2557 2684 2612 Pascha
2707 2600 2722 2623 ,
2747 2574 2858 2618 non
2906 2560 3252 2615 Pentecosten
3283 2603 3298 2626 ,
3347 2577 3454 2615 non
3503 2561 3703 2616 Scene-

2133 2646 2370 2716 pegiam,
2421 2662 2524 2701 non
2555 2648 2698 2703 aliud
2727 2649 2852 2719 quid
2894 2649 3068 2705 simile
3132 2651 3403 2706 celebrare
3441 2661 3699 2721 poterant.

2132 2737 2379 2792 Attamen
2405 2739 2504 2794 etsi
2544 2742 2789 2796 noverint
2824 2757 2882 2796 se
2929 2749 3147 2812 propter
3194 2745 3292 2798 loci
3320 2744 3700 2800 desolationem

2133 2831 2201 2884 ab
2254 2831 2334 2885 bis
2362 2833 2604 2888 omnibus
2638 2835 2880 2903 excludi,
2911 2846 2966 2892 et
3007 2851 3066 2892 se
3089 2878 3103 2902 ,
3145 2839 3189 2892 si
3239 2838 3364 2908 quid
3403 2853 3584 2894 eorum
3611 2853 3703 2909 ag-

2132 2921 2466 2992 grediantur,
2495 2924 2663 2994 legem
2689 2926 2980 2996 transgredi
3009 2942 3296 2998 poenasque
3325 2927 3540 2983 daturos
3561 2942 3700 2993 esse,

2134 3030 2238 3068 non
2272 3024 2489 3084 potuere
2523 3016 2696 3070 locum
2720 3056 2736 3086 ,
2784 3019 2836 3071 in
2883 3033 2989 3086 quo
3036 3018 3227 3072 licebat
3266 3018 3378 3072 ha-c
3419 3019 3597 3072 omnia
3627 3018 3703 3072 le-

2133 3105 2315 3176 gitime
2368 3104 2546 3160 facere
2573 3148 2587 3172 ,
2633 3107 2836 3176 erigere
2884 3117 2940 3162 et
2985 3119 3302 3164 restaurare.
3355 3107 3485 3162 Nam
3538 3108 3705 3162 virtus

2133 3196 2374 3262 Christi,
2407 3213 2524 3266 qua:
2574 3198 2870 3253 Ecclesiam
2908 3199 3220 3266 aediﬁcavit,
3261 3199 3445 3254 eadem
3486 3207 3540 3254 et
3582 3207 3707 3253 tem-

2138 3289 2281 3358 plum
2327 3289 2604 3344 destruxit.
2665 3289 2928 3360 Propheta
2973 3300 3117 3345 certe
3161 3291 3438 3360 praedixit,
3479 3299 3533 3344 et
3575 3306 3705 3345 ven-

2137 3390 2312 3435 turum
2339 3380 2607 3435 Christum
2636 3423 2650 3446 ,
2682 3390 2736 3435 et
2765 3382 2879 3436 hcce
2903 3392 3262 3450 operaturum,
3292 3381 3496 3435 etiamsi
3527 3380 3570 3433 is
3591 3389 3708 3449 post

2135 3474 2488 3542 captivitatem
2539 3473 2732 3536 fuerit;
2785 3472 2905 3526 audi
2948 3472 3074 3542 quid
3130 3471 3322 3526 dicat:
3369 3470 3435 3523 Et
3485 3472 3538 3523 in
3575 3470 3707 3523 vobis

2137 3567 2499 3619 concludentur
2531 3566 2710 3634 janua.’
2735 3606 2749 3630 ,
2791 3575 2836 3619 et
2879 3581 2979 3618 non
3019 3564 3315 3628 accendetur
3339 3563 3500 3615 altare
3545 3577 3707 3614 meum

2135 3657 2311 3726 gratis.
2375 3654 2496 3708 Non
2553 3665 2624 3710 est
2691 3657 2814 3708 mihi
2865 3657 3092 3708 uoluntas
3149 3655 3202 3707 in
3251 3652 3419 3720 vobis,
3475 3655 3594 3722 quia
3647 3651 3706 3704 ab

2139 3749 2339 3802 Oriente
2374 3749 2494 3802 solis
2521 3765 2676 3817 usque
2703 3748 2769 3800 ad
2801 3748 3116 3800 Occidentem
3141 3762 3318 3798 nomen
3357 3761 3520 3797 meum
3555 3744 3709 3814 glori-

2135 3841 2336 3909 ﬁcatum
2381 3851 2452 3894 est
2485 3841 2535 3892 in
2561 3840 2787 3909 gentibus
2809 3879 2822 3903 ,
2845 3849 2890 3891 et
2917 3840 2967 3891 in
3002 3838 3137 3892 omni
3155 3837 3262 3890 loco
3293 3838 3550 3890 incensum
3586 3835 3710 3887 milii

2137 3930 2383 3997 offertur,
2432 3940 2477 3983 et
2525 3930 2827 3998 sacri/icium
2868 3945 3051 3998 purum
3100 3926 3353 3996 (Malach.
3402 3925 3564 3979 1.10.
3595 3924 3706 3994 Η).

2137 4023 2296 4077 Vides
2336 4021 2603 4092 quomodo
2632 4020 2910 4075 manifeste
2960 4029 3014 4074 et
3053 4019 3379 4073 Judaismum
3423 4017 3577 4085 ejceit
3601 4057 3614 4078 ,
3657 4025 3710 4068 et

2136 4113 2596 4169 Christianismum
2645 4110 2978 4178 eﬁ'ulgentem
3027 4109 3373 4173 monstravit,
3422 4114 3478 4159 et
3519 4105 3711 4172 ubique

2138 4213 2396 4257 terrarum
2423 4201 2709 4255 diffusum?
2733 4200 2917 4254 Cultus
2949 4215 3076 4254 vero
3105 4199 3360 4252 rationem
3388 4196 3520 4250 alius
3549 4195 3712 4264 signi-

2138 4296 2308 4351 ﬁcavit
2339 4296 2419 4348 his
2440 4293 2706 4348 verbiszEt
2732 4291 3009 4346 adorabunt
3030 4307 3140 4345 eum
3166 4290 3501 4359 unusquisque
3519 4303 3581 4340 ea:
3604 4288 3710 4340 loco

2135 4405 2244 4453 suo,
2270 4395 2317 4442 et
2343 4387 2551 4441 servient
2579 4387 2624 4439 ei
2653 4386 2745 4438 sub
2768 4386 2900 4455 jugo
2921 4401 3019 4438 uno
3046 4383 3231 4454 (Soph.
3262 4383 3313 4436 5.
3337 4381 3423 4451 10)
3455 4398 3467 4433 :
3494 4390 3548 4434 et
3576 4379 3710 4432 alius

2138 4480 2370 4533 iterum:
2409 4477 2563 4547 Virgo
2619 4475 2783 4530 Israel
2851 4476 2996 4544 lapsa
3053 4485 3123 4528 est
3147 4515 3161 4536 ,
3203 4489 3302 4526 non
3357 4480 3576 4539 resurget
3605 4484 3712 4520 ant-

2138 4570 2270 4639 plius
2297 4568 2472 4637 (Amos
2503 4569 2554 4622 5.
2581 4567 2662 4637 2).
2693 4566 2875 4620 Daniel
2917 4573 3092 4619 autem
3148 4564 3260 4617 htee
3305 4561 3481 4614 omnia
3529 4567 3710 4628 aperte

2137 4669 2319 4716 narrat
2343 4679 2354 4714 :
2383 4661 2627 4715 universa
2654 4673 2845 4727 nempe
2885 4656 3114 4712 tollenda
3141 4669 3258 4709 esse
3281 4695 3296 4718 ,
3344 4651 3570 4706 hostiam
3597 4692 3612 4716 ,
3640 4651 3706 4704 li-

2139 4753 2360 4816 bamen,
2402 4751 2707 4805 unctionem
2731 4789 2746 4812 ,
2785 4747 3061 4818 judicium.
3106 4745 3298 4799 Verum
3320 4743 3435 4797 haec
3455 4783 3471 4808 ,
3504 4739 3716 4811 quando

2137 4848 2390 4900 adversus
2463 4841 2675 4897 Judzeos
2724 4854 3023 4894 sermonem
3093 4837 3470 4900 instituemus,
3522 4833 3718 4887 clarius

2139 4935 2413 5006 fusiusque
2465 4933 2864 5002 explicabimus.
2919 4929 3134 4984 Interim
3179 4941 3306 4982 vero
3353 4927 3403 4979 in
3449 4923 3709 4978 destinata

2142 5040 2418 5097 pergamus
2442 5025 2524 5078 via
2545 5065 2562 5090 ,
2593 5023 2988 5090 Geutiliumque
3025 5019 3418 5074 contentionem
3461 5013 3714 5068 retunda-

2139 5135 2282 5173 mus.
2313 5117 2426 5171 Non
2476 5116 2568 5170 tibi
2595 5115 2701 5168 dixi
2732 5122 2970 5168 mortuos
3013 5110 3294 5165 suscitatus
3314 5148 3328 5172 ,
3360 5107 3444 5161 vel
3475 5105 3715 5174 leprosos

2141 5209 2422 5263 mundatos
2446 5249 2461 5273 ,
2511 5221 2578 5260 ne
2623 5205 2826 5260 diceres
2865 5204 2978 5256 haec
3019 5199 3293 5254 mendacia
3337 5211 3491 5262 esse,
3521 5195 3712 5248 fastum

2139 5309 2195 5355 et
2223 5298 2444 5352 fabulas.
2474 5295 2602 5361 Quis
2635 5294 2808 5348 vidit?
2849 5293 2969 5362 quis
3020 5289 3260 5343 audivit?
3290 5287 3454 5341 Iidem
3501 5283 3600 5353 ipsi
3627 5296 3715 5352 qut

2141 5395 2419 5443 narrarunt
2461 5387 2768 5444 cruciﬁxum
2818 5391 2869 5436 et
2908 5381 3145 5450 colaphis
3174 5393 3369 5433 caesum
3393 5418 3408 5442 ,
3440 5376 3513 5428 illi
3558 5374 3714 5428 etiam

2143 5480 2259 5535 tunc
2286 5480 2550 5533 dixerunt.
2579 5477 2683 5531 Cur
2732 5490 2857 5546 ergo
2889 5474 2990 5528 fide
3033 5473 3221 5544 dignos
3263 5474 3315 5524 in
3373 5469 3476 5521 illis
3518 5476 3712 5536 putas,

2143 5571 2195 5625 in
2242 5570 2356 5624 istis
2400 5583 2526 5623 vero
2589 5567 2731 5622 dicta
2779 5564 3121 5634 reprehendis
3163 5560 3310 5631 quasi
3389 5558 3500 5612 haec
3542 5565 3712 5633 gesta

2146 5679 2251 5717 non
2287 5662 2432 5717 sint?
2461 5661 2614 5730 Atqui
2643 5659 2686 5714 si
2724 5657 2788 5712 ad
2817 5655 3050 5726 magistri
3083 5651 3303 5721 gratiam
3337 5646 3452 5700 haec
3483 5642 3713 5713 scripse-
