4084 6186
360 327 470 384 855

363 436 793 509 περιγενόμενοι,
815 435 909 493 καὶ
941 433 1212 509 ἀναιμωτί
1237 434 1502 510 πολλαχοῦ
1531 428 1785 511 πολέμων
1805 458 1941 513 κρα-

358 528 646 598 τήσαντες,
677 525 772 580 καὶ
805 526 1040 599 τρόπαια
1078 530 1259 601 ,μυρία
1299 530 1597 601 στήσαντες
1636 532 1800 585 καινὰ
1847 530 1942 585 καὶ

930 322 1207 380 CONTRA
1246 322 1537 381 JUDEOS
1574 322 1665 379 ET
1701 322 2064 411 GENTILES.
2104 324 2295 393 QUOD
2333 324 2684 383 CHRISTUS
2724 324 2833 380 SIT
2875 323 3079 382 DEUS.

3513 326 3618 382 836

2047 441 2169 497 τῶν
2197 441 2479 511 ποταμῶν
2522 440 2884 507 Βαϐυλῶνος
2920 440 3049 494 ἐκεῖ
3088 439 3476 509 ἐκαθίσαμνν,
3523 439 3623 493 καί

2045 534 2450 604 ἐκλαύσαμεν,
2491 532 2578 588 ὅτι
2610 531 3006 601 ἐπηρώτησαν
3041 530 3200 600 ἡμᾶς
3236 532 3290 584 οί
3327 532 3624 600 αἰχμαλω-

360 618 662 691 παράδοξα,
694 611 843 672 οὗτοι
871 618 999 673 ναὸν
1030 618 1130 673 ἕνα
1167 620 1228 685 ἐξ
1257 621 1468 675 ἐκείνου
1502 622 1663 694 μέχρι
1707 622 1807 692 τῆς
1845 624 1942 694 σή·
1973 672 2007 694 ἱ
2046 626 2369 693 τεύσαντες
2396 624 2554 695 ἡμᾶς
2585 624 2809 696 λόγους
2844 622 3032 691 ᾠδῶν.
3080 621 3211 688 Πῶς
3245 621 3474 691 ᾅσομεν
3508 620 3628 689 τὴν

362 708 529 782 μερον
564 709 918 781 οἰκοδομῆσαι
945 710 1045 764 οὐκ
1075 710 1302 781 ίσχυσαν
1324 729 1337 745 ο
1381 713 1477 766 καὶ
1524 711 1699 768 ταῦτα
1748 712 1965 766 τοσού-’

360 816 469 877 των
495 800 764 873 βασιλέων
790 800 1098 871 γενομένων
1123 805 1215 858 καὶ
1249 805 1710 876 συμπραττόντων
1727 805 1937 871 αὐτοῖς,

360 891 458 946 καὶ
489 892 725 964 πλήθους
751 893 1007 947 τοσούτου
1058 895 1202 950 κατά
1245 895 1344 968 τήν
1387 896 1712 967 οἰκουμένην
1779 913 1941 967 κεχυ-

363 985 551 1057 μένου,
599 986 695 1038 καὶ
737 986 1035 1057 χρημάτων
1090 987 1360 1043 τοσούτων
1405 988 1586 1052 αὐτοῖς
1632 987 1933 1060 παρόντων.

339 1072 515 1140 Ἐἶδες
551 1075 669 1140 πῶς
703 1076 847 1148 άπερ
888 1076 1259 1151 ᾠκοδόμησεν,
1316 1079 1493 1145 οὐδεὶς
1537 1080 1789 1146 καθεῖλε,
1842 1079 1939 1134 xal

360 1168 505 1239 άπερ
537 1168 806 1233 καθεῖλεν,
836 1169 1012 1234 οὐδεὶς
1051 1170 1428 1244 ᾠκοδόμησενς
1464 1172 1803 1245 ιᾮκοδόμησε
1836 1172 1938 1245 τήν

370 1259 720 1330 Ἐκκλησίαν,
748 1262 843 1314 καὶ
877 1262 1054 1327 οὐδεὶς
1091 1264 1261 1334 αὐτὴν
1301 1263 1551 1319 καθελεῖν
1600 1262 1805 1320 δύναιτ’
1831 1264 1898 1319 ἀν
1918 1279 1935 1294 ’

361 1351 623 1406 κατέλυσε
642 1353 734 1406 τὸν
757 1353 904 1421 ναὸν,
941 1355 1035 1408 xal
1047 1355 1227 1419 οὐδεὶς
1255 1356 1419 1411 αὐτὸν
1443 1357 1748 1428 ἀναστῆσαι
1775 1355 1937 1410 δύνα-

357 1457 470 1505 ται,
509 1442 804 1498 καὶταῦτα
847 1447 906 1499 ἐν
943 1446 1121 1519 χρόνῳ
1152 1445 1296 1500 οὕτω
1352 1447 1568 1520 μακρῷ.
1619 1449 1812 1503 Καίτοι
1840 1448 1936 1504 καί

357 1533 563 1606 ταύτην
610 1534 859 1590 καθελεῖν
911 1538 1294 1610 ἐπεχείρησαν,
1349 1538 1465 1592 ἀλλ’
1523 1540 1625 1594 ούκ
1678 1538 1933 1611 ἴσχυσαν

359 1627 610 1681 κάκεῖνον
653 1627 954 1700 ἀναστῆσαι
1012 1629 1370 1699 ἐσπούδασαν,
1417 1630 1535 1686 ἀλλ’
1588 1631 1689 1687 οὐκ
1747 1632 1936 1707 ἐδυνή-

360 1719 551 1790 θησαν.

358 1844 365 1849 ’
398 1886 404 1893 -
427 1849 786 1927 Συνεχωρήθη
810 1856 868 1911 δέ
895 1856 992 1911 καὶ
1019 1856 1176 1911 τοῦτο
1193 1897 1208 1923 ,
1247 1858 1335 1912 ῖνα
1375 1859 1563 1930 μηδεὶς
1588 1858 1685 1933 ἔχῃ
1710 1860 1890 1931 λέγειν
1914 1901 1931 1927 ,

354 1945 440 1999 ὅτι
472 1947 521 1998 εἰ
549 1947 912 2018 ἐπεχείρησαν
933 1987 948 2013 ,
981 1947 1206 2018 ἴσχυσαν
1244 1948 1327 2003 ἀν.
1370 1949 1502 2003 Ἰδοὺ
1538 1950 1669 2019 γοῦν
1692 1953 1788 2004 καὶ
1809 1953 1936 2005 ἐπε-

354 2041 638 2111 χέίρησαν,
682 2043 777 2096 καὶ
819 2042 971 2095 οὐδὲν
1008 2042 1369 2114 ἠδυνήθησαν.
1401 2042 1510 2096 Καὶ
1541 2042 1651 2114 γὰρ
1692 2042 1786 2095 ἐι·ιί⁸
1835 2041 1936 2112 τῆς

355 2135 548 2203 γενεᾶς
574 2135 673 2204 τῆς
705 2134 978 2205 ἡμετέρας
999 2135 1027 2187 ό
1065 2135 1273 2199 πάντας
1301 2136 1381 2199 εἰς
1406 2135 1658 2189 ἀσέϐειαν
1683 2136 1934 2206 νικήσας

359 2225 612 2296 βασιλεὺς
650 2227 743 2280 καὶ
790 2222 1001 2282 ἔδωκεν
1040 2224 1288 2299 ἐξουσίαν
1326 2226 1448 2281 τότε
1476 2228 1570 2282 καὶ
1601 2226 1929 2298 συνέπραξε,

356 2299 451 2373 κάξ
491 2319 587 2373 τοῦ
632 2319 793 2392 ἔργου
821 2321 1049 2390 ἥψαντο,
1083 2322 1177 2375 καὶ
1206 2320 1329 2375 οὐδὲ
1378 2321 1574 2393 μικρὸν
1613 2316 1932 2393 προσελθεῖν

355 2411 722 2483 ἠδυνήθησαν,
750 2413 887 2467 ἀλλά
920 2412 1033 2485 πῦρ
1052 2415 1160 2467 ἀπὸ
1188 2412 1297 2466 τῶν
1328 2412 1593 2484 θεμελίων
1615 2412 1933 2485 ἐκπηδῆσαν

358 2504 566 2567 πάντας
593 2506 792 2569 αὐτοὺς
822 2506 1122 2577 ἀπήλασεν.
1161 2507 1287 2560 Ὅτι
1318 2507 1376 2560 δὲ
1406 2505 1806 2577 ἠϐουλήθησαν,
1836 2504 1932 2559 καὶ

356 2596 543 2650 τούτου
572 2597 772 2667 δεῖγμά
793 2599 939 2652 ἐστιν
971 2582 1073 2662 ἕως
1098 2597 1190 2652 τοῦ
1224 2597 1318 2652 νῦν
1356 2597 1426 2652 τὰ
1465 2598 1692 2670 θεμέλια
1711 2614 1933 2669 γυμνω-

356 2686 537 2753 θέντα,
576 2687 663 2742 ἴνα
711 2688 877 2760 εἰδῇς.
909 2689 991 2742 ὃτι
1019 2690 1382 2760 ἐπεχείρησαν
1412 2689 1510 2760 μὲν
1551 2689 1931 2759 διασκάπτειν,

353 2779 704 2851 οἰκοδομῆσαι
728 2780 785 2833 δὲ
810 2780 910 2834 οὐκ
946 2780 1194 2851 ἴσχυσαν,
1233 2779 1336 2850 τῆς
1362 2781 1690 2849 ἀποφάσεως
1725 2781 1932 2853 ταύτης

351 2870 816 2943 ἀντιπραττούσης
848 2871 1048 2934 αὐτοῖς.
1088 2871 1280 2925 Καίτοι
1308 2889 1374 2941 γε
1403 2872 1497 2925 καὶ
1527 2873 1627 2944 ήδη
1656 2873 1928 2946 κατελύθη

324 3007 330 3010 Α
349 2961 380 3015 ό
398 2962 527 3025 ναὸς
546 2954 719 3027 οὗτος,
737 2963 831 3043 καί
851 2961 989 3033 μετά
1008 2961 1378 3034 έδδομήκοντα
1392 2962 1485 3034 ἔτη
1504 2963 1927 3030 ἐπανελθόντων,

346 3053 559 3117 εὐθέως
586 3054 805 3126 ἀνέστη,
840 3055 934 3108 καὶ
976 3054 1352 3125 λαμπρότερος
1405 3054 1499 3108 τοῦ
1547 3055 1813 3129 προτέρου
1838 3056 1928 3125 γέ-

347 3163 477 3216 γονε
498 3161 511 3172 ·
540 3148 634 3199 καὶ
675 3146 894 3216 λέγουσι
929 3146 1121 3211 τοῦτο,
1153 3145 1305 3219 [581]
1351 3148 1446 3202 καὶ
1478 3149 1928 3220 προαναφωνοῦσι

348 3237 484 3307 πρὶν
516 3236 768 3306 γενέσθαι
808 3239 859 3292 οἱ
890 3239 1187 3310 προφῆται.
1229 3240 1344 3293 Νῦν
1371 3240 1429 3293 δέ
1478 3240 1927 3313 τετρακοσιοστὸν

345 3328 471 3392 lto;
503 3329 775 3401 ὑπερέϐη,
817 3330 913 3384 καὶ
940 3331 1059 3385 οὺδέ
1084 3331 1262 3386 ἔννοιά
1300 3349 1406 3395 τις,
1448 3332 1571 3385 οὐδὲ
1608 3331 1924 3403 προσδοκία,

342 3421 468 3475 οὐδὲ
497 3420 652 3485 ἐλπὶς
686 3421 780 3475 τοῦ
816 3421 1098 3490 φανεῖσθαι
1144 3423 1307 3478 πάλιν
1343 3425 1525 3479 αὐτόν.
1556 3423 1748 3478 Καίτοι
1779 3424 1833 3479 τί
1865 3426 1926 3481 τὸ

347 3513 561 3568 κωλῦον
584 3509 672 3586 ἦν.
699 3514 748 3568 εί
775 3515 850 3587 μὴ
876 3514 996 3570 θεία
1015 3514 1244 3588 δύναμις
1266 3512 1335 3589 ἦν
1353 3519 1384 3589 ή
1405 3517 1835 3586 ἀντιπίπτουσας
1861 3517 1923 3573 οὐ

340 3606 647 3677 χρημάτων
701 3607 987 3679 περιουσία
1037 3609 1205 3681 πολλὴ
1244 3611 1374 3682 παρ’
1424 3611 1647 3678 αὐτοῖςς
1697 3612 1759 3666 οὐ
1799 3614 1925 3677 τοὺς

340 3697 607 3753 ἁπάντων
652 3699 991 3769 πανταχόθεν
1039 3700 1237 3772 φόρους
1266 3686 1533 3771 ’συνάγων
1585 3704 1614 3757 ό
1655 3704 1925 3776 πατριάρ-

267 3839 271 3842 ,
342 3804 454 3859 χης
477 3827 494 3850 ,
521 3786 785 3858 ἀπείρους
821 3785 1085 3860 κέκτηται
1116 3789 1459 3862 θησαυρούςς
1503 3792 1603 3846 οὐκ
1644 3793 1833 3865 ἰταμὸν
1859 3795 1922 3847 τὸ

342 3876 523 3941 ἔθνος,
552 3877 655 3930 οὐκ
674 3877 1047 3948 ἀναίσχυντον,
1075 3881 1135 3933 οὐ
1178 3880 1495 3950 φιλόνεικον,
1527 3883 1588 3937 οὐ
1616 3885 1886 3955 προπετὲς
1903 3924 1920 3950 ,

342 3967 408 4020 οὐ
443 3967 847 4038 πολεμοποιόν;
890 3968 951 4022 ού
992 3968 1177 4022 πολλοὶ
1216 3970 1357 4025 κατά
1387 3972 1487 4043 τὴν
1523 3973 1918 4046 Παλαιστίνην;

340 4058 408 4111 οὐ
443 4058 629 4111 πολλοὶ
660 4059 803 4113 κατά
842 4058 941 4131 τὴν
974 4060 1257 4135 Φοινίκηνς
1287 4063 1347 4117 οὐ
1389 4063 1574 4119 πολλοί
1608 4066 1918 4137 πανταχοῦ;

345 4149 475 4214 Πῶς
505 4146 598 4206 οῦν
622 4151 723 4205 οὐκ
753 4151 977 4223 ἴσχυσαν
1009 4153 1105 4207 ἕνα
1126 4156 1430 4227 ἀναστῆσαι
1456 4158 1601 4224 ναὸν,
1626 4161 1719 4214 καὶ
1745 4160 1921 4216 ταῦτα

339 4240 582 4310 ὁρῶντες
633 4241 734 4312 τὴν
795 4242 1049 4316 λατρείαν
1098 4245 1281 4308 αὐτοῖς
1332 4247 1578 4302 ἐντεῦθεν
1641 4249 1918 4321 πανταχοῦ

341 4330 749 4403 πεπεδημένην,
778 4334 872 4388 καὶ
897 4336 967 4390 τὰ
1003 4335 1267 4391 Ἰουδαῖκά
1299 4337 1395 4409 ἔθη
1421 4336 1786 4412 ἠφανισμέναι,
1825 4343 1922 4398 καὶ

337 4421 414 4477 τὰ
442 4421 550 4476 τῶν
577 4422 794 4488 θυσιῶν,
818 4426 911 4479 καὶ
935 4424 1005 4480 τὰ
1047 4426 1156 4481 τῶν
1186 4431 1532 4501 προσφορῶν,
1580 4432 1675 4486 καί
1719 4433 1788 4488 τὰ
1810 4434 1919 4489 τῶν

339 4509 519 4565 ἄλλων
560 4512 669 4565 τῶν
714 4514 969 4570 τοιούτων
1014 4517 1259 4588 νομίμων
1314 4520 1654 4593 ἀνῃρημένα,
1708 4541 1922 4579 πεπαυ-

346 4604 667 4676 μένα;οὕτε
700 4606 806 4681 γὰρ
834 4608 1029 4679 στῆσαι
1057 4608 1262 4680 βωμὸν,
1294 4610 1418 4665 οὔτε
1460 4612 1650 4668 θυσίαν
1700 4615 1920 4688 ἀνενεγ-

344 4700 484 4764 κεῖν,
521 4698 583 4752 ού
616 4700 853 4766 σπεῖσαι,
874 4701 934 4753 οὐ
957 4700 1224 4772 πρόὸατον
1249 4703 1533 4768 ἐπιθεῖναι,
1554 4705 1615 4759 οὐ
1648 4706 1914 4780 θυμίαμα,

340 4789 445 4843 οὐκ
498 4790 806 4860 ἀναγνῶναι
853 4792 1036 4864 νόμον,
1070 4794 1169 4865 οὐχ
1200 4795 1392 4868 ἑορτὴν
1446 4797 1774 4868 ἐπιτελέσαι,
1816 4800 1917 4856 οὐκ

341 4880 472 4934 ἄλλο
501 4898 556 4935 τι
592 4882 699 4936 τῶν
733 4882 992 4940 τοιούτων
1041 4885 1225 4950 αὐτοῖς
1254 4888 1411 4952 ἐκτὸς
1458 4888 1568 4944 τῶν
1623 4891 1911 4966 προθύρων

340 4973 568 5029 ἐκείνων
589 4975 737 5047 ἐξῆν.

412 5110 497 5176 ιζ’.
515 5112 674 5166 Ἀλλά
693 5114 784 5168 καί
802 5115 859 5168 ἐν
873 5113 1153 5172 Βαδυλῶνί
1170 5134 1299 5170 ποτε
1317 5120 1616 5190 γενόμενοι,
1632 5125 1730 5178 καὶ
1745 5096 1914 5193 ἀναγί
1941 5098 1971 5117 “

337 5204 627 5275 καζόμενοι
650 5206 804 5278 παρά
838 5206 947 5259 τῶν
991 5206 1267 5278 πολεμίων
1304 5208 1526 5279 ψάλλειν
1546 5251 1560 5272 ,
1595 5213 1696 5267 οὐκ
1722 5209 1908 5281 εἶξαν,

334 5296 458 5350 οὐδὲ
506 5297 840 5368 ὑπήκουσαν,
877 5299 1213 5370 αἰχμάλωτοι
1261 5302 1355 5354 καὶ
1394 5301 1570 5357 δοῦλοι
1598 5304 1749 5369 ὄντες
1793 5310 1905 5370 τοῖς

334 5386 618 5451 δεσπόταις
665 5390 1051 5443 κακοποιοῦσιν
1086 5390 1311 5455 αὐτούς⁹
1348 5391 1484 5446 ἀλλά
1525 5393 1617 5447 καί
1651 5395 1906 5464 πατρίδος

284 5464 291 5471 ’
336 5477 657 5541 ἐκπεσόντες
698 5480 792 5533 καὶ
840 5468 1171 5551 ἐλευθερίας,
1213 5481 1309 5535 καὶ
1366 5483 1493 5553 περὶ
1528 5482 1591 5535 τὸ
1633 5482 1732 5554 ζῇν
1771 5484 1903 5537 αὐτὸ

337 5567 750 5645 κινδυνεύοντες,
776 5571 870 5624 καὶ
895 5571 971 5635 ὡς
996 5573 1055 5625 ἐν
1086 5571 1227 5643 μέσῃ
1254 5572 1442 5641 παγίδι
1467 5576 1586 5636 ταῖς
1610 5574 1766 5646 χερσὶ
1792 5575 1901 5628 τῶν

312 5655 603 5713 ,λαϐόντων
630 5660 1049 5732 ἀπειλημμένοι,
1085 5662 1429 5733 κελευόμενοι
1464 5667 1561 5736 τήν
1587 5665 1730 5738 ᾠδὴν
1754 5666 1901 5737 ᾄδειν

335 5746 544 5817 ἐκείνην
584 5751 792 5817 τὴνδιά
829 5755 936 5807 τῶν
982 5755 1248 5822 ὀργάνων.
1288 5757 1460 5821 οὕτως
1507 5759 1716 5821 ἔλεγον·
1763 5761 1894 5815 Ἐπί

688 5849 960 5909 ΡΑτιιοι..
1007 5847 1125 5905 Gn.
1177 5847 1452 5907 XLVIII.
1630 5850 1633 5851 ⁷

2044 714 2211 784 ᾠδὴν
2261 715 2482 784 Κυρίου
2510 714 2610 768 ἐπὶ
2660 714 2773 784 γῆς
2805 714 3168 782 ἀλλοτριάς;
3212 713 3322 766 Kal
3358 712 3478 765 οὐδὲ
3512 712 3624 782 ἔχει

2044 823 2127 869 τις
2154 809 2348 873 εἰπεῖν,
2387 807 2468 859 ὃτι
2505 805 2596 859 διὰ
2634 806 2732 876 τὴν
2770 806 3004 878 ἀπορίαν
3035 805 3142 859 τῶν
3180 805 3425 876 ὀργάνων
3464 804 3626 858 τοῦτο

2044 898 2263 952 ἐποίουν
2282 917 2295 930 ·
2338 900 2435 952 καὶ
2464 898 2575 970 γὰρ
2606 898 2762 952 αὐτοὶ
2791 899 3066 953 τεθείκασι
3091 898 3187 968 τὴν
3219 895 3398 951 αἰτίαν
3443 897 3629 950 εἰπόνο

2042 1008 2134 1055 τες
2153 1006 2166 1021 ο
2193 989 2328 1058 Πῶς
2350 988 2582 1060 ᾇσομεν
2610 989 2727 1059 τὴν
2747 989 2913 1059 ᾠδὴν
2933 990 3155 1059 Κυρίου
3176 989 3275 1043 ἐπὶ
3306 987 3420 1059 γῆς
3437 989 3625 1044 ἀλλο-

2042 1081 2246 1149 τρίας;
2275 1080 2387 1133 Kal
2414 1079 2485 1133 τὰ
2517 1079 2725 1151 ὄργανα
2771 1080 2828 1133 δὲ
2866 1081 2983 1151 μετ’
3025 1079 3205 1134 αὐτῶν
3237 1075 3327 1150 ἦν.
3367 1079 3464 1132 Ἐν
3509 1078 3621 1148 γὰρ

2041 1172 2173 1239 ταῖς
2195 1171 2376 1240 ίτέαις
2395 1173 2465 1227 ὲν
2478 1173 2648 1243 μέσῳ
2663 1171 2861 1227 αὐτῶν
2875 1171 3292 1243 ἐκρεμάσαμεν
3307 1171 3379 1226 τὰ
3398 1171 3623 1242 ὄργανα

2040 1263 2231 1333 ἡμῶν,
2260 1264 2444 1337 φησίν.
2498 1263 2638 1318 Ἀλλ’
2670 1264 2794 1318 οὐδὲ
2833 1263 3092 1336 νηστείαν
3137 1263 3421 1335 νηστεύειν
3461 1263 3613 1334 ἐξῆν.

2040 1356 2154 1411 Καὶ
2179 1356 2338 1411 τοῦτο
2364 1356 2541 1430 δηλῶν
2568 1358 2753 1423 αὐτοῖς
2780 1360 2808 1411 ό
2837 1358 3121 1429 προφήτης
3151 1356 3303 1427 ἔλεγε
3324 1375 3339 1389 ·
3376 1357 3475 1429 Μὴ
3518 1377 3620 1428 νηο

2041 1446 2253 1501 στείαν
2279 1445 2721 1516 νενηστεύκατέ
2741 1463 2845 1516 μοι
2879 1445 2983 1517 ἔτη
3006 1447 3436 1516 ἐϐδομήκοντα,
3458 1448 3623 1518 λέγει

2038 1537 2291 1607 Κύριος;
2320 1538 2443 1592 Ὅτι
2492 1537 2551 1591 δὲ
2602 1537 2725 1594 οὑδέ
2776 1537 2959 1602 θύειν,
2991 1539 3115 1592 οὐδὲ
3172 1536 3420 1592 σπένδειν
3469 1538 3619 1610 ἐξῆν,

2039 1629 2273 1685 ἄκουσον
2303 1629 2414 1684 τῶν
2434 1631 2601 1703 τριῶν
2640 1630 2846 1685 παίδων
2871 1630 3158 1701 λεγόντων,
3180 1628 3498 1687 Οὐκέστιν
3518 1633 3622 1701 ἄρ’

2039 1740 2183 1792 χων,
2217 1722 2361 1778 οὐδὲ
2386 1723 2721 1794 προφήτης,
2773 1722 2918 1778 οὐδὲ
2965 1724 3320 1795 ἡγούμενος,
3345 1723 3490 1779 οὐδὲ
3531 1723 3623 1777 τό·

2039 1833 2155 1883 πος
2189 1817 2295 1872 τοῦ
2322 1817 2632 1886 καρπῶσαι
2657 1816 2916 1872 ἐνώπιόν
2942 1830 3058 1871 σου
3085 1817 3187 1872 καί
3207 1816 3405 1886 εὑρεῖν
3421 1816 3615 1882 ἕλεος.

2039 1908 2155 1962 Οὐκ
2199 1903 2371 1975 εἶπεν,
2407 1909 2522 1964 Ούκ
2563 1908 2712 1964 ἔστιν
2752 1908 2952 1981 ἱερεὺς,
2988 1909 3245 1981 παρῆσαν
3275 1907 3382 1981 γὰρ
3422 1910 3617 1979 ἱερεῖς’

2039 1996 2156 2053 ἀλλ’
2185 1999 2272 2054 ἵνα
2304 1999 2483 2072 μάθῃς
2508 2002 2591 2054 ὅτι
2615 2001 2677 2054 τὺ
2696 2001 2805 2054 πᾶν
2829 1998 2924 2053 τοῦ
2955 1999 3121 2053 τόπου
3157 1995 3246 2071 ἦν,
3277 1999 3370 2053 καὶ
3398 2001 3432 2073 ή
3463 2013 3620 2069 νομο-

2038 2096 2192 2144 θεσία
2224 2095 2375 2146 πᾶσα
2395 2094 2512 2145 ἐκεῖ
2539 2092 2868 2156 συνεδέδετο,
2898 2086 3074 2156 εἶπεν,
3108 2092 3230 2145 Οὐκ
3251 2089 3382 2144 ἐστι
3409 2090 3615 2156 τόπος.

2038 2183 2149 2237 Kal
2184 2183 2237 2236 τί
2268 2183 2415 2252 λέγω
2443 2182 2592 2237 θύειν
2624 2183 2722 2237 καὶ
2774 2183 3055 2251 σπένδεινς
3090 2182 3213 2235 οὐδὲ
3250 2181 3439 2244 ἀπλῶς
3478 2182 3616 2235 ἀνα-

2038 2273 2239 2343 γνῶναι
2260 2274 2352 2330 τὸν
2369 2275 2534 2347 νόμον
2549 2274 2675 2347 ἐξῆν
2698 2275 2902 2340 αὐτοῖς’
2929 2276 3022 2329 καὶ
3045 2273 3351 2345 τοῦτόςποτε
3367 2272 3618 2343 ἐγκαλῶν

2036 2366 2223 2438 ἕτερος
2255 2368 2537 2440 προφήτης
2555 2368 2736 2439 ἔλεγε·
2765 2368 2874 2424 Kal
2889 2367 3242 2439 ἀνέγνωσαν
3262 2366 3379 2433 ἔξω
3405 2366 3614 2437 νόμον,

2037 2457 2137 2511 καί
2153 2457 2603 2514 ἐπεκαλέσαντο
2621 2460 2946 2531 ὁμολογίαν
2959 2478 2972 2491 ·
2987 2459 3049 2513 οὐ
3066 2459 3269 2530 πάσχα,
3280 2458 3342 2513 ού
3359 2476 3621 2531 πεντηκο-

2039 2549 2191 2620 στὴν,
2220 2550 2283 2604 οὐ
2309 2551 2709 2621 σκηνοπηγίαν,
2736 2551 2835 2605 οὐκ
2858 2550 2986 2606 ἄλλο
3010 2551 3117 2606 τῶν
3141 2551 3400 2607 τοιούτων
3430 2553 3616 2605 ἐπιτε-

2035 2639 2190 2695 λέσαι
2229 2640 2403 2696 οὐδέν.
2461 2643 2602 2697 Ἀλλ’
2640 2643 2788 2714 ὅμως
2839 2642 3061 2709 εἰδότες,
3096 2646 3178 2699 ὃτι
3210 2645 3383 2700 ταῦτα
3433 2643 3616 2700 πάντα

2036 2732 2358 2788 ἀπέκλεισεν
2387 2733 2573 2798 αὐτοῖς
2607 2736 2641 2805 ή
2681 2731 2830 2807 [582]
2858 2733 2951 2789 τοῦ
2984 2734 3152 2789 τόπου
3180 2737 3482 2808 ἐρήμωσις,
3508 2738 3614 2793 κᾶν

2036 2825 2352 2897 ἐπιχειρῶσί
2404 2843 2536 2889 τισι,
2600 2825 3042 2898 παρανομοῦντες
3096 2828 3467 2901 ἐπιχειροῦσι,
3518 2831 3616 2886 καὶ

2033 2916 2188 2987 δίκην
2236 2915 2427 2990 τούτου
2459 2915 2715 2980 διδόασιν,
2754 2917 2857 2971 οὐκ
2893 2916 3119 2987 ἴσχυσαν
3144 2916 3237 2972 τὸν
3263 2919 3447 2985 τόπον,
3490 2913 3613 2990 ἐνῷ

2029 2986 2205 3063 ταῦτα
2227 2986 2408 3063 πάντα
2450 3007 2578 3081 ἐξῆν
2603 3007 2746 3063 κατά
2766 3009 2928 3080 νόμον
2950 2986 3318 3081 πράττεσθαι,
3368 2986 3612 3084 ἀναστῆλ

2036 3117 2127 3154 σαι
2152 3100 2248 3154 καὶ
2283 3100 2497 3171 στῆσαι.
2547 3100 2614 3153 Ἡ
2636 3100 2747 3172 γάρ
2777 3099 3005 3169 δύναμις
3036 3102 3131 3156 τοῦ
3172 3104 3410 3176 Χριστοῦ
3435 3107 3469 3177 ή
3510 3106 3612 3179 τὴν

2046 3193 2371 3266 Ἐκκλησίαν
2404 3193 2829 3266 οἱκοδομήσασα,
2856 3191 2996 3267 αὕτη
3023 3196 3118 3249 καὶ
3151 3195 3340 3251 τοῦτον
3367 3198 3609 3254 καθεῖλε.

2032 3286 2143 3340 Kal
2198 3288 2427 3356 προεῖπε
2459 3286 2554 3341 καὶ
2610 3284 2771 3340 τοῦτο
2815 3288 2844 3342 ὁ
2883 3287 3188 3359 προφήτης,
3218 3288 3300 3343 ὅτι
3339 3290 3433 3345 καὶ
3470 3308 3612 3363 παρ-

2031 3377 2187 3431 έσται
2229 3379 2258 3430 ὁ
2295 3377 2530 3449 Χριστὸς
2579 3377 2676 3432 καὶ⁵
2708 3376 2882 3432 ταῦτα
2909 3378 3226 3449 ἐργάσεται,
3256 3379 3437 3434 καίτοι
3466 3381 3611 3451 μετὰ

2029 3468 2129 3539 τὴν
2162 3468 2537 3539 αἰχμαλωσίαν
2559 3468 2869 3540 γενόμενος.
2903 3469 3102 3523 Ἄκουε
3126 3470 3184 3524 δὲ
3226 3471 3322 3526 καὶ
3356 3472 3411 3525 τί
3436 3488 3605 3543 φησι’

2031 3559 2142 3613 Kal
2188 3559 2260 3612 ἐν
2307 3559 2451 3629 ὑμῖν
2504 3558 3094 3629 συγκλεισθήσονται
3126 3561 3299 3629 θύραι
3316 3603 3332 3629 ,
3364 3561 3466 3616 καὶ
3492 3565 3607 3618 οὐκ

2030 3648 2323 3718 ἀνάψεται
2352 3649 2419 3703 τὸ
2448 3650 2885 3720 θυσιαστήριόν
2904 3669 3020 3721 μου
3057 3652 3307 3721 δωρεάν.
3339 3656 3460 3710 Οὐκ
3474 3657 3608 3710 ἔστι

2023 3758 2123 3811 μοι
2145 3741 2371 3810 θέλημα
2387 3741 2458 3796 ἐν
2479 3741 2641 3812 ὑμῖν,
2663 3742 2752 3797 ὅτι
2766 3743 2882 3798 ἀπὸ
2904 3741 3216 3800 ἀνατολῶν
3229 3745 3412 3814 ἡλίου
3428 3746 3606 3817 μέχρι

2028 3833 2278 3904 δυσμῶν
2299 3835 2367 3889 τὸ
2390 3835 2579 3906 ὄνομά
2605 3854 2720 3906 μου
2742 3822 3100 3903 δεδόξασται
3129 3839 3200 3893 ἐν
3222 3839 3346 3907 τοῖς
3375 3840 3604 3906 ἔθνεσι,

2028 3925 2128 3979 καὶ
2150 3924 2220 3978 ἐν
2247 3925 2427 3980 παντὶ
2470 3927 2630 3990 τόπῳ
2670 3927 2933 3997 θυμίαμά
2966 3945 3071 3997 μοι
3098 3928 3463 3998 προσάγεται
3502 3931 3606 3986 καί

2027 4020 2212 4074 θυσία
2245 4017 2493 4088 καθαρά.
2526 4015 2677 4082 Εῐδες
2705 4018 2822 4081 πῶς
2848 4019 3035 4089 σαφῶς
3062 4019 3156 4073 καὶ
3180 4019 3272 4074 τὸν
3297 4020 3604 4093 ἰουδαῖσμδν

2027 4110 2270 4175 ἐξέϐαλε,
2297 4110 2391 4164 καὶ
2427 4109 2519 4163 τὸν
2547 4106 2957 4180 χριστιανισμὸν
3004 4108 3171 4173 ἔδειξε
3207 4109 3601 4181 διαλάμποντα,

2027 4201 2119 4254 καὶ
2147 4198 2421 4270 πανταχοῦ
2447 4198 2546 4269 τῆς
2582 4199 2687 4270 γῆς
2724 4196 3119 4268 ἐκτεταμένον;
3151 4200 3260 4254 Kal
3283 4199 3374 4254 τὸν
3402 4201 3602 4272 τρόπον

2026 4289 2200 4362 δὲτῆς
2234 4289 2489 4361 λατρείας
2534 4288 2802 4360 ἐδήλωσεν
2833 4287 3018 4359 ἕτερος
3055 4289 3247 4343 πάλινο
3281 4291 3394 4346 Καὶ
3422 4309 3605 4361 προσ.

2026 4380 2410 4449 κυνήσουσιν
2463 4379 2623 4446 αὐτῷ
2676 4379 2931 4445 ἕκαστος
2953 4381 3022 4434 ἐκ
3044 4380 3150 4435 τοῦ
3171 4381 3356 4437 τόπου
3387 4385 3598 4453 αὐτοῦ,

2025 4469 2127 4524 καί
2150 4469 2597 4525 δουλεύσουσιν
2625 4469 2785 4536 αὐτῷ
2817 4471 2937 4524 ὑπὸ
2980 4469 3156 4541 ζυγὸν
3184 4471 3295 4527 ἕνα
3313 4489 3328 4505 ο
3360 4475 3456 4529 καὶ
3482 4475 3602 4530 ἐτε.

2027 4578 2120 4633 ρος
2143 4560 2330 4614 πάλιν·
2361 4559 2660 4628 Παρθένος
2700 4558 2805 4614 τοῦ
2848 4558 3096 4630 Ἰσραὴλ
3138 4562 3452 4632 ἕσφαλλεν
3469 4582 3484 4598 ·
3523 4569 3598 4620 οὺ

2018 4655 2105 4726 μὴ
2135 4651 2371 4722 ἀναστῇ
2420 4651 2530 4707 ἔτι.
2584 4651 2694 4705 Καὶ
2752 4651 2781 4704 ὁ
2813 4651 3012 4725 Δανιὴλ
3063 4653 3120 4707 δὲ
3149 4654 3336 4724 σαφῶς
3381 4655 3597 4712 ἅπαντα

2023 4747 2195 4801 ταῦτα
2224 4746 2510 4819 διηγεῖται.
2543 4744 2627 4798 ὅτι
2646 4743 2822 4798 πάντα
2852 4745 3169 4817 ἀρθήσεται,
3203 4746 3298 4799 καὶ
3324 4746 3483 4802 θυσία
3504 4750 3597 4803 καὶ

2025 4839 2252 4910 σπονδή,
2283 4838 2378 4893 καὶ
2410 4835 2617 4909 χρίσμα
2662 4835 2759 4889 καὶ
2791 4838 2986 4907 κρῖμα.
3032 4835 3194 4890 Ἀλλά
3249 4837 3423 4891 ταῦτα
3461 4839 3593 4910 μὲν,

2021 4933 2183 5004 ήνίκα
2222 4931 2288 4985 ἂν
2324 4929 2461 5002 πρὸς
2500 4928 2785 4993 Ἰουδαίους
2815 4928 3085 4999 λέγωμεν,
3132 4930 3462 5003 σαφέστερον
3500 4933 3597 4985 καὶ

2019 5023 2310 5096 εὐρύτερον
2346 5021 2762 5094 ἀναπτύξομενσ
2810 5022 2948 5085 τέως
2980 5023 3038 5076 δέ
3081 5024 3180 5094 τῆς
3223 5023 3595 5096 προκειμένης

2021 5115 2274 5187 ἐχώμεθα
2294 5113 2436 5179 ὁδοῦ,
2452 5114 2561 5168 τῶν
2579 5114 2819 5187 ἀνοήτων
2847 5112 3110 5185 Ἑλλήνων
3135 5114 3235 5187 τὴν
3263 5114 3592 5183 φιλονεικίαν

2016 5207 2369 5278 διορθοῦντες.
2391 5205 2529 5260 Οὔτε
2559 5207 2643 5260 σοὶ
2660 5207 2885 5278 νεκροὺς
2915 5201 3067 5258 εἷπον
3096 5206 3436 5277 ἐγερθέντας,
3467 5206 3592 5261 οὔτε

2015 5301 2247 5372 λεπροὺς
2280 5286 2727 5373 καθαρισθέντας,
2760 5300 2846 5352 ἵνα
2878 5299 2952 5370 μὴ
2977 5299 3160 5371 λέγῃς,
3179 5300 3362 5371 Ψευδῆ
3392 5300 3587 5367 ταῦτα,

2016 5393 2246 5464 κόμπος,
2278 5391 2474 5462 μῦθος,
2512 5390 2596 5453 τίς
2635 5386 2774 5455 εἶδες
2813 5390 2897 5451 τίς
2934 5390 3200 5460 ήκουσεν;
3236 5392 3297 5444 Ol
3341 5391 3589 5458 εἰπόντες

2013 5484 2094 5538 ὃτι
2119 5481 2458 5553 ἐσταυρώθη,
2485 5481 2580 5535 καί
2614 5481 2707 5533 ἐπὶ
2738 5480 2942 5551 κόρρης
2973 5481 3187 5552 πληγὰς
3206 5481 3416 5548 έλασεν,
3439 5478 3585 5539 οῦτοι

2011 5573 2185 5628 ταῦτα
2231 5572 2520 5642 εἰρήκασι*
2554 5569 2678 5632 Πῶς
2723 5563 2822 5623 οῦν
2876 5571 2936 5624 ἐν
2981 5572 3209 5635 ἐκείνοις
3240 5572 3585 5639 ἀξιοπίστους

2011 5658 2152 5718 εἶναι
2178 5661 2431 5733 νομίζων,
2464 5663 2523 5714 ἐν
2537 5659 2745 5724 τούτοις
2769 5660 3116 5735 ἐπιλαμϐάνῃ
3134 5663 3241 5717 τῶν
3255 5664 3581 5738 εἰρημένων,

2010 5755 2085 5819 ὡς
2115 5755 2175 5808 οὐ
2198 5752 2608 5825 γεγενημένωνς
2634 5752 2825 5806 Καίτοι
2857 5769 2920 5822 γε
2947 5755 2996 5808 εί
3025 5754 3159 5825 πρὸς
3194 5749 3354 5820 χάριν
3384 5749 3478 5806 τοῦ
3496 5750 3574 5804 δι-
