4084 6186
435 392 540 449 837

429 513 583 571 rnnt_
636 518 699 557 ac
742 512 948 559 temere
988 504 1289 574 frustraque
1326 502 1673 568 jactitarunt,
1710 516 1773 557 ea
1818 502 2017 557 tacuis-

420 605 574 657 sent,
620 609 741 665 quae
771 596 935 649 tristia
967 596 1425 665 ignominiosaque
1469 592 1612 662 apud
1658 592 1854 647 multos
1911 591 2011 646 ha—

430 685 712 739 bebantur.
734 684 849 738 iam
885 700 1011 740 vero
1030 686 1104 740 illi
1134 685 1322 740 horum
1345 684 1624 739 veritatem
1654 683 2012 750 declarantcs,

429 775 482 829 iu
537 776 642 829 illis
672 776 907 829 maxime
947 775 1210 830 irmnorati
1237 784 1381 841 sunt,
1413 774 1699 842 omniaque
1736 773 2016 842 diligenter

428 866 748 934 copioseque
780 874 1115 934 tractarunt,
1160 881 1263 921 nec
1293 883 1455 937 parvo
1481 880 1595 924 nec
1636 880 1828 934 magno
1876 879 2011 934 quo-

432 956 571 1022 piam
632 958 989 1022 praetermisso
1015 997 1032 1023 ,
1086 958 1180 1013 sed
1224 958 1465 1028 insignis
1508 968 1561 1013 et
1607 956 1875 1010 miraculis
1901 956 2017 1026 plu-

429 1045 563 1099 rima
604 1055 930 1111 tacuerunt;
976 1048 1028 1100 in
1081 1048 1401 1103 cruciatibus
1428 1060 1605 1104 autem
1641 1057 1698 1101 et
1749 1048 1844 1112 iis,
1895 1063 2014 1118 qua:

433 1136 781 1206 ignominiosa
842 1138 1197 1206 videbantur,
1266 1140 1555 1210 plurimum
1608 1141 2012 1208 implorantes,

431 1227 606 1281 omnia
654 1242 840 1283 omnes
878 1237 1124 1284 accurate
1163 1240 1466 1285 narrarunt.
1496 1231 1691 1286 Verum
1726 1245 1856 1300 ergo
1885 1230 2015 1285 nihil

433 1317 622 1371 borum
653 1318 789 1386 apud
838 1328 889 1373 te
927 1334 1396 1389 commemorans,
1438 1323 1606 1394 signa,
1654 1323 1906 1393 inquam,
1961 1331 2017 1376 et

435 1410 686 1463 miracula
713 1450 730 1474 ,
760 1398 816 1464 ut
856 1425 923 1466 ex
980 1412 1269 1466 abundanti
1299 1427 1511 1468 omnem
1567 1413 1891 1483 impudentis
1917 1412 2017 1465 lin-

434 1516 551 1569 gua:
581 1500 814 1556 furorem
864 1518 1200 1572 compescam
1230 1545 1247 1571 ,
1290 1519 1357 1559 ea
1406 1520 1525 1574 qum
1573 1520 1713 1559 nunc
1741 1505 2011 1587 vident’ur,

435 1609 555 1662 qua:
599 1610 707 1661 pra:
750 1596 986 1649 omnium
1035 1598 1203 1650 oculis
1246 1598 1414 1665 posita
1489 1606 1656 1660 sunt,
1714 1612 1832 1667 quae
1898 1596 2018 1651 sole

439 1683 693 1750 clariora,
725 1700 844 1755 qua:
893 1686 1086 1754 ubique
1130 1687 1181 1741 in
1232 1696 1342 1742 toto
1396 1688 1527 1743 orbe
1573 1688 1850 1757 dispersa,
1894 1703 2013 1758 qua:

438 1777 741 1828 universum
805 1772 1065 1845 occupant
1109 1778 1401 1843 mundum,
1454 1788 1723 1849 totamque
1767 1791 2014 1833 naturam

440 1865 737 1930 excedunt,
783 1876 930 1935 gesta
957 1907 972 1931 ,
1012 1883 1130 1935 qua:
1159 1868 1315 1921 unius
1361 1869 1451 1923 Dei
1479 1878 1633 1934 sunt,
1663 1884 1745 1933 ea,
1776 1869 2010 1939 inquam,

441 1955 493 2007 in
539 1955 767 2008 medium
800 1955 1012 2009 adduxi.
1058 1957 1192 2022 Quid
1214 1956 1389 2023 dicis,
1430 1973 1536 2012 non
1579 1958 1848 2013 suscitavit
1876 1975 2015 2013 mor—

443 2044 600 2098 tuos?
627 2044 763 2098 Num
802 2045 932 2098 illud
976 2047 1134 2101 etiam
1176 2047 1356 2102 dicere
1408 2056 1593 2115 potes,
1643 2048 1911 2104 Ecclesias
1960 2050 2013 2103 in

442 2134 570 2188 orbe
631 2149 736 2189 non
788 2137 958 2189 esse?
1008 2139 1089 2190 An
1136 2137 1285 2192 dicas
1316 2138 1519 2193 insidiis
1573 2155 1677 2194 non
1754 2141 2015 2210 appetitas

442 2239 600 2291 esse,
649 2242 754 2281 non
794 2243 1074 2297 superasse
1118 2244 1217 2284 nec
1263 2231 1537 2286 victoriam
1588 2232 1903 2301 reportare?
1948 2235 2018 2288 At

445 2317 887 2385 quemadmodum
926 2318 1035 2377 dici
1072 2336 1176 2376 non
1205 2329 1379 2391 potest
1412 2323 1581 2378 soletn
1626 2339 1729 2378 non
1757 2340 1910 2393 esse,
1939 2326 2017 2381 sic

446 2421 617 2480 neque
658 2409 776 2465 haec
813 2409 924 2466 dici
967 2420 1210 2484 possunt.
1246 2412 1383 2481 Quid
1434 2415 1608 2485 ergo?
1652 2415 1841 2471 Annon
1870 2415 2018 2473 vides

996 389 1274 447 CONTRA
1312 390 1596 448 JUDA‘JOS
1633 394 1722 450 ET
1762 394 2128 459 GENTILES.
2167 391 2357 472 QUOD
2397 386 2744 450 CHRISTUS
2780 383 2889 443 SIT
2923 385 3123 442 DEUS.

3582 384 3688 443 838

2120 499 2327 556 Judaici
2376 499 2562 570 templi
2617 500 2826 556 ruinam
2873 501 2927 555 in
2977 501 3137 557 totius
3194 500 3339 559 orbis
3406 516 3694 572 conspectu

2119 591 2389 661 positam?
2426 590 2534 647 Cur
2576 606 2683 646 non
2738 600 2915 647 tecum
2966 591 3070 647 hoc
3116 603 3369 662 reputas:
3401 593 3502 648 nisi
3556 594 3697 651 Deus

2119 690 2300 749 esset,
2330 682 2571 751 Deusque
2600 681 2751 737 fortis
2776 721 2792 748 ,
2819 682 3088 753 quomodo
3114 684 3347 739 cultores
3376 683 3490 754 ejus
3517 686 3692 740 vexati

2118 781 2175 828 et
2195 773 2443 843 exagitati
2470 774 2541 827 ita
2584 783 2872 829 creverunt
2900 815 2914 839 ,
2946 774 3034 842 qui
3076 783 3252 829 autem
3280 774 3429 829 illum
3483 758 3693 831 cruciﬁ-

2118 872 2353 928 xerunt,
2404 873 2459 917 et
2518 864 2810 930 laeserunt;
2881 864 2956 928 ita
2996 863 3189 934 deiecti
3255 874 3423 932 sunt,
3478 873 3538 919 ut
3587 875 3694 921 tota

2118 954 2390 1024 republica
2438 969 2532 1009 sua
2568 954 2916 1021 exciderent,
2961 965 3016 1009 ct
3066 955 3218 1024 vagi,
3273 969 3524 1019 errones,
3569 970 3697 1024 pro-

2116 1045 2227 1117 fugi
2250 1046 2610 1112 circumeant,
2641 1061 2738 1100 nec
2783 1048 3118 1116 quantumvis
3144 1046 3394 1101 diuturno
3454 1056 3697 1117 tempore

2117 1140 2429 1197 alterutrum
2470 1153 2656 1194 eorum
2694 1138 2925 1193 solutum
2955 1146 3321 1209 mutatumque
3372 1138 3494 1194 est?
3533 1140 3697 1207 Atqui

2118 1234 2372 1289 adversus
2391 1232 2690 1288 Romanum
2708 1232 2983 1301 imperium
3003 1231 3081 1296 hi,
3108 1231 3295 1295 Judrci,
3322 1232 3558 1300 inquam,
3587 1230 3700 1285 bel-

2118 1324 2226 1379 lum
2256 1332 2639 1394 susceperunt,
2684 1337 2835 1376 arma
2886 1332 3198 1387 moverunt,
3244 1320 3515 1390 multoque
3559 1330 3699 1375 tem-

2115 1429 2249 1484 pore
2291 1414 2419 1469 illud
2471 1421 2879 1483 oppugnarunt,
2922 1412 3029 1467 imo
3103 1411 3385 1480 aliquando
3430 1411 3698 1473 vicerunt,

2118 1521 2218 1560 nec
2260 1520 2422 1575 parva
2451 1506 2660 1576 negotia
2692 1505 2930 1560 fecerunt
2957 1503 3204 1572 Augustis
3235 1502 3371 1556 illius
3396 1499 3653 1570 temporis
3672 1515 3699 1560 ε

2120 1606 2260 1650 tanta
2309 1606 2463 1651 erant
2528 1597 2764 1666 potentia
2824 1596 3091 1650 instructi.
3146 1597 3394 1649 Attamen
3442 1593 3532 1663 qui
3579 1606 3699 1646 cum

2119 1694 2198 1740 tot
2223 1685 2636 1757 imperatoribus
2660 1687 2799 1742 bella
2847 1694 3172 1756 gesserunt,
3218 1684 3311 1755 qui
3354 1692 3497 1739 tanta
3540 1696 3705 1753 pecu-

2115 1778 2377 1841 niarum,
2434 1793 2751 1845 armorum,
2816 1777 3049 1831 militum
3119 1777 3168 1828 vi
3234 1774 3540 1846 poliebant,
3610 1773 3705 1842 qui

2114 1871 2282 1925 duces
2332 1868 2639 1924 innumeros
2684 1869 3029 1938 repulerunt,
3074 1882 3234 1923 unum
3276 1868 3511 1922 excitare
3563 1874 3702 1919 tem-

2112 1962 2265 2031 plum
2318 1974 2421 2012 non
2467 1967 2794 2029 potuerunt;
2843 1958 2935 2013 scd
2983 1971 3277 2030 synagogas
3330 1955 3542 2025 quidem
3604 1969 3703 2024 per

2116 2053 2276 2107 urbes
2302 2058 2619 2106 exstruere
2660 2050 2885 2113 multas;
2919 2049 3091 2102 locum
3137 2061 3263 2100 vero
3290 2045 3438 2100 illum
3479 2045 3569 2114 qui
3598 2043 3704 2098 rei-

2120 2144 2344 2213 publicae
2396 2155 2507 2195 sua:
2553 2140 2753 2209 praebet
2780 2142 3148 2194 auctoritatem
3174 2178 3191 2203 ,
3220 2136 3309 2191 ubi
3346 2150 3558 2191 omnem
3584 2136 3705 2190 cul-

2119 2242 2230 2289 tum
2278 2235 2589 2302 persolvere
2643 2239 3067 2296 consueverant,
3138 2239 3296 2299 atque
3336 2226 3477 2283 unde
3520 2225 3704 2282 Iudai-

2120 2337 2266 2379 srnus
2287 2323 2661 2391 constituitur,
2695 2322 2833 2377 hunc
2852 2358 2868 2390 ,
2898 2321 3114 2391 inquam
3142 2360 3157 2389 ,
3184 2318 3373 2375 solum-
3406 2318 3706 2374 instaurare

2121 2430 2229 2475 non
2264 2425 2575 2488 potuerunt.
