  <div class='ocr_page' id='page_1' title='image "/cluster/home/n/w/nwhite01/storage/ocr_20150623/48/mdp.39015032114640/319.png"; bbox 0 0 4084 6186; ppageno 0'>
   <div class='ocr_carea' id='block_1_1' title="bbox 403 389 504 462">
    <p class='ocr_par' dir='ltr' id='par_1_1' title="bbox 403 389 504 462">
     <span class='ocr_line' id='line_1_1' title="bbox 403 389 504 462; baseline -0.02 0"><span class='ocrx_word' id='word_1_1' title='bbox 403 389 504 462; x_wconf 69' lang='lat' dir='ltr'><strong>ser.)</strong></span> 
     </span>
    </p>
   </div>
   <div class='ocr_carea' id='block_1_2' title="bbox 1032 382 2964 466">
    <p class='ocr_par' dir='ltr' id='par_1_2' title="bbox 1032 382 2964 466">
     <span class='ocr_line' id='line_1_2' title="bbox 1032 382 2964 466; baseline 0 -1"><span class='ocrx_word' id='word_1_2' title='bbox 1032 389 1036 392; x_wconf 82' lang='grc'><em>’</em></span> <span class='ocrx_word' id='word_1_3' title='bbox 1089 410 1144 465; x_wconf 87' lang='lat' dir='ltr'><strong>s.</strong></span> <span class='ocrx_word' id='word_1_4' title='bbox 1186 407 1474 464; x_wconf 71' lang='lat' dir='ltr'><strong>JOANNIS</strong></span> <span class='ocrx_word' id='word_1_5' title='bbox 1511 407 2004 466; x_wconf 81' lang='lat' dir='ltr'><strong>CllRYSOSTOlll</strong></span> <span class='ocrx_word' id='word_1_6' title='bbox 2044 408 2363 465; x_wconf 68' lang='lat' dir='ltr'><strong>ancmsr.</strong></span> <span class='ocrx_word' id='word_1_7' title='bbox 2408 382 2964 466; x_wconf 64' lang='lat' dir='ltr'><strong>coxsranmor.</strong></span> 
     </span>
    </p>
   </div>
   <div class='ocr_carea' id='block_1_3' title="bbox 3541 388 3662 480">
    <p class='ocr_par' dir='ltr' id='par_1_3' title="bbox 3541 388 3662 480">
     <span class='ocr_line' id='line_1_3' title="bbox 3541 388 3662 480; baseline -0.025 -9"><span class='ocrx_word' id='word_1_8' title='bbox 3541 388 3662 480; x_wconf 21' lang='lat' dir='ltr'><strong>sto:</strong></span> 
     </span>
    </p>
   </div>
   <div class='ocr_carea' id='block_1_4' title="bbox 881 590 3622 638">
    <p class='ocr_par' dir='ltr' id='par_1_4' title="bbox 881 590 3622 638">
     <span class='ocr_line' id='line_1_4' title="bbox 881 590 3622 638; baseline 0.003 -8"><span class='ocrx_word' id='word_1_9' title='bbox 881 590 3622 638; x_wconf 44' lang='grc' dir='ltr'>Μ</span> 
     </span>
    </p>
   </div>
   <div class='ocr_carea' id='block_1_5' title="bbox 940 836 3136 976">
    <p class='ocr_par' dir='ltr' id='par_1_5' title="bbox 940 836 3136 976">
     <span class='ocr_line' id='line_1_5' title="bbox 940 836 3136 976; baseline 0 -48"><span class='ocrx_word' id='word_1_10' title='bbox 940 843 1060 929; x_wconf 88' lang='lat' dir='ltr'><strong>lN</strong></span> <span class='ocrx_word' id='word_1_11' title='bbox 1163 839 1590 933; x_wconf 73' lang='lat' dir='ltr'><strong>uanos</strong></span> <span class='ocrx_word' id='word_1_12' title='bbox 1670 838 1986 933; x_wconf 67' lang='grc' dir='ltr'><strong>οι]Το</strong></span> <span class='ocrx_word' id='word_1_13' title='bbox 2079 836 2564 931; x_wconf 82' lang='lat' dir='ltr'><strong>CONTRA</strong></span> <span class='ocrx_word' id='word_1_14' title='bbox 2644 836 3136 976; x_wconf 68' lang='lat' dir='ltr'><strong>Jun/Eos</strong></span> 
     </span>
    </p>
   </div>
   <div class='ocr_carea' id='block_1_6' title="bbox 1666 1128 2381 1246">
    <p class='ocr_par' dir='ltr' id='par_1_6' title="bbox 1666 1128 2381 1246">
     <span class='ocr_line' id='line_1_6' title="bbox 1666 1128 2381 1246; baseline 0.006 -4"><span class='ocrx_word' id='word_1_15' title='bbox 1666 1128 2381 1246; x_wconf 88' lang='lat' dir='ltr'><strong>MONITUM.</strong></span> 
     </span>
    </p>
   </div>
   <div class='ocr_carea' id='block_1_7' title="bbox 490 1589 1985 1648">
    <p class='ocr_par' dir='ltr' id='par_1_7' title="bbox 490 1589 1985 1648">
     <span class='ocr_line' id='line_1_7' title="bbox 490 1589 1985 1648; baseline 0 -2"><span class='ocrx_word' id='word_1_16' title='bbox 490 1592 600 1647; x_wconf 82' lang='lat' dir='ltr'><strong>Has</strong></span> <span class='ocrx_word' id='word_1_17' title='bbox 649 1600 840 1646; x_wconf 87' lang='lat' dir='ltr'><strong>contra</strong></span> <span class='ocrx_word' id='word_1_18' title='bbox 890 1589 1108 1646; x_wconf 77' lang='lat' dir='ltr'><strong>Judzcos</strong></span> <span class='ocrx_word' id='word_1_19' title='bbox 1166 1592 1602 1648; x_wconf 84' lang='lat' dir='ltr'><strong>concertationes</strong></span> <span class='ocrx_word' id='word_1_20' title='bbox 1661 1599 1985 1646; x_wconf 87' lang='lat' dir='ltr'><strong>memoratas</strong></span> 
     </span>
    </p>
   </div>
   <div class='ocr_carea' id='block_1_8' title="bbox 417 1693 1988 1764">
    <p class='ocr_par' dir='ltr' id='par_1_8' title="bbox 417 1693 1988 1764">
     <span class='ocr_line' id='line_1_8' title="bbox 417 1693 1988 1764; baseline -0.001 -17"><span class='ocrx_word' id='word_1_21' title='bbox 417 1694 656 1750; x_wconf 80' lang='lat' dir='ltr'><strong>vidimus</strong></span> <span class='ocrx_word' id='word_1_22' title='bbox 690 1694 828 1748; x_wconf 91' lang='lat' dir='ltr'><strong>libro</strong></span> <span class='ocrx_word' id='word_1_23' title='bbox 861 1693 1209 1763; x_wconf 63' lang='lat' dir='ltr'><strong>praecedenti,</strong></span> <span class='ocrx_word' id='word_1_24' title='bbox 1237 1708 1345 1748; x_wconf 92' lang='lat' dir='ltr'><strong>non</strong></span> <span class='ocrx_word' id='word_1_25' title='bbox 1377 1694 1534 1764; x_wconf 91' lang='lat' dir='ltr'><strong>quasi</strong></span> <span class='ocrx_word' id='word_1_26' title='bbox 1560 1693 1988 1764; x_wconf 79' lang='lat' dir='ltr'><strong>jam&#39;instil&#39;utas</strong></span> 
     </span>
    </p>
   </div>
   <div class='ocr_carea' id='block_1_9' title="bbox 419 1795 1988 1870">
    <p class='ocr_par' dir='ltr' id='par_1_9' title="bbox 419 1795 1988 1870">
     <span class='ocr_line' id='line_1_9' title="bbox 419 1795 1988 1870; baseline -0.003 -18"><span class='ocrx_word' id='word_1_27' title='bbox 419 1806 472 1852; x_wconf 86' lang='lat' dir='ltr'><strong>et</strong></span> <span class='ocrx_word' id='word_1_28' title='bbox 507 1798 559 1851; x_wconf 91' lang='lat' dir='ltr'><strong>in</strong></span> <span class='ocrx_word' id='word_1_29' title='bbox 591 1797 820 1865; x_wconf 86' lang='lat' dir='ltr'><strong>publicis</strong></span> <span class='ocrx_word' id='word_1_30' title='bbox 844 1796 1198 1870; x_wconf 88' lang='lat' dir='ltr'><strong>conciouibus</strong></span> <span class='ocrx_word' id='word_1_31' title='bbox 1236 1796 1471 1863; x_wconf 89' lang='lat' dir='ltr'><strong>habitas,</strong></span> <span class='ocrx_word' id='word_1_32' title='bbox 1521 1795 1617 1851; x_wconf 87' lang='lat' dir='ltr'><strong>sed</strong></span> <span class='ocrx_word' id='word_1_33' title='bbox 1657 1795 1816 1866; x_wconf 89' lang='lat' dir='ltr'><strong>quasi</strong></span> <span class='ocrx_word' id='word_1_34' title='bbox 1850 1809 1988 1864; x_wconf 63' lang='lat' dir='ltr'><strong>pra:-</strong></span> 
     </span>
    </p>
   </div>
   <div class='ocr_carea' id='block_1_10' title="bbox 419 1895 1989 1968">
    <p class='ocr_par' dir='ltr' id='par_1_10' title="bbox 419 1895 1989 1968">
     <span class='ocr_line' id='line_1_10' title="bbox 419 1895 1989 1968; baseline -0.003 -16"><span class='ocrx_word' id='word_1_35' title='bbox 419 1907 643 1968; x_wconf 87' lang='lat' dir='ltr'><strong>paratas</strong></span> <span class='ocrx_word' id='word_1_36' title='bbox 676 1915 688 1950; x_wconf 87' lang='lat'><strong>:</strong></span> <span class='ocrx_word' id='word_1_37' title='bbox 727 1896 916 1951; x_wconf 80' lang='lat' dir='ltr'><strong>Daniel</strong></span> <span class='ocrx_word' id='word_1_38' title='bbox 945 1905 1143 1958; x_wconf 87' lang='lat' dir='ltr'><strong>autem,</strong></span> <span class='ocrx_word' id='word_1_39' title='bbox 1184 1895 1363 1966; x_wconf 92' lang='lat' dir='ltr'><strong>inquit</strong></span> <span class='ocrx_word' id='word_1_40' title='bbox 1400 1895 1846 1968; x_wconf 80' lang='lat' dir='ltr'><strong>Chrysoslomus,</strong></span> <span class='ocrx_word' id='word_1_41' title='bbox 1879 1898 1989 1948; x_wconf 73' lang='lat' dir='ltr'><strong>lucc</strong></span> 
     </span>
    </p>
   </div>
   <div class='ocr_carea' id='block_1_11' title="bbox 421 1995 1986 2065">
    <p class='ocr_par' dir='ltr' id='par_1_11' title="bbox 421 1995 1986 2065">
     <span class='ocr_line' id='line_1_11' title="bbox 421 1995 1986 2065; baseline -0.001 -14"><span class='ocrx_word' id='word_1_42' title='bbox 421 1999 598 2051; x_wconf 88' lang='lat' dir='ltr'><strong>omnia</strong></span> <span class='ocrx_word' id='word_1_43' title='bbox 635 2007 808 2065; x_wconf 85' lang='lat' dir='ltr'><strong>aperte</strong></span> <span class='ocrx_word' id='word_1_44' title='bbox 834 2005 1047 2060; x_wconf 87' lang='lat' dir='ltr'><strong>narrat,</strong></span> <span class='ocrx_word' id='word_1_45' title='bbox 1083 1997 1322 2049; x_wconf 85' lang='lat' dir='ltr'><strong>universa</strong></span> <span class='ocrx_word' id='word_1_46' title='bbox 1361 2011 1539 2064; x_wconf 79' lang='lat' dir='ltr'><strong>nempe</strong></span> <span class='ocrx_word' id='word_1_47' title='bbox 1571 1995 1803 2048; x_wconf 84' lang='lat' dir='ltr'><strong>tollenda</strong></span> <span class='ocrx_word' id='word_1_48' title='bbox 1855 2011 1986 2059; x_wconf 84' lang='lat' dir='ltr'><strong>esse,</strong></span> 
     </span>
    </p>
   </div>
   <div class='ocr_carea' id='block_1_12' title="bbox 422 2076 1990 2162">
    <p class='ocr_par' dir='ltr' id='par_1_12' title="bbox 422 2093 1990 2162">
     <span class='ocr_line' id='line_1_12' title="bbox 422 2093 1990 2162; baseline -0.001 -14"><span class='ocrx_word' id='word_1_49' title='bbox 422 2098 670 2159; x_wconf 71' lang='lat' dir='ltr'><strong>hostium,</strong></span> <span class='ocrx_word' id='word_1_50' title='bbox 703 2096 949 2159; x_wconf 81' lang='lat' dir='ltr'><strong>libamen,</strong></span> <span class='ocrx_word' id='word_1_51' title='bbox 979 2095 1296 2157; x_wconf 81' lang='lat' dir='ltr'><strong>unctionem,</strong></span> <span class='ocrx_word' id='word_1_52' title='bbox 1321 2093 1607 2162; x_wconf 81' lang='lat' dir='ltr'><strong>judicium.</strong></span> <span class='ocrx_word' id='word_1_53' title='bbox 1637 2093 1827 2147; x_wconf 83' lang='lat' dir='ltr'><strong>Verum</strong></span> <span class='ocrx_word' id='word_1_54' title='bbox 1857 2094 1990 2162; x_wconf 66' lang='lat' dir='ltr'><strong>lucc,</strong></span> 
     </span>
    </p>
   </div>
   <div class='ocr_carea' id='block_1_13' title="bbox 421 2193 1986 2266">
    <p class='ocr_par' dir='ltr' id='par_1_13' title="bbox 421 2193 1986 2266">
     <span class='ocr_line' id='line_1_13' title="bbox 421 2193 1986 2266; baseline -0.001 -17"><span class='ocrx_word' id='word_1_55' title='bbox 421 2198 634 2266; x_wconf 80' lang='lat' dir='ltr'><strong>quando</strong></span> <span class='ocrx_word' id='word_1_56' title='bbox 694 2196 944 2248; x_wconf 85' lang='lat' dir='ltr'><strong>adversus</strong></span> <span class='ocrx_word' id='word_1_57' title='bbox 995 2193 1211 2247; x_wconf 71' lang='lat' dir='ltr'><strong>Judazos</strong></span> <span class='ocrx_word' id='word_1_58' title='bbox 1277 2209 1566 2247; x_wconf 79' lang='lat' dir='ltr'><strong>sermonem</strong></span> <span class='ocrx_word' id='word_1_59' title='bbox 1627 2194 1986 2258; x_wconf 85' lang='lat' dir='ltr'><strong>instituemus,</strong></span> 
     </span>
    </p>
   </div>
   <div class='ocr_carea' id='block_1_14' title="bbox 423 2292 1992 2365">
    <p class='ocr_par' dir='ltr' id='par_1_14' title="bbox 423 2292 1992 2365">
     <span class='ocr_line' id='line_1_14' title="bbox 423 2292 1992 2365; baseline -0.003 -15"><span class='ocrx_word' id='word_1_60' title='bbox 423 2299 625 2351; x_wconf 83' lang='lat' dir='ltr'><strong>clarius</strong></span> <span class='ocrx_word' id='word_1_61' title='bbox 663 2296 934 2365; x_wconf 75' lang='lat' dir='ltr'><strong>fusiusque</strong></span> <span class='ocrx_word' id='word_1_62' title='bbox 990 2294 1410 2363; x_wconf 79' lang='lat' dir='ltr'><strong>explicabimus:</strong></span> <span class='ocrx_word' id='word_1_63' title='bbox 1450 2292 1607 2345; x_wconf 84' lang='grc' dir='ltr'>Ἀλλὰ</span> <span class='ocrx_word' id='word_1_64' title='bbox 1638 2293 1808 2346; x_wconf 75' lang='grc' dir='ltr'><strong>ταῦτα.</strong></span> <span class='ocrx_word' id='word_1_65' title='bbox 1870 2293 1992 2363; x_wconf 81' lang='grc' dir='ltr'>μὲν,</span> 
     </span>
    </p>
   </div>
   <div class='ocr_carea' id='block_1_15' title="bbox 423 2395 1993 2470">
    <p class='ocr_par' dir='ltr' id='par_1_15' title="bbox 423 2395 1993 2470">
     <span class='ocr_line' id='line_1_15' title="bbox 423 2395 1993 2470; baseline -0.001 -19"><span class='ocrx_word' id='word_1_66' title='bbox 423 2400 588 2470; x_wconf 78' lang='grc' dir='ltr'>ἡνίκα</span> <span class='ocrx_word' id='word_1_67' title='bbox 631 2397 696 2450; x_wconf 84' lang='grc' dir='ltr'>ἂν</span> <span class='ocrx_word' id='word_1_68' title='bbox 732 2398 868 2469; x_wconf 79' lang='grc' dir='ltr'>πρὸς</span> <span class='ocrx_word' id='word_1_69' title='bbox 887 2398 1013 2459; x_wconf 76' lang='grc' dir='ltr'><strong>τοὺς</strong></span> <span class='ocrx_word' id='word_1_70' title='bbox 1037 2395 1321 2459; x_wconf 84' lang='grc' dir='ltr'>Ἰουδαίους</span> <span class='ocrx_word' id='word_1_71' title='bbox 1353 2395 1631 2467; x_wconf 81' lang='grc' dir='ltr'><strong>λέγωμεν,</strong></span> <span class='ocrx_word' id='word_1_72' title='bbox 1659 2397 1993 2468; x_wconf 84' lang='grc' dir='ltr'><strong>σαφέστερον</strong></span> 
     </span>
    </p>
   </div>
   <div class='ocr_carea' id='block_1_16' title="bbox 425 2496 1993 2571">
    <p class='ocr_par' dir='ltr' id='par_1_16' title="bbox 425 2496 1993 2571">
     <span class='ocr_line' id='line_1_16' title="bbox 425 2496 1993 2571; baseline 0.002 -19"><span class='ocrx_word' id='word_1_73' title='bbox 425 2501 520 2552; x_wconf 77' lang='grc' dir='ltr'>καὶ</span> <span class='ocrx_word' id='word_1_74' title='bbox 549 2498 841 2571; x_wconf 81' lang='grc' dir='ltr'>εὐρύτερον</span> <span class='ocrx_word' id='word_1_75' title='bbox 878 2498 1277 2570; x_wconf 80' lang='grc' dir='ltr'><strong>ἁναπτύξομεν.</strong></span> <span class='ocrx_word' id='word_1_76' title='bbox 1322 2496 1472 2554; x_wconf 89' lang='lat' dir='ltr'><strong>llanc</strong></span> <span class='ocrx_word' id='word_1_77' title='bbox 1501 2513 1630 2553; x_wconf 85' lang='lat' dir='ltr'><strong>vero</strong></span> <span class='ocrx_word' id='word_1_78' title='bbox 1661 2509 1993 2568; x_wconf 80' lang='lat' dir='ltr'><strong>postremam</strong></span> 
     </span>
    </p>
   </div>
   <div class='ocr_carea' id='block_1_17' title="bbox 426 2600 1996 2670">
    <p class='ocr_par' dir='ltr' id='par_1_17' title="bbox 426 2600 1996 2670">
     <span class='ocr_line' id='line_1_17' title="bbox 426 2600 1996 2670; baseline -0.001 -14"><span class='ocrx_word' id='word_1_79' title='bbox 426 2601 780 2656; x_wconf 85' lang='lat' dir='ltr'><strong>Judaicornm</strong></span> <span class='ocrx_word' id='word_1_80' title='bbox 815 2601 1018 2656; x_wconf 86' lang='lat' dir='ltr'><strong>rituum</strong></span> <span class='ocrx_word' id='word_1_81' title='bbox 1063 2600 1504 2670; x_wconf 88' lang='lat' dir='ltr'><strong>reprobationem</strong></span> <span class='ocrx_word' id='word_1_82' title='bbox 1558 2600 1996 2669; x_wconf 87' lang='lat' dir='ltr'><strong>solutionemque</strong></span> 
     </span>
    </p>
   </div>
   <div class='ocr_carea' id='block_1_18' title="bbox 429 2699 1996 2771">
    <p class='ocr_par' dir='ltr' id='par_1_18' title="bbox 429 2699 1996 2771">
     <span class='ocr_line' id='line_1_18' title="bbox 429 2699 1996 2771; baseline 0.001 -15"><span class='ocrx_word' id='word_1_83' title='bbox 429 2704 738 2768; x_wconf 70' lang='lat' dir='ltr'><strong>advenisse,</strong></span> <span class='ocrx_word' id='word_1_84' title='bbox 767 2701 908 2768; x_wconf 84' lang='lat' dir='ltr'><strong>fuse,</strong></span> <span class='ocrx_word' id='word_1_85' title='bbox 940 2711 1001 2756; x_wconf 92' lang='lat' dir='ltr'><strong>ut</strong></span> <span class='ocrx_word' id='word_1_86' title='bbox 1040 2699 1316 2771; x_wconf 87' lang='lat' dir='ltr'><strong>pollicitus</strong></span> <span class='ocrx_word' id='word_1_87' title='bbox 1343 2711 1480 2766; x_wconf 86' lang='lat' dir='ltr'><strong>erat,</strong></span> <span class='ocrx_word' id='word_1_88' title='bbox 1513 2701 1857 2756; x_wconf 84' lang='lat' dir='ltr'><strong>demonstrat</strong></span> <span class='ocrx_word' id='word_1_89' title='bbox 1906 2701 1996 2757; x_wconf 91' lang='lat' dir='ltr'><strong>ille</strong></span> 
     </span>
    </p>
   </div>
   <div class='ocr_carea' id='block_1_19' title="bbox 431 2800 1996 2864">
    <p class='ocr_par' dir='ltr' id='par_1_19' title="bbox 431 2800 1996 2864">
     <span class='ocr_line' id='line_1_19' title="bbox 431 2800 1996 2864; baseline -0.001 -8"><span class='ocrx_word' id='word_1_90' title='bbox 431 2805 484 2857; x_wconf 93' lang='lat' dir='ltr'><strong>in</strong></span> <span class='ocrx_word' id='word_1_91' title='bbox 523 2804 607 2859; x_wconf 86' lang='lat' dir='ltr'><strong>his</strong></span> <span class='ocrx_word' id='word_1_92' title='bbox 639 2812 829 2858; x_wconf 84' lang='lat' dir='ltr'><strong>contra</strong></span> <span class='ocrx_word' id='word_1_93' title='bbox 862 2800 1077 2858; x_wconf 61' lang='lat' dir='ltr'><strong>Judteos</strong></span> <span class='ocrx_word' id='word_1_94' title='bbox 1130 2802 1394 2864; x_wconf 90' lang='lat' dir='ltr'><strong>homiliis,</strong></span> <span class='ocrx_word' id='word_1_95' title='bbox 1453 2802 1687 2856; x_wconf 77' lang='lat' dir='ltr'><strong>maxime</strong></span> <span class='ocrx_word' id='word_1_96' title='bbox 1744 2816 1872 2856; x_wconf 85' lang='lat' dir='ltr'><strong>vero</strong></span> <span class='ocrx_word' id='word_1_97' title='bbox 1942 2801 1996 2855; x_wconf 91' lang='lat' dir='ltr'><strong>in</strong></span> 
     </span>
    </p>
   </div>
   <div class='ocr_carea' id='block_1_20' title="bbox 431 2904 1998 2975">
    <p class='ocr_par' dir='ltr' id='par_1_20' title="bbox 431 2904 1998 2975">
     <span class='ocr_line' id='line_1_20' title="bbox 431 2904 1998 2975; baseline 0.001 -17"><span class='ocrx_word' id='word_1_98' title='bbox 431 2905 676 2975; x_wconf 89' lang='lat' dir='ltr'><strong>quinque</strong></span> <span class='ocrx_word' id='word_1_99' title='bbox 737 2905 973 2970; x_wconf 89' lang='lat' dir='ltr'><strong>ultimis,</strong></span> <span class='ocrx_word' id='word_1_100' title='bbox 1020 2905 1135 2970; x_wconf 85' lang='lat' dir='ltr'><strong>ubi,</strong></span> <span class='ocrx_word' id='word_1_101' title='bbox 1189 2905 1410 2961; x_wconf 88' lang='lat' dir='ltr'><strong>homilia</strong></span> <span class='ocrx_word' id='word_1_102' title='bbox 1446 2920 1641 2975; x_wconf 86' lang='lat' dir='ltr'><strong>nempe</strong></span> <span class='ocrx_word' id='word_1_103' title='bbox 1674 2904 1889 2974; x_wconf 82' lang='lat' dir='ltr'><strong>quinta,</strong></span> <span class='ocrx_word' id='word_1_104' title='bbox 1929 2919 1998 2959; x_wconf 74' lang='lat' dir='ltr'><strong>ex</strong></span> 
     </span>
    </p>
   </div>
   <div class='ocr_carea' id='block_1_21' title="bbox 436 3006 1993 3078">
    <p class='ocr_par' dir='ltr' id='par_1_21' title="bbox 436 3006 1993 3078">
     <span class='ocr_line' id='line_1_21' title="bbox 436 3006 1993 3078; baseline 0.003 -20"><span class='ocrx_word' id='word_1_105' title='bbox 436 3007 658 3062; x_wconf 86' lang='lat' dir='ltr'><strong>Daniele</strong></span> <span class='ocrx_word' id='word_1_106' title='bbox 712 3008 1014 3077; x_wconf 67' lang='lat' dir='ltr'><strong>praesertim</strong></span> <span class='ocrx_word' id='word_1_107' title='bbox 1066 3009 1170 3062; x_wconf 91' lang='lat' dir='ltr'><strong>hoc</strong></span> <span class='ocrx_word' id='word_1_108' title='bbox 1200 3016 1582 3078; x_wconf 80' lang='lat' dir='ltr'><strong>argumentum</strong></span> <span class='ocrx_word' id='word_1_109' title='bbox 1617 3006 1993 3078; x_wconf 89' lang='lat' dir='ltr'><strong>prosequitur.</strong></span> 
     </span>
    </p>
   </div>
   <div class='ocr_carea' id='block_1_22' title="bbox 436 3107 2004 3181">
    <p class='ocr_par' dir='ltr' id='par_1_22' title="bbox 436 3107 2004 3181">
     <span class='ocr_line' id='line_1_22' title="bbox 436 3107 2004 3181; baseline -0.001 -19"><span class='ocrx_word' id='word_1_110' title='bbox 436 3107 530 3164; x_wconf 66' lang='lat' dir='ltr'><strong>liae</strong></span> <span class='ocrx_word' id='word_1_111' title='bbox 563 3119 743 3164; x_wconf 90' lang='lat' dir='ltr'><strong>autem</strong></span> <span class='ocrx_word' id='word_1_112' title='bbox 784 3110 1024 3181; x_wconf 83' lang='lat' dir='ltr'><strong>quinque</strong></span> <span class='ocrx_word' id='word_1_113' title='bbox 1050 3109 1254 3164; x_wconf 69' lang='lat' dir='ltr'><strong>ultima:</strong></span> <span class='ocrx_word' id='word_1_114' title='bbox 1282 3123 1448 3172; x_wconf 88' lang='lat' dir='ltr'><strong>anno,</strong></span> <span class='ocrx_word' id='word_1_115' title='bbox 1491 3116 1552 3162; x_wconf 91' lang='lat' dir='ltr'><strong>ut</strong></span> <span class='ocrx_word' id='word_1_116' title='bbox 1590 3117 1866 3178; x_wconf 79' lang='lat' dir='ltr'><strong>putamus,</strong></span> <span class='ocrx_word' id='word_1_117' title='bbox 1899 3107 2004 3162; x_wconf 76' lang='lat'><strong>587</strong></span> 
     </span>
    </p>
   </div>
   <div class='ocr_carea' id='block_1_23' title="bbox 436 3210 1686 3281">
    <p class='ocr_par' dir='ltr' id='par_1_23' title="bbox 436 3210 1686 3281">
     <span class='ocr_line' id='line_1_23' title="bbox 436 3210 1686 3281; baseline -0.002 -15"><span class='ocrx_word' id='word_1_118' title='bbox 436 3211 636 3266; x_wconf 65' lang='lat' dir='ltr'><strong>habita:</strong></span> <span class='ocrx_word' id='word_1_119' title='bbox 670 3221 816 3266; x_wconf 90' lang='lat' dir='ltr'><strong>sunt.</strong></span> <span class='ocrx_word' id='word_1_120' title='bbox 851 3211 985 3266; x_wconf 85' lang='lat' dir='ltr'><strong>Vide</strong></span> <span class='ocrx_word' id='word_1_121' title='bbox 1018 3214 1070 3266; x_wconf 93' lang='lat' dir='ltr'><strong>in</strong></span> <span class='ocrx_word' id='word_1_122' title='bbox 1102 3211 1306 3266; x_wconf 80' lang='lat' dir='ltr'><strong>Monito</strong></span> <span class='ocrx_word' id='word_1_123' title='bbox 1337 3210 1686 3281; x_wconf 66' lang='lat' dir='ltr'><strong>praecedenti.</strong></span> 
     </span>
    </p>
   </div>
   <div class='ocr_carea' id='block_1_24' title="bbox 507 3310 2002 3382">
    <p class='ocr_par' dir='ltr' id='par_1_24' title="bbox 507 3310 2002 3382">
     <span class='ocr_line' id='line_1_24' title="bbox 507 3310 2002 3382; baseline -0.001 -16"><span class='ocrx_word' id='word_1_124' title='bbox 507 3313 868 3369; x_wconf 84' lang='lat' dir='ltr'><strong>llomiliarum</strong></span> <span class='ocrx_word' id='word_1_125' title='bbox 902 3313 1036 3368; x_wconf 90' lang='lat' dir='ltr'><strong>ordo</strong></span> <span class='ocrx_word' id='word_1_126' title='bbox 1086 3329 1194 3368; x_wconf 93' lang='lat' dir='ltr'><strong>non</strong></span> <span class='ocrx_word' id='word_1_127' title='bbox 1242 3327 1384 3368; x_wconf 89' lang='lat' dir='ltr'><strong>unus</strong></span> <span class='ocrx_word' id='word_1_128' title='bbox 1452 3313 1703 3382; x_wconf 86' lang='lat' dir='ltr'><strong>idemque</strong></span> <span class='ocrx_word' id='word_1_129' title='bbox 1761 3310 2002 3372; x_wconf 86' lang='lat' dir='ltr'><strong>occurrit</strong></span> 
     </span>
    </p>
   </div>
   <div class='ocr_carea' id='block_1_25' title="bbox 435 3407 2006 3486">
    <p class='ocr_par' dir='ltr' id='par_1_25' title="bbox 435 3407 2006 3486">
     <span class='ocr_line' id='line_1_25' title="bbox 435 3407 2006 3486; baseline -0.003 -18"><span class='ocrx_word' id='word_1_130' title='bbox 435 3423 546 3468; x_wconf 86' lang='lat' dir='ltr'><strong>tam</strong></span> <span class='ocrx_word' id='word_1_131' title='bbox 578 3414 630 3468; x_wconf 94' lang='lat' dir='ltr'><strong>in</strong></span> <span class='ocrx_word' id='word_1_132' title='bbox 664 3414 845 3482; x_wconf 86' lang='lat' dir='ltr'><strong>editis,</strong></span> <span class='ocrx_word' id='word_1_133' title='bbox 899 3428 1063 3484; x_wconf 90' lang='lat' dir='ltr'><strong>quam</strong></span> <span class='ocrx_word' id='word_1_134' title='bbox 1107 3411 1162 3466; x_wconf 93' lang='lat' dir='ltr'><strong>in</strong></span> <span class='ocrx_word' id='word_1_135' title='bbox 1209 3411 1615 3486; x_wconf 64' lang='lat' dir='ltr'><strong>manuscriptis.</strong></span> <span class='ocrx_word' id='word_1_136' title='bbox 1669 3409 1840 3464; x_wconf 79' lang='lat' dir='ltr'><strong>David</strong></span> <span class='ocrx_word' id='word_1_137' title='bbox 1875 3407 2006 3464; x_wconf 68' lang='lat' dir='ltr'><strong>Ha:-</strong></span> 
     </span>
    </p>
   </div>
   <div class='ocr_carea' id='block_1_26' title="bbox 439 3509 2006 3584">
    <p class='ocr_par' dir='ltr' id='par_1_26' title="bbox 439 3509 2006 3584">
     <span class='ocr_line' id='line_1_26' title="bbox 439 3509 2006 3584; baseline -0.002 -16"><span class='ocrx_word' id='word_1_138' title='bbox 439 3513 697 3579; x_wconf 86' lang='lat' dir='ltr'><strong>schelius,</strong></span> <span class='ocrx_word' id='word_1_139' title='bbox 748 3528 909 3584; x_wconf 91' lang='lat' dir='ltr'><strong>quem</strong></span> <span class='ocrx_word' id='word_1_140' title='bbox 951 3524 1172 3570; x_wconf 90' lang='lat' dir='ltr'><strong>secutus</strong></span> <span class='ocrx_word' id='word_1_141' title='bbox 1213 3522 1298 3567; x_wconf 89' lang='lat' dir='ltr'><strong>est</strong></span> <span class='ocrx_word' id='word_1_142' title='bbox 1343 3511 1548 3566; x_wconf 87' lang='lat' dir='ltr'><strong>Fronto</strong></span> <span class='ocrx_word' id='word_1_143' title='bbox 1609 3509 1857 3578; x_wconf 70' lang='lat' dir='ltr'><strong>Ducacus,</strong></span> <span class='ocrx_word' id='word_1_144' title='bbox 1910 3524 2006 3566; x_wconf 81' lang='lat' dir='ltr'><strong>sex</strong></span> 
     </span>
    </p>
   </div>
   <div class='ocr_carea' id='block_1_27' title="bbox 438 3613 2008 3688">
    <p class='ocr_par' dir='ltr' id='par_1_27' title="bbox 438 3613 2008 3688">
     <span class='ocr_line' id='line_1_27' title="bbox 438 3613 2008 3688; baseline -0.004 -14"><span class='ocrx_word' id='word_1_145' title='bbox 438 3627 838 3688; x_wconf 86' lang='lat' dir='ltr'><strong>consequenter</strong></span> <span class='ocrx_word' id='word_1_146' title='bbox 867 3627 1058 3673; x_wconf 90' lang='lat' dir='ltr'><strong>contra</strong></span> <span class='ocrx_word' id='word_1_147' title='bbox 1097 3616 1319 3672; x_wconf 76' lang='lat' dir='ltr'><strong>Judzeos</strong></span> <span class='ocrx_word' id='word_1_148' title='bbox 1369 3615 1525 3685; x_wconf 90' lang='lat' dir='ltr'><strong>ponit</strong></span> <span class='ocrx_word' id='word_1_149' title='bbox 1575 3613 1871 3680; x_wconf 88' lang='lat' dir='ltr'><strong>homilias;</strong></span> <span class='ocrx_word' id='word_1_150' title='bbox 1921 3614 2008 3668; x_wconf 90' lang='lat' dir='ltr'><strong>ni-</strong></span> 
     </span>
    </p>
   </div>
   <div class='ocr_carea' id='block_1_28' title="bbox 432 3713 1998 3788">
    <p class='ocr_par' dir='ltr' id='par_1_28' title="bbox 432 3713 1998 3788">
     <span class='ocr_line' id='line_1_28' title="bbox 432 3713 1998 3788; baseline -0.004 -15"><span class='ocrx_word' id='word_1_151' title='bbox 432 3721 639 3773; x_wconf 77' lang='lat' dir='ltr'><strong>mirum</strong></span> <span class='ocrx_word' id='word_1_152' title='bbox 671 3719 902 3788; x_wconf 89' lang='lat' dir='ltr'><strong>primam</strong></span> <span class='ocrx_word' id='word_1_153' title='bbox 922 3732 1063 3783; x_wconf 88' lang='lat' dir='ltr'><strong>eam,</strong></span> <span class='ocrx_word' id='word_1_154' title='bbox 1097 3732 1215 3784; x_wconf 67' lang='lat' dir='ltr'><strong>quae</strong></span> <span class='ocrx_word' id='word_1_155' title='bbox 1245 3715 1456 3785; x_wconf 89' lang='lat' dir='ltr'><strong>incipit,</strong></span> <span class='ocrx_word' id='word_1_156' title='bbox 1505 3713 1837 3786; x_wconf 79' lang='grc' dir='ltr'><strong>Ἐϐουλόμην</strong></span> <span class='ocrx_word' id='word_1_157' title='bbox 1869 3714 1998 3786; x_wconf 82' lang='grc' dir='ltr'>ὑμῖν</span> 
     </span>
    </p>
   </div>
   <div class='ocr_carea' id='block_1_29' title="bbox 439 3813 2009 3884">
    <p class='ocr_par' dir='ltr' id='par_1_29' title="bbox 439 3813 2009 3884">
     <span class='ocr_line' id='line_1_29' title="bbox 439 3813 2009 3884; baseline -0.003 -12"><span class='ocrx_word' id='word_1_158' title='bbox 439 3817 731 3872; x_wconf 83' lang='grc' dir='ltr'>ἀποδοῦναι</span> <span class='ocrx_word' id='word_1_159' title='bbox 758 3835 770 3872; x_wconf 91' lang='lat'>:</span> <span class='ocrx_word' id='word_1_160' title='bbox 815 3817 1133 3884; x_wconf 87' lang='lat' dir='ltr'><strong>secundam,</strong></span> <span class='ocrx_word' id='word_1_161' title='bbox 1164 3815 1332 3870; x_wconf 82' lang='grc' dir='ltr'>Πάλιν</span> <span class='ocrx_word' id='word_1_162' title='bbox 1369 3817 1418 3868; x_wconf 83' lang='lat' dir='ltr'><strong>ot</strong></span> <span class='ocrx_word' id='word_1_163' title='bbox 1460 3814 1681 3869; x_wconf 81' lang='grc' dir='ltr'><strong>δείλαιοι</strong></span> <span class='ocrx_word' id='word_1_164' title='bbox 1710 3833 1726 3872; x_wconf 91' lang='lat'><strong>:</strong></span> <span class='ocrx_word' id='word_1_165' title='bbox 1751 3813 1964 3869; x_wconf 90' lang='lat' dir='ltr'><strong>tertiam</strong></span> <span class='ocrx_word' id='word_1_166' title='bbox 1993 3852 2009 3879; x_wconf 94' lang='lat'><strong>,</strong></span> 
     </span>
    </p>
   </div>
   <div class='ocr_carea' id='block_1_30' title="bbox 443 3916 2010 3991">
    <p class='ocr_par' dir='ltr' id='par_1_30' title="bbox 443 3916 2010 3991">
     <span class='ocr_line' id='line_1_30' title="bbox 443 3916 2010 3991; baseline 0.001 -21"><span class='ocrx_word' id='word_1_167' title='bbox 443 3918 613 3971; x_wconf 75' lang='grc' dir='ltr'>Πόθεν</span> <span class='ocrx_word' id='word_1_168' title='bbox 637 3920 768 3988; x_wconf 80' lang='grc' dir='ltr'>ἡμῖν</span> <span class='ocrx_word' id='word_1_169' title='bbox 787 3919 896 3991; x_wconf 81' lang='grc' dir='ltr'>ἄρα</span> <span class='ocrx_word' id='word_1_170' title='bbox 921 3936 934 3972; x_wconf 90' lang='lat'><strong>:</strong></span> <span class='ocrx_word' id='word_1_171' title='bbox 965 3925 1241 3989; x_wconf 82' lang='lat' dir='ltr'><strong>quartam,</strong></span> <span class='ocrx_word' id='word_1_172' title='bbox 1263 3917 1344 3970; x_wconf 82' lang='grc' dir='ltr'><strong>Τὰ</strong></span> <span class='ocrx_word' id='word_1_173' title='bbox 1371 3916 1534 3988; x_wconf 82' lang='grc' dir='ltr'>Θηρίσ.</span> <span class='ocrx_word' id='word_1_174' title='bbox 1564 3916 1706 3981; x_wconf 73' lang='grc' dir='ltr'><strong>ἓωςε</strong></span> <span class='ocrx_word' id='word_1_175' title='bbox 1738 3916 2010 3987; x_wconf 88' lang='lat' dir='ltr'><strong>quintam,</strong></span> 
     </span>
    </p>
   </div>
   <div class='ocr_carea' id='block_1_31' title="bbox 440 4013 2010 4102">
    <p class='ocr_par' dir='ltr' id='par_1_31' title="bbox 440 4013 2010 4102">
     <span class='ocr_line' id='line_1_31' title="bbox 440 4013 2010 4102; baseline 0.001 -32"><span class='ocrx_word' id='word_1_176' title='bbox 440 4013 589 4088; x_wconf 64' lang='grc' dir='ltr'>’Ἄρα</span> <span class='ocrx_word' id='word_1_177' title='bbox 613 4019 773 4090; x_wconf 83' lang='grc' dir='ltr'>κόρον</span> <span class='ocrx_word' id='word_1_178' title='bbox 803 4018 1023 4072; x_wconf 76' lang='grc' dir='ltr'>ἐλάϐετε</span> <span class='ocrx_word' id='word_1_179' title='bbox 1049 4037 1062 4074; x_wconf 91' lang='lat'><strong>:</strong></span> <span class='ocrx_word' id='word_1_180' title='bbox 1088 4027 1320 4102; x_wconf 70' lang='lat' dir='ltr'><strong>sextam,</strong></span> <span class='ocrx_word' id='word_1_181' title='bbox 1355 4017 1640 4090; x_wconf 79' lang='grc' dir='ltr'><strong>Παρῆλθεν</strong></span> <span class='ocrx_word' id='word_1_182' title='bbox 1680 4018 1714 4090; x_wconf 78' lang='grc' dir='ltr'>ἠ</span> <span class='ocrx_word' id='word_1_183' title='bbox 1765 4018 2010 4088; x_wconf 82' lang='grc' dir='ltr'>νηστεία.</span> 
     </span>
    </p>
   </div>
   <div class='ocr_carea' id='block_1_32' title="bbox 441 4118 2012 4188">
    <p class='ocr_par' dir='ltr' id='par_1_32' title="bbox 441 4118 2012 4188">
     <span class='ocr_line' id='line_1_32' title="bbox 441 4118 2012 4188; baseline 0.001 -15"><span class='ocrx_word' id='word_1_184' title='bbox 441 4119 646 4176; x_wconf 80' lang='lat' dir='ltr'><strong>Eodem</strong></span> <span class='ocrx_word' id='word_1_185' title='bbox 680 4129 860 4176; x_wconf 89' lang='lat' dir='ltr'><strong>autem</strong></span> <span class='ocrx_word' id='word_1_186' title='bbox 893 4121 1001 4176; x_wconf 91' lang='lat' dir='ltr'><strong>ritu</strong></span> <span class='ocrx_word' id='word_1_187' title='bbox 1031 4136 1109 4177; x_wconf 68' lang='lat' dir='ltr'><strong>ea:</strong></span> <span class='ocrx_word' id='word_1_188' title='bbox 1139 4122 1410 4177; x_wconf 87' lang='lat' dir='ltr'><strong>habentur</strong></span> <span class='ocrx_word' id='word_1_189' title='bbox 1458 4119 1513 4173; x_wconf 91' lang='lat' dir='ltr'><strong>in</strong></span> <span class='ocrx_word' id='word_1_190' title='bbox 1548 4118 1827 4185; x_wconf 87' lang='lat' dir='ltr'><strong>omnibus,</strong></span> <span class='ocrx_word' id='word_1_191' title='bbox 1870 4133 2012 4188; x_wconf 89' lang='lat' dir='ltr'><strong>quos</strong></span> 
     </span>
    </p>
   </div>
   <div class='ocr_carea' id='block_1_33' title="bbox 442 4219 2014 4291">
    <p class='ocr_par' dir='ltr' id='par_1_33' title="bbox 442 4219 2014 4291">
     <span class='ocr_line' id='line_1_33' title="bbox 442 4219 2014 4291; baseline -0.001 -18"><span class='ocrx_word' id='word_1_192' title='bbox 442 4221 852 4291; x_wconf 89' lang='lat' dir='ltr'><strong>quatuordecim</strong></span> <span class='ocrx_word' id='word_1_193' title='bbox 885 4237 1115 4278; x_wconf 90' lang='lat' dir='ltr'><strong>numero</strong></span> <span class='ocrx_word' id='word_1_194' title='bbox 1147 4222 1406 4286; x_wconf 88' lang='lat' dir='ltr'><strong>vidimus,</strong></span> <span class='ocrx_word' id='word_1_195' title='bbox 1452 4219 1859 4290; x_wconf 88' lang='lat' dir='ltr'><strong>manuscriptis,</strong></span> <span class='ocrx_word' id='word_1_196' title='bbox 1904 4235 2014 4273; x_wconf 92' lang='lat' dir='ltr'><strong>uno</strong></span> 
     </span>
    </p>
   </div>
   <div class='ocr_carea' id='block_1_34' title="bbox 440 4321 2015 4394">
    <p class='ocr_par' dir='ltr' id='par_1_34' title="bbox 440 4321 2015 4394">
     <span class='ocr_line' id='line_1_34' title="bbox 440 4321 2015 4394; baseline 0 -18"><span class='ocrx_word' id='word_1_197' title='bbox 440 4326 672 4386; x_wconf 67' lang='lat' dir='ltr'><strong>echpto</strong></span> <span class='ocrx_word' id='word_1_198' title='bbox 698 4321 886 4394; x_wconf 84' lang='lat' dir='ltr'><strong>Regio,</strong></span> <span class='ocrx_word' id='word_1_199' title='bbox 915 4321 1078 4388; x_wconf 68' lang='lat'><strong>2900,</strong></span> <span class='ocrx_word' id='word_1_200' title='bbox 1109 4322 1204 4392; x_wconf 91' lang='lat' dir='ltr'><strong>qui</strong></span> <span class='ocrx_word' id='word_1_201' title='bbox 1239 4322 1423 4392; x_wconf 86' lang='lat' dir='ltr'><strong>priore</strong></span> <span class='ocrx_word' id='word_1_202' title='bbox 1447 4321 1831 4392; x_wconf 59' lang='lat' dir='ltr'><strong>praetermissa,</strong></span> <span class='ocrx_word' id='word_1_203' title='bbox 1857 4327 2015 4390; x_wconf 80' lang='lat' dir='ltr'><strong>cujus</strong></span> 
     </span>
    </p>
   </div>
   <div class='ocr_carea' id='block_1_35' title="bbox 445 4415 2013 4494">
    <p class='ocr_par' dir='ltr' id='par_1_35' title="bbox 445 4415 2013 4494">
     <span class='ocr_line' id='line_1_35' title="bbox 445 4415 2013 4494; baseline -0.003 -15"><span class='ocrx_word' id='word_1_204' title='bbox 445 4415 685 4487; x_wconf 68' lang='lat' dir='ltr'><strong>initium,</strong></span> <span class='ocrx_word' id='word_1_205' title='bbox 733 4422 1062 4494; x_wconf 78' lang='grc' dir='ltr'>Ἐϐουλόμην</span> <span class='ocrx_word' id='word_1_206' title='bbox 1117 4423 1243 4493; x_wconf 82' lang='grc' dir='ltr'><strong>ὑμῖν</strong></span> <span class='ocrx_word' id='word_1_207' title='bbox 1299 4421 1608 4492; x_wconf 80' lang='grc' dir='ltr'>ἀποδοῦναι,</span> <span class='ocrx_word' id='word_1_208' title='bbox 1661 4439 1693 4479; x_wconf 86' lang='lat' dir='ltr'><strong>a</strong></span> <span class='ocrx_word' id='word_1_209' title='bbox 1756 4423 2013 4487; x_wconf 86' lang='lat' dir='ltr'><strong>secunda,</strong></span> 
     </span>
    </p>
   </div>
   <div class='ocr_carea' id='block_1_36' title="bbox 446 4523 2015 4595">
    <p class='ocr_par' dir='ltr' id='par_1_36' title="bbox 446 4523 2015 4595">
     <span class='ocr_line' id='line_1_36' title="bbox 446 4523 2015 4595; baseline -0.003 -14"><span class='ocrx_word' id='word_1_210' title='bbox 446 4525 608 4595; x_wconf 87' lang='lat' dir='ltr'><strong>cujus</strong></span> <span class='ocrx_word' id='word_1_211' title='bbox 653 4523 1014 4595; x_wconf 81' lang='lat' dir='ltr'><strong>primordium</strong></span> <span class='ocrx_word' id='word_1_212' title='bbox 1057 4533 1159 4592; x_wconf 86' lang='lat' dir='ltr'><strong>est,</strong></span> <span class='ocrx_word' id='word_1_213' title='bbox 1197 4524 1368 4579; x_wconf 82' lang='grc' dir='ltr'>Πάλιν</span> <span class='ocrx_word' id='word_1_214' title='bbox 1399 4527 1447 4578; x_wconf 78' lang='grc' dir='ltr'><strong>οἱ</strong></span> <span class='ocrx_word' id='word_1_215' title='bbox 1499 4525 1744 4590; x_wconf 77' lang='grc' dir='ltr'>δείλαιοι,</span> <span class='ocrx_word' id='word_1_216' title='bbox 1797 4523 2015 4578; x_wconf 85' lang='lat' dir='ltr'><strong>initium</strong></span> 
     </span>
    </p>
   </div>
   <div class='ocr_carea' id='block_1_37' title="bbox 443 4625 2014 4698">
    <p class='ocr_par' dir='ltr' id='par_1_37' title="bbox 443 4625 2014 4698">
     <span class='ocr_line' id='line_1_37' title="bbox 443 4625 2014 4698; baseline -0.006 -10"><span class='ocrx_word' id='word_1_217' title='bbox 443 4632 619 4695; x_wconf 89' lang='lat' dir='ltr'><strong>ducit,</strong></span> <span class='ocrx_word' id='word_1_218' title='bbox 685 4642 919 4698; x_wconf 84' lang='lat' dir='ltr'><strong>eamque</strong></span> <span class='ocrx_word' id='word_1_219' title='bbox 969 4628 1202 4698; x_wconf 88' lang='lat' dir='ltr'><strong>primam</strong></span> <span class='ocrx_word' id='word_1_220' title='bbox 1258 4628 1532 4693; x_wconf 85' lang='lat' dir='ltr'><strong>inscribit,</strong></span> <span class='ocrx_word' id='word_1_221' title='bbox 1602 4636 1768 4697; x_wconf 88' lang='lat' dir='ltr'><strong>atque</strong></span> <span class='ocrx_word' id='word_1_222' title='bbox 1822 4625 2014 4680; x_wconf 91' lang='lat' dir='ltr'><strong>eodem</strong></span> 
     </span>
    </p>
   </div>
   <div class='ocr_carea' id='block_1_38' title="bbox 447 4726 2016 4810">
    <p class='ocr_par' dir='ltr' id='par_1_38' title="bbox 447 4726 2016 4810">
     <span class='ocr_line' id='line_1_38' title="bbox 447 4726 2016 4810; baseline -0.007 -22"><span class='ocrx_word' id='word_1_223' title='bbox 447 4741 639 4802; x_wconf 82' lang='lat' dir='ltr'><strong>postea</strong></span> <span class='ocrx_word' id='word_1_224' title='bbox 669 4729 996 4787; x_wconf 86' lang='lat' dir='ltr'><strong>numerandi</strong></span> <span class='ocrx_word' id='word_1_225' title='bbox 1027 4729 1217 4786; x_wconf 88' lang='lat' dir='ltr'><strong>ordine</strong></span> <span class='ocrx_word' id='word_1_226' title='bbox 1243 4727 1526 4800; x_wconf 88' lang='lat' dir='ltr'><strong>procedit;</strong></span> <span class='ocrx_word' id='word_1_227' title='bbox 1559 4726 1714 4810; x_wconf 27' lang='lat' dir='ltr'><strong>itaiut</strong></span> <span class='ocrx_word' id='word_1_228' title='bbox 1733 4741 1849 4796; x_wconf 80' lang='lat' dir='ltr'><strong>qua:</strong></span> <span class='ocrx_word' id='word_1_229' title='bbox 1869 4733 2016 4780; x_wconf 69' lang='lat' dir='ltr'><strong>sexta</strong></span> 
     </span>
    </p>
   </div>
   <div class='ocr_carea' id='block_1_39' title="bbox 447 4828 2020 4903">
    <p class='ocr_par' dir='ltr' id='par_1_39' title="bbox 447 4828 2020 4903">
     <span class='ocr_line' id='line_1_39' title="bbox 447 4828 2020 4903; baseline -0.007 -11"><span class='ocrx_word' id='word_1_230' title='bbox 447 4836 611 4892; x_wconf 83' lang='lat' dir='ltr'><strong>estin</strong></span> <span class='ocrx_word' id='word_1_231' title='bbox 656 4835 980 4890; x_wconf 89' lang='lat' dir='ltr'><strong>recensione</strong></span> <span class='ocrx_word' id='word_1_232' title='bbox 1012 4848 1177 4903; x_wconf 90' lang='lat' dir='ltr'><strong>supra</strong></span> <span class='ocrx_word' id='word_1_233' title='bbox 1227 4839 1286 4887; x_wconf 73' lang='lat' dir='ltr'><strong>et</strong></span> <span class='ocrx_word' id='word_1_234' title='bbox 1313 4833 1368 4887; x_wconf 92' lang='lat' dir='ltr'><strong>in</strong></span> <span class='ocrx_word' id='word_1_235' title='bbox 1415 4830 1675 4885; x_wconf 89' lang='lat' dir='ltr'><strong>tredecim</strong></span> <span class='ocrx_word' id='word_1_236' title='bbox 1712 4828 2020 4882; x_wconf 86' lang='lat' dir='ltr'><strong>manuscri-</strong></span> 
     </span>
    </p>
   </div>
   <div class='ocr_carea' id='block_1_40' title="bbox 451 4929 2019 5009">
    <p class='ocr_par' dir='ltr' id='par_1_40' title="bbox 451 4929 2019 5009">
     <span class='ocr_line' id='line_1_40' title="bbox 451 4929 2019 5009; baseline -0.006 -17"><span class='ocrx_word' id='word_1_237' title='bbox 451 4940 579 5009; x_wconf 91' lang='lat' dir='ltr'><strong>ptis,</strong></span> <span class='ocrx_word' id='word_1_238' title='bbox 619 4937 814 5008; x_wconf 88' lang='lat' dir='ltr'><strong>quinta</strong></span> <span class='ocrx_word' id='word_1_239' title='bbox 868 4935 941 4990; x_wconf 89' lang='lat' dir='ltr'><strong>ibi</strong></span> <span class='ocrx_word' id='word_1_240' title='bbox 997 4940 1334 4989; x_wconf 88' lang='lat' dir='ltr'><strong>numeretur.</strong></span> <span class='ocrx_word' id='word_1_241' title='bbox 1395 4931 1552 4987; x_wconf 85' lang='lat' dir='ltr'><strong>Hunc</strong></span> <span class='ocrx_word' id='word_1_242' title='bbox 1596 4945 1730 4985; x_wconf 86' lang='lat' dir='ltr'><strong>vero</strong></span> <span class='ocrx_word' id='word_1_243' title='bbox 1772 4929 2019 4984; x_wconf 88' lang='lat' dir='ltr'><strong>ordinem</strong></span> 
     </span>
    </p>
   </div>
   <div class='ocr_carea' id='block_1_41' title="bbox 452 5030 2019 5096">
    <p class='ocr_par' dir='ltr' id='par_1_41' title="bbox 452 5030 2019 5096">
     <span class='ocr_line' id='line_1_41' title="bbox 452 5030 2019 5096; baseline -0.008 0"><span class='ocrx_word' id='word_1_244' title='bbox 452 5040 627 5096; x_wconf 80' lang='lat' dir='ltr'><strong>secuti</strong></span> <span class='ocrx_word' id='word_1_245' title='bbox 677 5039 843 5094; x_wconf 83' lang='lat' dir='ltr'><strong>etiam</strong></span> <span class='ocrx_word' id='word_1_246' title='bbox 881 5044 1011 5092; x_wconf 89' lang='lat' dir='ltr'><strong>sunt</strong></span> <span class='ocrx_word' id='word_1_247' title='bbox 1056 5033 1318 5090; x_wconf 88' lang='lat' dir='ltr'><strong>Erasmus</strong></span> <span class='ocrx_word' id='word_1_248' title='bbox 1358 5042 1412 5089; x_wconf 92' lang='lat' dir='ltr'><strong>et</strong></span> <span class='ocrx_word' id='word_1_249' title='bbox 1444 5031 1713 5088; x_wconf 81' lang='lat' dir='ltr'><strong>Henricus</strong></span> <span class='ocrx_word' id='word_1_250' title='bbox 1762 5030 2019 5095; x_wconf 85' lang='lat' dir='ltr'><strong>Savilius,</strong></span> 
     </span>
    </p>
   </div>
   <div class='ocr_carea' id='block_1_42' title="bbox 452 5133 2024 5211">
    <p class='ocr_par' dir='ltr' id='par_1_42' title="bbox 452 5133 2024 5211">
     <span class='ocr_line' id='line_1_42' title="bbox 452 5133 2024 5211; baseline -0.006 -15"><span class='ocrx_word' id='word_1_251' title='bbox 452 5141 546 5211; x_wconf 91' lang='lat' dir='ltr'><strong>qui</strong></span> <span class='ocrx_word' id='word_1_252' title='bbox 578 5150 889 5210; x_wconf 88' lang='lat' dir='ltr'><strong>postremus</strong></span> <span class='ocrx_word' id='word_1_253' title='bbox 912 5137 1022 5192; x_wconf 85' lang='lat' dir='ltr'><strong>illis</strong></span> <span class='ocrx_word' id='word_1_254' title='bbox 1049 5135 1294 5208; x_wconf 89' lang='lat' dir='ltr'><strong>quinque</strong></span> <span class='ocrx_word' id='word_1_255' title='bbox 1323 5136 1566 5192; x_wconf 89' lang='lat' dir='ltr'><strong>homiliis</strong></span> <span class='ocrx_word' id='word_1_256' title='bbox 1612 5151 1735 5191; x_wconf 89' lang='lat' dir='ltr'><strong>eam</strong></span> <span class='ocrx_word' id='word_1_257' title='bbox 1791 5133 2024 5204; x_wconf 83' lang='lat' dir='ltr'><strong>subjun-</strong></span> 
     </span>
    </p>
   </div>
   <div class='ocr_carea' id='block_1_43' title="bbox 453 5237 2024 5311">
    <p class='ocr_par' dir='ltr' id='par_1_43' title="bbox 453 5237 2024 5311">
     <span class='ocr_line' id='line_1_43' title="bbox 453 5237 2024 5311; baseline -0.004 -16"><span class='ocrx_word' id='word_1_258' title='bbox 453 5242 552 5311; x_wconf 83' lang='lat' dir='ltr'><strong>git,</strong></span> <span class='ocrx_word' id='word_1_259' title='bbox 599 5255 722 5311; x_wconf 75' lang='lat' dir='ltr'><strong>qua:</strong></span> <span class='ocrx_word' id='word_1_260' title='bbox 758 5239 814 5294; x_wconf 90' lang='lat' dir='ltr'><strong>in</strong></span> <span class='ocrx_word' id='word_1_261' title='bbox 855 5238 1248 5309; x_wconf 89' lang='lat' dir='ltr'><strong>manuscriptis</strong></span> <span class='ocrx_word' id='word_1_262' title='bbox 1301 5237 1581 5303; x_wconf 89' lang='lat' dir='ltr'><strong>omnibus,</strong></span> <span class='ocrx_word' id='word_1_263' title='bbox 1633 5251 1744 5292; x_wconf 91' lang='lat' dir='ltr'><strong>uno</strong></span> <span class='ocrx_word' id='word_1_264' title='bbox 1794 5245 2024 5306; x_wconf 79' lang='lat' dir='ltr'><strong>excepto</strong></span> 
     </span>
    </p>
   </div>
   <div class='ocr_carea' id='block_1_44' title="bbox 458 5341 2024 5414">
    <p class='ocr_par' dir='ltr' id='par_1_44' title="bbox 458 5341 2024 5414">
     <span class='ocr_line' id='line_1_44' title="bbox 458 5341 2024 5414; baseline -0.003 -18"><span class='ocrx_word' id='word_1_265' title='bbox 458 5343 650 5414; x_wconf 77' lang='lat' dir='ltr'><strong>Regio,</strong></span> <span class='ocrx_word' id='word_1_266' title='bbox 711 5343 886 5413; x_wconf 88' lang='lat' dir='ltr'><strong>prima</strong></span> <span class='ocrx_word' id='word_1_267' title='bbox 922 5341 1154 5409; x_wconf 85' lang='lat' dir='ltr'><strong>locatur,</strong></span> <span class='ocrx_word' id='word_1_268' title='bbox 1214 5355 1381 5410; x_wconf 86' lang='lat' dir='ltr'><strong>quam</strong></span> <span class='ocrx_word' id='word_1_269' title='bbox 1434 5347 1614 5394; x_wconf 91' lang='lat' dir='ltr'><strong>tamen</strong></span> <span class='ocrx_word' id='word_1_270' title='bbox 1659 5347 1866 5394; x_wconf 79' lang='lat' dir='ltr'><strong>sextam</strong></span> <span class='ocrx_word' id='word_1_271' title='bbox 1913 5352 2024 5391; x_wconf 90' lang='lat' dir='ltr'><strong>non</strong></span> 
     </span>
    </p>
   </div>
   <div class='ocr_carea' id='block_1_45' title="bbox 458 5440 2026 5516">
    <p class='ocr_par' dir='ltr' id='par_1_45' title="bbox 458 5440 2026 5516">
     <span class='ocr_line' id='line_1_45' title="bbox 458 5440 2026 5516; baseline -0.003 -15"><span class='ocrx_word' id='word_1_272' title='bbox 458 5447 711 5502; x_wconf 83' lang='lat' dir='ltr'><strong>inscribit</strong></span> <span class='ocrx_word' id='word_1_273' title='bbox 740 5445 1003 5510; x_wconf 87' lang='lat' dir='ltr'><strong>Savilius,</strong></span> <span class='ocrx_word' id='word_1_274' title='bbox 1031 5445 1190 5516; x_wconf 88' lang='lat' dir='ltr'><strong>quasi</strong></span> <span class='ocrx_word' id='word_1_275' title='bbox 1239 5457 1394 5500; x_wconf 77' lang='lat' dir='ltr'><strong>extra</strong></span> <span class='ocrx_word' id='word_1_276' title='bbox 1445 5458 1732 5498; x_wconf 90' lang='lat' dir='ltr'><strong>numerum</strong></span> <span class='ocrx_word' id='word_1_277' title='bbox 1768 5440 2026 5511; x_wconf 84' lang='lat' dir='ltr'><strong>positam.</strong></span> 
     </span>
    </p>
   </div>
   <div class='ocr_carea' id='block_1_46' title="bbox 456 5548 2024 5622">
    <p class='ocr_par' dir='ltr' id='par_1_46' title="bbox 456 5548 2024 5622">
     <span class='ocr_line' id='line_1_46' title="bbox 456 5548 2024 5622; baseline -0.003 -17"><span class='ocrx_word' id='word_1_278' title='bbox 456 5549 615 5606; x_wconf 82' lang='lat' dir='ltr'><strong>Hunc</strong></span> <span class='ocrx_word' id='word_1_279' title='bbox 641 5566 810 5622; x_wconf 90' lang='lat' dir='ltr'><strong>porro</strong></span> <span class='ocrx_word' id='word_1_280' title='bbox 831 5551 1080 5606; x_wconf 90' lang='lat' dir='ltr'><strong>ordinem</strong></span> <span class='ocrx_word' id='word_1_281' title='bbox 1113 5564 1180 5605; x_wconf 77' lang='lat' dir='ltr'><strong>ex</strong></span> <span class='ocrx_word' id='word_1_282' title='bbox 1239 5551 1415 5604; x_wconf 87' lang='lat' dir='ltr'><strong>tribus</strong></span> <span class='ocrx_word' id='word_1_283' title='bbox 1473 5548 1854 5618; x_wconf 83' lang='lat' dir='ltr'><strong>Manuscriptis</strong></span> <span class='ocrx_word' id='word_1_284' title='bbox 1903 5561 2024 5601; x_wconf 89' lang='lat' dir='ltr'><strong>mu-</strong></span> 
     </span>
    </p>
   </div>
   <div class='ocr_carea' id='block_1_47' title="bbox 458 5650 2030 5708">
    <p class='ocr_par' dir='ltr' id='par_1_47' title="bbox 458 5650 2030 5708">
     <span class='ocr_line' id='line_1_47' title="bbox 458 5650 2030 5708; baseline -0.001 -2"><span class='ocrx_word' id='word_1_285' title='bbox 458 5661 672 5708; x_wconf 86' lang='lat' dir='ltr'><strong>tuatum</strong></span> <span class='ocrx_word' id='word_1_286' title='bbox 718 5667 778 5706; x_wconf 91' lang='lat' dir='ltr'><strong>se</strong></span> <span class='ocrx_word' id='word_1_287' title='bbox 817 5666 939 5707; x_wconf 87' lang='lat' dir='ltr'><strong>esse</strong></span> <span class='ocrx_word' id='word_1_288' title='bbox 983 5651 1324 5708; x_wconf 79' lang='lat' dir='ltr'><strong>testiﬁcatur.</strong></span> <span class='ocrx_word' id='word_1_289' title='bbox 1387 5650 1494 5705; x_wconf 76' lang='lat' dir='ltr'><strong>Sex</strong></span> <span class='ocrx_word' id='word_1_290' title='bbox 1545 5651 1786 5706; x_wconf 89' lang='lat' dir='ltr'><strong>homiliis</strong></span> <span class='ocrx_word' id='word_1_291' title='bbox 1839 5659 2030 5706; x_wconf 90' lang='lat' dir='ltr'><strong>contra</strong></span> 
     </span>
    </p>
   </div>
   <div class='ocr_carea' id='block_1_48' title="bbox 460 5755 2027 5826">
    <p class='ocr_par' dir='ltr' id='par_1_48' title="bbox 460 5755 2027 5826">
     <span class='ocr_line' id='line_1_48' title="bbox 460 5755 2027 5826; baseline -0.001 -16"><span class='ocrx_word' id='word_1_292' title='bbox 460 5755 678 5814; x_wconf 77' lang='lat' dir='ltr'><strong>Judacos</strong></span> <span class='ocrx_word' id='word_1_293' title='bbox 717 5756 1026 5826; x_wconf 82' lang='lat' dir='ltr'><strong>septimam,</strong></span> <span class='ocrx_word' id='word_1_294' title='bbox 1081 5755 1232 5812; x_wconf 86' lang='lat' dir='ltr'><strong>nullo</strong></span> <span class='ocrx_word' id='word_1_295' title='bbox 1281 5764 1460 5811; x_wconf 81' lang='lat' dir='ltr'><strong>tamen</strong></span> <span class='ocrx_word' id='word_1_296' title='bbox 1498 5769 1727 5812; x_wconf 87' lang='lat' dir='ltr'><strong>numero</strong></span> <span class='ocrx_word' id='word_1_297' title='bbox 1761 5760 2027 5819; x_wconf 84' lang='lat' dir='ltr'><strong>notatam,</strong></span> 
     </span>
    </p>
   </div>
   <div class='ocr_carea' id='block_1_49' title="bbox 2007 1419 2083 1447">
    <p class='ocr_par' dir='ltr' id='par_1_49' title="bbox 2007 1419 2083 1447">
     <span class='ocr_line' id='line_1_49' title="bbox 2007 1419 2083 1447; baseline 0 -11"><span class='ocrx_word' id='word_1_298' title='bbox 2007 1419 2083 1447; x_wconf 43' lang='grc' dir='ltr'><strong>ἡ</strong></span> 
     </span>
    </p>
   </div>
   <div class='ocr_carea' id='block_1_50' title="bbox 2090 1595 3677 1686">
    <p class='ocr_par' dir='ltr' id='par_1_50' title="bbox 2090 1595 3677 1686">
     <span class='ocr_line' id='line_1_50' title="bbox 2090 1595 3677 1686; baseline 0.011 -37"><span class='ocrx_word' id='word_1_299' title='bbox 2090 1595 2277 1666; x_wconf 88' lang='lat' dir='ltr'><strong>adjicit</strong></span> <span class='ocrx_word' id='word_1_300' title='bbox 2303 1596 2542 1656; x_wconf 87' lang='lat' dir='ltr'><strong>Savilius</strong></span> <span class='ocrx_word' id='word_1_301' title='bbox 2567 1615 2708 1686; x_wconf 77' lang='lat' dir='ltr'><strong>eam</strong></span> <span class='ocrx_word' id='word_1_302' title='bbox 2729 1617 2854 1673; x_wconf 51' lang='lat' dir='ltr'><strong>quas</strong></span> <span class='ocrx_word' id='word_1_303' title='bbox 2883 1603 3224 1673; x_wconf 91' lang='lat' dir='ltr'><strong>inscribitur,</strong></span> <span class='ocrx_word' id='word_1_304' title='bbox 3263 1616 3448 1663; x_wconf 86' lang='lat' dir='ltr'><strong>contra</strong></span> <span class='ocrx_word' id='word_1_305' title='bbox 3468 1625 3556 1664; x_wconf 82' lang='lat' dir='ltr'><strong>eos</strong></span> <span class='ocrx_word' id='word_1_306' title='bbox 3571 1610 3677 1684; x_wconf 68' lang='lat' dir='ltr'><strong>qui</strong></span> 
     </span>
    </p>
   </div>
   <div class='ocr_carea' id='block_1_51' title="bbox 2089 1696 3664 1779">
    <p class='ocr_par' dir='ltr' id='par_1_51' title="bbox 2089 1696 3664 1779">
     <span class='ocr_line' id='line_1_51' title="bbox 2089 1696 3664 1779; baseline 0.012 -29"><span class='ocrx_word' id='word_1_307' title='bbox 2089 1699 2146 1752; x_wconf 85' lang='lat' dir='ltr'><strong>in</strong></span> <span class='ocrx_word' id='word_1_308' title='bbox 2201 1696 2765 1772; x_wconf 80' lang='lat' dir='ltr'><strong>Paschatejejunant:</strong></span> <span class='ocrx_word' id='word_1_309' title='bbox 2810 1720 2932 1774; x_wconf 63' lang='lat' dir='ltr'><strong>quae</strong></span> <span class='ocrx_word' id='word_1_310' title='bbox 2981 1705 3035 1761; x_wconf 89' lang='lat' dir='ltr'><strong>in</strong></span> <span class='ocrx_word' id='word_1_311' title='bbox 3063 1705 3231 1779; x_wconf 85' lang='lat' dir='ltr'><strong>Regio</strong></span> <span class='ocrx_word' id='word_1_312' title='bbox 3272 1708 3434 1765; x_wconf 91' lang='lat' dir='ltr'><strong>etiam</strong></span> <span class='ocrx_word' id='word_1_313' title='bbox 3479 1707 3664 1769; x_wconf 83' lang='lat' dir='ltr'><strong>codice</strong></span> 
     </span>
    </p>
   </div>
   <div class='ocr_carea' id='block_1_52' title="bbox 2095 1798 3661 1870">
    <p class='ocr_par' dir='ltr' id='par_1_52' title="bbox 2095 1798 3661 1870">
     <span class='ocr_line' id='line_1_52' title="bbox 2095 1798 3661 1870; baseline 0.012 -20"><span class='ocrx_word' id='word_1_314' title='bbox 2095 1798 2234 1854; x_wconf 80' lang='lat' dir='ltr'><strong>i963</strong></span> <span class='ocrx_word' id='word_1_315' title='bbox 2285 1809 2408 1870; x_wconf 88' lang='lat' dir='ltr'><strong>post</strong></span> <span class='ocrx_word' id='word_1_316' title='bbox 2468 1817 2566 1857; x_wconf 76' lang='lat' dir='ltr'><strong>sex</strong></span> <span class='ocrx_word' id='word_1_317' title='bbox 2614 1812 2804 1860; x_wconf 89' lang='lat' dir='ltr'><strong>contra</strong></span> <span class='ocrx_word' id='word_1_318' title='bbox 2851 1803 3070 1863; x_wconf 67' lang='lat' dir='ltr'><strong>Judazos</strong></span> <span class='ocrx_word' id='word_1_319' title='bbox 3121 1809 3377 1866; x_wconf 87' lang='lat' dir='ltr'><strong>homilias</strong></span> <span class='ocrx_word' id='word_1_320' title='bbox 3429 1811 3661 1870; x_wconf 77' lang='lat' dir='ltr'><strong>locatur.</strong></span> 
     </span>
    </p>
   </div>
   <div class='ocr_carea' id='block_1_53' title="bbox 2094 1901 3664 1979">
    <p class='ocr_par' dir='ltr' id='par_1_53' title="bbox 2094 1901 3664 1979">
     <span class='ocr_line' id='line_1_53' title="bbox 2094 1901 3664 1979; baseline 0.008 -23"><span class='ocrx_word' id='word_1_321' title='bbox 2094 1901 2358 1957; x_wconf 81' lang='lat' dir='ltr'><strong>Octavam</strong></span> <span class='ocrx_word' id='word_1_322' title='bbox 2417 1904 2632 1972; x_wconf 87' lang='lat' dir='ltr'><strong>deinde,</strong></span> <span class='ocrx_word' id='word_1_323' title='bbox 2693 1906 2842 1961; x_wconf 92' lang='lat' dir='ltr'><strong>nullo</strong></span> <span class='ocrx_word' id='word_1_324' title='bbox 2873 1915 3058 1964; x_wconf 85' lang='lat' dir='ltr'><strong>tamen</strong></span> <span class='ocrx_word' id='word_1_325' title='bbox 3114 1910 3366 1979; x_wconf 86' lang='lat' dir='ltr'><strong>apposito</strong></span> <span class='ocrx_word' id='word_1_326' title='bbox 3411 1927 3664 1978; x_wconf 90' lang='lat' dir='ltr'><strong>numero,</strong></span> 
     </span>
    </p>
   </div>
   <div class='ocr_carea' id='block_1_54' title="bbox 2095 2003 3669 2082">
    <p class='ocr_par' dir='ltr' id='par_1_54' title="bbox 2095 2003 3669 2082">
     <span class='ocr_line' id='line_1_54' title="bbox 2095 2003 3669 2082; baseline 0.006 -24"><span class='ocrx_word' id='word_1_327' title='bbox 2095 2003 2239 2059; x_wconf 88' lang='lat' dir='ltr'><strong>locat</strong></span> <span class='ocrx_word' id='word_1_328' title='bbox 2272 2004 2510 2060; x_wconf 85' lang='lat' dir='ltr'><strong>Savilius</strong></span> <span class='ocrx_word' id='word_1_329' title='bbox 2535 2021 2681 2072; x_wconf 91' lang='lat' dir='ltr'><strong>eam,</strong></span> <span class='ocrx_word' id='word_1_330' title='bbox 2704 2006 2792 2062; x_wconf 92' lang='lat' dir='ltr'><strong>cui</strong></span> <span class='ocrx_word' id='word_1_331' title='bbox 2819 2007 3032 2074; x_wconf 92' lang='lat' dir='ltr'><strong>titulus,</strong></span> <span class='ocrx_word' id='word_1_332' title='bbox 3059 2009 3256 2064; x_wconf 83' lang='lat' dir='ltr'><strong>Contra</strong></span> <span class='ocrx_word' id='word_1_333' title='bbox 3291 2025 3378 2065; x_wconf 79' lang='lat' dir='ltr'><strong>eos</strong></span> <span class='ocrx_word' id='word_1_334' title='bbox 3423 2013 3515 2082; x_wconf 75' lang='lat' dir='ltr'><strong>qui</strong></span> <span class='ocrx_word' id='word_1_335' title='bbox 3562 2011 3669 2067; x_wconf 73' lang='lat' dir='ltr'><strong>Ju-</strong></span> 
     </span>
    </p>
   </div>
   <div class='ocr_carea' id='block_1_55' title="bbox 2095 2105 3670 2184">
    <p class='ocr_par' dir='ltr' id='par_1_55' title="bbox 2095 2105 3670 2184">
     <span class='ocr_line' id='line_1_55' title="bbox 2095 2105 3670 2184; baseline 0.007 -25"><span class='ocrx_word' id='word_1_336' title='bbox 2095 2105 2334 2162; x_wconf 74' lang='lat' dir='ltr'><strong>dtcorum</strong></span> <span class='ocrx_word' id='word_1_337' title='bbox 2351 2109 2621 2178; x_wconf 87' lang='lat' dir='ltr'><strong>jejunium</strong></span> <span class='ocrx_word' id='word_1_338' title='bbox 2639 2110 2911 2180; x_wconf 79' lang='lat' dir='ltr'><strong>jejunum.</strong></span> <span class='ocrx_word' id='word_1_339' title='bbox 2946 2110 3058 2168; x_wconf 78' lang='lat' dir='ltr'><strong>Has</strong></span> <span class='ocrx_word' id='word_1_340' title='bbox 3085 2127 3212 2168; x_wconf 68' lang='lat' dir='ltr'><strong>vero</strong></span> <span class='ocrx_word' id='word_1_341' title='bbox 3266 2113 3404 2169; x_wconf 87' lang='lat' dir='ltr'><strong>duas</strong></span> <span class='ocrx_word' id='word_1_342' title='bbox 3453 2122 3670 2184; x_wconf 80' lang='lat' dir='ltr'><strong>postre-</strong></span> 
     </span>
    </p>
   </div>
   <div class='ocr_carea' id='block_1_56' title="bbox 2096 2206 3674 2280">
    <p class='ocr_par' dir='ltr' id='par_1_56' title="bbox 2096 2206 3674 2280">
     <span class='ocr_line' id='line_1_56' title="bbox 2096 2206 3674 2280; baseline 0.006 -22"><span class='ocrx_word' id='word_1_343' title='bbox 2096 2220 2214 2260; x_wconf 87' lang='lat' dir='ltr'><strong>mas</strong></span> <span class='ocrx_word' id='word_1_344' title='bbox 2239 2206 2439 2263; x_wconf 86' lang='lat' dir='ltr'><strong>Fronto</strong></span> <span class='ocrx_word' id='word_1_345' title='bbox 2465 2210 2693 2264; x_wconf 70' lang='lat' dir='ltr'><strong>Ducaaus</strong></span> <span class='ocrx_word' id='word_1_346' title='bbox 2732 2210 2926 2280; x_wconf 89' lang='lat' dir='ltr'><strong>procul</strong></span> <span class='ocrx_word' id='word_1_347' title='bbox 2967 2211 3037 2266; x_wconf 89' lang='lat' dir='ltr'><strong>ab</strong></span> <span class='ocrx_word' id='word_1_348' title='bbox 3066 2211 3192 2267; x_wconf 89' lang='lat' dir='ltr'><strong>aliis</strong></span> <span class='ocrx_word' id='word_1_349' title='bbox 3233 2220 3419 2267; x_wconf 87' lang='lat' dir='ltr'><strong>contra</strong></span> <span class='ocrx_word' id='word_1_350' title='bbox 3453 2211 3674 2268; x_wconf 70' lang='lat' dir='ltr'><strong>lauicos</strong></span> 
     </span>
    </p>
   </div>
   <div class='ocr_carea' id='block_1_57' title="bbox 2095 2307 3260 2384">
    <p class='ocr_par' dir='ltr' id='par_1_57' title="bbox 2095 2307 3260 2384">
     <span class='ocr_line' id='line_1_57' title="bbox 2095 2307 3260 2384; baseline 0.008 -25"><span class='ocrx_word' id='word_1_351' title='bbox 2095 2307 2335 2362; x_wconf 85' lang='lat' dir='ltr'><strong>homiliis</strong></span> <span class='ocrx_word' id='word_1_352' title='bbox 2367 2308 2421 2363; x_wconf 91' lang='lat' dir='ltr'><strong>in</strong></span> <span class='ocrx_word' id='word_1_353' title='bbox 2453 2309 2704 2379; x_wconf 91' lang='lat' dir='ltr'><strong>quintum</strong></span> <span class='ocrx_word' id='word_1_354' title='bbox 2733 2320 2940 2366; x_wconf 90' lang='lat' dir='ltr'><strong>tomum</strong></span> <span class='ocrx_word' id='word_1_355' title='bbox 2968 2312 3260 2384; x_wconf 78' lang='lat' dir='ltr'><strong>ablegavit.</strong></span> 
     </span>
    </p>
   </div>
   <div class='ocr_carea' id='block_1_58' title="bbox 2169 2407 3674 2486">
    <p class='ocr_par' dir='ltr' id='par_1_58' title="bbox 2169 2407 3674 2486">
     <span class='ocr_line' id='line_1_58' title="bbox 2169 2407 3674 2486; baseline 0.007 -24"><span class='ocrx_word' id='word_1_356' title='bbox 2169 2407 2270 2462; x_wconf 84' lang='lat' dir='ltr'><strong>llic</strong></span> <span class='ocrx_word' id='word_1_357' title='bbox 2310 2425 2558 2481; x_wconf 79' lang='lat' dir='ltr'><strong>magnam</strong></span> <span class='ocrx_word' id='word_1_358' title='bbox 2617 2413 2798 2468; x_wconf 91' lang='lat' dir='ltr'><strong>cernis</strong></span> <span class='ocrx_word' id='word_1_359' title='bbox 2855 2413 3172 2469; x_wconf 87' lang='lat' dir='ltr'><strong>varietatem</strong></span> <span class='ocrx_word' id='word_1_360' title='bbox 3241 2422 3402 2486; x_wconf 91' lang='lat' dir='ltr'><strong>atque</strong></span> <span class='ocrx_word' id='word_1_361' title='bbox 3463 2414 3674 2474; x_wconf 81' lang='lat' dir='ltr'><strong>ordinis</strong></span> 
     </span>
    </p>
   </div>
   <div class='ocr_carea' id='block_1_59' title="bbox 2099 2510 3676 2584">
    <p class='ocr_par' dir='ltr' id='par_1_59' title="bbox 2099 2510 3676 2584">
     <span class='ocr_line' id='line_1_59' title="bbox 2099 2510 3676 2584; baseline 0.006 -21"><span class='ocrx_word' id='word_1_362' title='bbox 2099 2510 2592 2580; x_wconf 87' lang='lat' dir='ltr'><strong>perturbationem,</strong></span> <span class='ocrx_word' id='word_1_363' title='bbox 2624 2527 2754 2568; x_wconf 89' lang='lat' dir='ltr'><strong>casu</strong></span> <span class='ocrx_word' id='word_1_364' title='bbox 2800 2514 2982 2583; x_wconf 92' lang='lat' dir='ltr'><strong>potius</strong></span> <span class='ocrx_word' id='word_1_365' title='bbox 3015 2529 3182 2584; x_wconf 87' lang='lat' dir='ltr'><strong>quam</strong></span> <span class='ocrx_word' id='word_1_366' title='bbox 3222 2517 3456 2573; x_wconf 89' lang='lat' dir='ltr'><strong>consilio</strong></span> <span class='ocrx_word' id='word_1_367' title='bbox 3509 2516 3676 2572; x_wconf 85' lang='lat' dir='ltr'><strong>indu-</strong></span> 
     </span>
    </p>
   </div>
   <div class='ocr_carea' id='block_1_60' title="bbox 2100 2606 3672 2684">
    <p class='ocr_par' dir='ltr' id='par_1_60' title="bbox 2100 2606 3672 2684">
     <span class='ocr_line' id='line_1_60' title="bbox 2100 2606 3672 2684; baseline 0.006 -23"><span class='ocrx_word' id='word_1_368' title='bbox 2100 2618 2264 2662; x_wconf 87' lang='lat' dir='ltr'><strong>ctam.</strong></span> <span class='ocrx_word' id='word_1_369' title='bbox 2338 2606 2409 2663; x_wconf 89' lang='lat' dir='ltr'><strong>Ut</strong></span> <span class='ocrx_word' id='word_1_370' title='bbox 2475 2625 2606 2664; x_wconf 82' lang='lat' dir='ltr'><strong>vero</strong></span> <span class='ocrx_word' id='word_1_371' title='bbox 2658 2618 2864 2666; x_wconf 89' lang='lat' dir='ltr'><strong>tantam</strong></span> <span class='ocrx_word' id='word_1_372' title='bbox 2935 2613 3224 2684; x_wconf 82' lang='lat' dir='ltr'><strong>caliginem</strong></span> <span class='ocrx_word' id='word_1_373' title='bbox 3269 2613 3672 2671; x_wconf 87' lang='lat' dir='ltr'><strong>discuteremus</strong></span> 
     </span>
    </p>
   </div>
   <div class='ocr_carea' id='block_1_61' title="bbox 2101 2714 3678 2786">
    <p class='ocr_par' dir='ltr' id='par_1_61' title="bbox 2101 2714 3678 2786">
     <span class='ocr_line' id='line_1_61' title="bbox 2101 2714 3678 2786; baseline 0.007 -20"><span class='ocrx_word' id='word_1_374' title='bbox 2101 2729 2209 2766; x_wconf 88' lang='lat' dir='ltr'><strong>non</strong></span> <span class='ocrx_word' id='word_1_375' title='bbox 2234 2727 2427 2783; x_wconf 86' lang='lat' dir='ltr'><strong>parum</strong></span> <span class='ocrx_word' id='word_1_376' title='bbox 2480 2714 2858 2771; x_wconf 89' lang='lat' dir='ltr'><strong>desudandum</strong></span> <span class='ocrx_word' id='word_1_377' title='bbox 2924 2715 3084 2773; x_wconf 89' lang='lat' dir='ltr'><strong>nobis</strong></span> <span class='ocrx_word' id='word_1_378' title='bbox 3129 2716 3275 2786; x_wconf 80' lang='lat' dir='ltr'><strong>fuit;</strong></span> <span class='ocrx_word' id='word_1_379' title='bbox 3330 2716 3444 2774; x_wconf 91' lang='lat' dir='ltr'><strong>Deo</strong></span> <span class='ocrx_word' id='word_1_380' title='bbox 3492 2726 3678 2776; x_wconf 86' lang='lat' dir='ltr'><strong>tamen</strong></span> 
     </span>
    </p>
   </div>
   <div class='ocr_carea' id='block_1_62' title="bbox 2108 2812 3681 2891">
    <p class='ocr_par' dir='ltr' id='par_1_62' title="bbox 2108 2812 3681 2891">
     <span class='ocr_line' id='line_1_62' title="bbox 2108 2812 3681 2891; baseline 0.006 -23"><span class='ocrx_word' id='word_1_381' title='bbox 2108 2812 2294 2880; x_wconf 87' lang='lat' dir='ltr'><strong>dante,</strong></span> <span class='ocrx_word' id='word_1_382' title='bbox 2321 2823 2376 2869; x_wconf 84' lang='lat' dir='ltr'><strong>et</strong></span> <span class='ocrx_word' id='word_1_383' title='bbox 2408 2815 2586 2870; x_wconf 92' lang='lat' dir='ltr'><strong>locum</strong></span> <span class='ocrx_word' id='word_1_384' title='bbox 2611 2823 2664 2870; x_wconf 90' lang='lat' dir='ltr'><strong>et</strong></span> <span class='ocrx_word' id='word_1_385' title='bbox 2691 2817 2936 2873; x_wconf 90' lang='lat' dir='ltr'><strong>ordinem</strong></span> <span class='ocrx_word' id='word_1_386' title='bbox 2961 2818 3229 2888; x_wconf 79' lang='lat' dir='ltr'><strong>cujusque</strong></span> <span class='ocrx_word' id='word_1_387' title='bbox 3253 2834 3355 2889; x_wconf 77' lang='lat' dir='ltr'><strong>nos</strong></span> <span class='ocrx_word' id='word_1_388' title='bbox 3375 2819 3681 2891; x_wconf 86' lang='lat' dir='ltr'><strong>deprehen-</strong></span> 
     </span>
    </p>
   </div>
   <div class='ocr_carea' id='block_1_63' title="bbox 2115 2913 3679 2988">
    <p class='ocr_par' dir='ltr' id='par_1_63' title="bbox 2115 2913 3679 2988">
     <span class='ocr_line' id='line_1_63' title="bbox 2115 2913 3679 2988; baseline 0.003 -18"><span class='ocrx_word' id='word_1_389' title='bbox 2115 2913 2263 2970; x_wconf 87' lang='lat' dir='ltr'><strong>disse</strong></span> <span class='ocrx_word' id='word_1_390' title='bbox 2285 2923 2563 2984; x_wconf 90' lang='lat' dir='ltr'><strong>putamus.</strong></span> <span class='ocrx_word' id='word_1_391' title='bbox 2597 2914 2837 2972; x_wconf 89' lang='lat' dir='ltr'><strong>Primam</strong></span> <span class='ocrx_word' id='word_1_392' title='bbox 2870 2917 3054 2988; x_wconf 90' lang='lat' dir='ltr'><strong>itaque</strong></span> <span class='ocrx_word' id='word_1_393' title='bbox 3092 2918 3484 2976; x_wconf 86' lang='lat' dir='ltr'><strong>constituimus</strong></span> <span class='ocrx_word' id='word_1_394' title='bbox 3531 2933 3679 2986; x_wconf 86' lang='lat' dir='ltr'><strong>eam,</strong></span> 
     </span>
    </p>
   </div>
   <div class='ocr_carea' id='block_1_64' title="bbox 2108 3016 3680 3091">
    <p class='ocr_par' dir='ltr' id='par_1_64' title="bbox 2108 3016 3680 3091">
     <span class='ocr_line' id='line_1_64' title="bbox 2108 3016 3680 3091; baseline 0.004 -22"><span class='ocrx_word' id='word_1_395' title='bbox 2108 3031 2274 3086; x_wconf 88' lang='lat' dir='ltr'><strong>quam</strong></span> <span class='ocrx_word' id='word_1_396' title='bbox 2303 3025 2357 3072; x_wconf 92' lang='lat' dir='ltr'><strong>et</strong></span> <span class='ocrx_word' id='word_1_397' title='bbox 2394 3016 2567 3073; x_wconf 88' lang='lat' dir='ltr'><strong>David</strong></span> <span class='ocrx_word' id='word_1_398' title='bbox 2601 3016 2949 3074; x_wconf 84' lang='lat' dir='ltr'><strong>Hoeschelius</strong></span> <span class='ocrx_word' id='word_1_399' title='bbox 2981 3029 3036 3074; x_wconf 93' lang='lat' dir='ltr'><strong>et</strong></span> <span class='ocrx_word' id='word_1_400' title='bbox 3061 3018 3267 3075; x_wconf 90' lang='lat' dir='ltr'><strong>Fronto</strong></span> <span class='ocrx_word' id='word_1_401' title='bbox 3289 3019 3522 3076; x_wconf 72' lang='lat' dir='ltr'><strong>Ducaeus</strong></span> <span class='ocrx_word' id='word_1_402' title='bbox 3564 3019 3680 3091; x_wconf 85' lang='lat' dir='ltr'><strong>pri-</strong></span> 
     </span>
    </p>
   </div>
   <div class='ocr_carea' id='block_1_65' title="bbox 2109 3117 3684 3192">
    <p class='ocr_par' dir='ltr' id='par_1_65' title="bbox 2109 3117 3684 3192">
     <span class='ocr_line' id='line_1_65' title="bbox 2109 3117 3684 3192; baseline 0.002 -21"><span class='ocrx_word' id='word_1_403' title='bbox 2109 3133 2254 3172; x_wconf 90' lang='lat' dir='ltr'><strong>mam</strong></span> <span class='ocrx_word' id='word_1_404' title='bbox 2283 3133 2536 3189; x_wconf 89' lang='lat' dir='ltr'><strong>posuere,</strong></span> <span class='ocrx_word' id='word_1_405' title='bbox 2560 3119 2718 3188; x_wconf 84' lang='lat' dir='ltr'><strong>cujus</strong></span> <span class='ocrx_word' id='word_1_406' title='bbox 2745 3118 2987 3184; x_wconf 88' lang='lat' dir='ltr'><strong>initium,</strong></span> <span class='ocrx_word' id='word_1_407' title='bbox 3024 3117 3360 3191; x_wconf 77' lang='grc' dir='ltr'>Ἐϐουλόμην</span> <span class='ocrx_word' id='word_1_408' title='bbox 3387 3121 3518 3192; x_wconf 81' lang='grc' dir='ltr'>ὑμῖν</span> <span class='ocrx_word' id='word_1_409' title='bbox 3544 3119 3684 3174; x_wconf 82' lang='grc' dir='ltr'><strong>ἀπο-</strong></span> 
     </span>
    </p>
   </div>
   <div class='ocr_carea' id='block_1_66' title="bbox 2111 3219 3684 3293">
    <p class='ocr_par' dir='ltr' id='par_1_66' title="bbox 2111 3219 3684 3293">
     <span class='ocr_line' id='line_1_66' title="bbox 2111 3219 3684 3293; baseline 0.003 -21"><span class='ocrx_word' id='word_1_410' title='bbox 2111 3219 2334 3276; x_wconf 74' lang='grc' dir='ltr'>δοῦναιε</span> <span class='ocrx_word' id='word_1_411' title='bbox 2372 3222 2669 3278; x_wconf 88' lang='lat' dir='ltr'><strong>secundam</strong></span> <span class='ocrx_word' id='word_1_412' title='bbox 2706 3221 2954 3277; x_wconf 88' lang='lat' dir='ltr'><strong>locamus</strong></span> <span class='ocrx_word' id='word_1_413' title='bbox 2987 3235 3132 3289; x_wconf 87' lang='lat' dir='ltr'><strong>eam,</strong></span> <span class='ocrx_word' id='word_1_414' title='bbox 3178 3236 3301 3292; x_wconf 75' lang='lat' dir='ltr'><strong>quae</strong></span> <span class='ocrx_word' id='word_1_415' title='bbox 3343 3221 3424 3277; x_wconf 92' lang='lat' dir='ltr'><strong>sic</strong></span> <span class='ocrx_word' id='word_1_416' title='bbox 3469 3220 3684 3293; x_wconf 85' lang='lat' dir='ltr'><strong>incipit,</strong></span> 
     </span>
    </p>
   </div>
   <div class='ocr_carea' id='block_1_67' title="bbox 2123 3317 3686 3392">
    <p class='ocr_par' dir='ltr' id='par_1_67' title="bbox 2123 3317 3686 3392">
     <span class='ocr_line' id='line_1_67' title="bbox 2123 3317 3686 3392; baseline 0.002 -20"><span class='ocrx_word' id='word_1_417' title='bbox 2123 3317 2187 3372; x_wconf 83' lang='grc' dir='ltr'><strong>Ἠ</strong></span> <span class='ocrx_word' id='word_1_418' title='bbox 2238 3321 2336 3390; x_wconf 79' lang='grc' dir='ltr'><strong>μὲν</strong></span> <span class='ocrx_word' id='word_1_419' title='bbox 2393 3318 2707 3391; x_wconf 81' lang='grc' dir='ltr'>παράνομος</span> <span class='ocrx_word' id='word_1_420' title='bbox 2729 3320 2822 3374; x_wconf 75' lang='grc' dir='ltr'><strong>καὶ</strong></span> <span class='ocrx_word' id='word_1_421' title='bbox 2849 3319 3162 3391; x_wconf 81' lang='grc' dir='ltr'>ἀκάθαρτος</span> <span class='ocrx_word' id='word_1_422' title='bbox 3185 3362 3200 3388; x_wconf 88' lang='grc'><strong><em>,</em></strong></span> <span class='ocrx_word' id='word_1_423' title='bbox 3227 3335 3392 3392; x_wconf 89' lang='lat' dir='ltr'><strong>quam</strong></span> <span class='ocrx_word' id='word_1_424' title='bbox 3445 3318 3686 3375; x_wconf 81' lang='lat' dir='ltr'><strong>Savilius</strong></span> 
     </span>
    </p>
   </div>
   <div class='ocr_carea' id='block_1_68' title="bbox 2112 3412 3686 3488">
    <p class='ocr_par' dir='ltr' id='par_1_68' title="bbox 2112 3412 3686 3488">
     <span class='ocr_line' id='line_1_68' title="bbox 2112 3412 3686 3488; baseline -0.003 -16"><span class='ocrx_word' id='word_1_425' title='bbox 2112 3427 2306 3472; x_wconf 83' lang='lat' dir='ltr'><strong>octavo</strong></span> <span class='ocrx_word' id='word_1_426' title='bbox 2341 3417 2462 3472; x_wconf 89' lang='lat' dir='ltr'><strong>loco</strong></span> <span class='ocrx_word' id='word_1_427' title='bbox 2496 3418 2701 3488; x_wconf 88' lang='lat' dir='ltr'><strong>posuit,</strong></span> <span class='ocrx_word' id='word_1_428' title='bbox 2737 3418 2944 3474; x_wconf 86' lang='lat' dir='ltr'><strong>Fronto</strong></span> <span class='ocrx_word' id='word_1_429' title='bbox 2972 3417 3205 3474; x_wconf 68' lang='lat' dir='ltr'><strong>Ducaeus</strong></span> <span class='ocrx_word' id='word_1_430' title='bbox 3234 3423 3415 3471; x_wconf 91' lang='lat' dir='ltr'><strong>autem</strong></span> <span class='ocrx_word' id='word_1_431' title='bbox 3440 3414 3497 3471; x_wconf 91' lang='lat' dir='ltr'><strong>in</strong></span> <span class='ocrx_word' id='word_1_432' title='bbox 3522 3412 3686 3484; x_wconf 87' lang='lat' dir='ltr'><strong>quin-</strong></span> 
     </span>
    </p>
   </div>
   <div class='ocr_carea' id='block_1_69' title="bbox 2114 3513 3686 3590">
    <p class='ocr_par' dir='ltr' id='par_1_69' title="bbox 2114 3513 3686 3590">
     <span class='ocr_line' id='line_1_69' title="bbox 2114 3513 3686 3590; baseline -0.003 -17"><span class='ocrx_word' id='word_1_433' title='bbox 2114 3527 2228 3573; x_wconf 91' lang='lat' dir='ltr'><strong>tum</strong></span> <span class='ocrx_word' id='word_1_434' title='bbox 2271 3527 2477 3572; x_wconf 90' lang='lat' dir='ltr'><strong>tomum</strong></span> <span class='ocrx_word' id='word_1_435' title='bbox 2505 3519 2812 3590; x_wconf 86' lang='lat' dir='ltr'><strong>ablegavit:</strong></span> <span class='ocrx_word' id='word_1_436' title='bbox 2840 3519 3056 3574; x_wconf 86' lang='lat' dir='ltr'><strong>tertiam</strong></span> <span class='ocrx_word' id='word_1_437' title='bbox 3079 3533 3222 3580; x_wconf 89' lang='lat' dir='ltr'><strong>eam,</strong></span> <span class='ocrx_word' id='word_1_438' title='bbox 3270 3531 3394 3589; x_wconf 71' lang='lat' dir='ltr'><strong>quae</strong></span> <span class='ocrx_word' id='word_1_439' title='bbox 3426 3515 3508 3572; x_wconf 91' lang='lat' dir='ltr'><strong>sic</strong></span> <span class='ocrx_word' id='word_1_440' title='bbox 3547 3513 3686 3582; x_wconf 90' lang='lat' dir='ltr'><strong>init,</strong></span> 
     </span>
    </p>
   </div>
   <div class='ocr_carea' id='block_1_70' title="bbox 2114 3613 3686 3689">
    <p class='ocr_par' dir='ltr' id='par_1_70' title="bbox 2114 3613 3686 3689">
     <span class='ocr_line' id='line_1_70' title="bbox 2114 3613 3686 3689; baseline -0.002 -18"><span class='ocrx_word' id='word_1_441' title='bbox 2114 3617 2284 3672; x_wconf 80' lang='grc' dir='ltr'>Πάλιν</span> <span class='ocrx_word' id='word_1_442' title='bbox 2333 3617 2492 3688; x_wconf 76' lang='grc' dir='ltr'>χρεία</span> <span class='ocrx_word' id='word_1_443' title='bbox 2527 3635 2632 3684; x_wconf 87' lang='grc' dir='ltr'><strong>τις,</strong></span> <span class='ocrx_word' id='word_1_444' title='bbox 2675 3633 2840 3688; x_wconf 89' lang='lat' dir='ltr'><strong>quam</strong></span> <span class='ocrx_word' id='word_1_445' title='bbox 2882 3617 3119 3674; x_wconf 91' lang='lat' dir='ltr'><strong>Savilius</strong></span> <span class='ocrx_word' id='word_1_446' title='bbox 3159 3617 3447 3689; x_wconf 85' lang='lat' dir='ltr'><strong>septimam</strong></span> <span class='ocrx_word' id='word_1_447' title='bbox 3479 3613 3686 3686; x_wconf 89' lang='lat' dir='ltr'><strong>posuit,</strong></span> 
     </span>
    </p>
   </div>
   <div class='ocr_carea' id='block_1_71' title="bbox 2115 3716 3684 3792">
    <p class='ocr_par' dir='ltr' id='par_1_71' title="bbox 2115 3716 3684 3792">
     <span class='ocr_line' id='line_1_71' title="bbox 2115 3716 3684 3792; baseline -0.002 -20"><span class='ocrx_word' id='word_1_448' title='bbox 2115 3716 2268 3792; x_wconf 66' lang='lat'><strong>[584]</strong></span> <span class='ocrx_word' id='word_1_449' title='bbox 2307 3716 2536 3775; x_wconf 72' lang='lat' dir='ltr'><strong>Ducaeus</strong></span> <span class='ocrx_word' id='word_1_450' title='bbox 2577 3730 2757 3775; x_wconf 89' lang='lat' dir='ltr'><strong>autem</strong></span> <span class='ocrx_word' id='word_1_451' title='bbox 2801 3720 2856 3774; x_wconf 92' lang='lat' dir='ltr'><strong>in</strong></span> <span class='ocrx_word' id='word_1_452' title='bbox 2895 3719 3148 3790; x_wconf 91' lang='lat' dir='ltr'><strong>quintum</strong></span> <span class='ocrx_word' id='word_1_453' title='bbox 3199 3728 3406 3774; x_wconf 91' lang='lat' dir='ltr'><strong>tomum</strong></span> <span class='ocrx_word' id='word_1_454' title='bbox 3447 3716 3684 3788; x_wconf 70' lang='lat' dir='ltr'><strong>reiecit:</strong></span> 
     </span>
    </p>
   </div>
   <div class='ocr_carea' id='block_1_72' title="bbox 2114 3819 3686 3892">
    <p class='ocr_par' dir='ltr' id='par_1_72' title="bbox 2114 3819 3686 3892">
     <span class='ocr_line' id='line_1_72' title="bbox 2114 3819 3686 3892; baseline -0.001 -18"><span class='ocrx_word' id='word_1_455' title='bbox 2114 3829 2362 3891; x_wconf 83' lang='lat' dir='ltr'><strong>quartam</strong></span> <span class='ocrx_word' id='word_1_456' title='bbox 2421 3823 2569 3877; x_wconf 90' lang='lat' dir='ltr'><strong>illam</strong></span> <span class='ocrx_word' id='word_1_457' title='bbox 2603 3821 2764 3892; x_wconf 87' lang='lat' dir='ltr'><strong>cujus</strong></span> <span class='ocrx_word' id='word_1_458' title='bbox 2819 3821 3072 3887; x_wconf 90' lang='lat' dir='ltr'><strong>initium,</strong></span> <span class='ocrx_word' id='word_1_459' title='bbox 3134 3820 3304 3875; x_wconf 85' lang='grc' dir='ltr'>Πάλιν</span> <span class='ocrx_word' id='word_1_460' title='bbox 3343 3821 3393 3874; x_wconf 80' lang='grc' dir='ltr'><strong>οι</strong></span> <span class='ocrx_word' id='word_1_461' title='bbox 3441 3819 3686 3884; x_wconf 82' lang='grc' dir='ltr'>δείλαιοι,</span> 
     </span>
    </p>
   </div>
   <div class='ocr_carea' id='block_1_73' title="bbox 2115 3920 3688 3993">
    <p class='ocr_par' dir='ltr' id='par_1_73' title="bbox 2115 3920 3688 3993">
     <span class='ocr_line' id='line_1_73' title="bbox 2115 3920 3688 3993; baseline -0.002 -15"><span class='ocrx_word' id='word_1_462' title='bbox 2115 3920 2516 3993; x_wconf 61' lang='grc' dir='ltr'>(ιυθιιιιτιιοηιο</span> <span class='ocrx_word' id='word_1_463' title='bbox 2556 3921 2782 3978; x_wconf 64' lang='lat' dir='ltr'><strong>Dueazus</strong></span> <span class='ocrx_word' id='word_1_464' title='bbox 2811 3922 3132 3988; x_wconf 88' lang='lat' dir='ltr'><strong>secundam,</strong></span> <span class='ocrx_word' id='word_1_465' title='bbox 3165 3920 3404 3978; x_wconf 89' lang='lat' dir='ltr'><strong>Savilius</strong></span> <span class='ocrx_word' id='word_1_466' title='bbox 3452 3920 3688 3991; x_wconf 91' lang='lat' dir='ltr'><strong>primam</strong></span> 
     </span>
    </p>
   </div>
   <div class='ocr_carea' id='block_1_74' title="bbox 2119 4022 3694 4096">
    <p class='ocr_par' dir='ltr' id='par_1_74' title="bbox 2119 4022 3694 4096">
     <span class='ocr_line' id='line_1_74' title="bbox 2119 4022 3694 4096; baseline -0.003 -16"><span class='ocrx_word' id='word_1_467' title='bbox 2119 4025 2422 4080; x_wconf 89' lang='lat' dir='ltr'><strong>constituit.</strong></span> <span class='ocrx_word' id='word_1_468' title='bbox 2452 4023 2713 4096; x_wconf 86' lang='lat' dir='ltr'><strong>Reliquas</strong></span> <span class='ocrx_word' id='word_1_469' title='bbox 2749 4038 2880 4079; x_wconf 85' lang='lat' dir='ltr'><strong>vero</strong></span> <span class='ocrx_word' id='word_1_470' title='bbox 2911 4031 3313 4094; x_wconf 91' lang='lat' dir='ltr'><strong>consequenter</strong></span> <span class='ocrx_word' id='word_1_471' title='bbox 3357 4022 3585 4087; x_wconf 86' lang='lat' dir='ltr'><strong>damus,</strong></span> <span class='ocrx_word' id='word_1_472' title='bbox 3631 4029 3694 4076; x_wconf 88' lang='lat' dir='ltr'><strong>ut</strong></span> 
     </span>
    </p>
   </div>
   <div class='ocr_carea' id='block_1_75' title="bbox 2120 4124 3694 4196">
    <p class='ocr_par' dir='ltr' id='par_1_75' title="bbox 2120 4124 3694 4196">
     <span class='ocr_line' id='line_1_75' title="bbox 2120 4124 3694 4196; baseline -0.002 -16"><span class='ocrx_word' id='word_1_473' title='bbox 2120 4125 2175 4180; x_wconf 92' lang='lat' dir='ltr'><strong>in</strong></span> <span class='ocrx_word' id='word_1_474' title='bbox 2204 4125 2367 4181; x_wconf 83' lang='lat' dir='ltr'><strong>editis</strong></span> <span class='ocrx_word' id='word_1_475' title='bbox 2390 4125 2647 4181; x_wconf 90' lang='lat' dir='ltr'><strong>omnibus</strong></span> <span class='ocrx_word' id='word_1_476' title='bbox 2666 4125 2939 4180; x_wconf 89' lang='lat' dir='ltr'><strong>habentur</strong></span> <span class='ocrx_word' id='word_1_477' title='bbox 2967 4141 2983 4192; x_wconf 89' lang='lat'><strong>;</strong></span> <span class='ocrx_word' id='word_1_478' title='bbox 3012 4125 3086 4181; x_wconf 89' lang='lat' dir='ltr'><strong>ita</strong></span> <span class='ocrx_word' id='word_1_479' title='bbox 3131 4135 3191 4182; x_wconf 92' lang='lat' dir='ltr'><strong>ut</strong></span> <span class='ocrx_word' id='word_1_480' title='bbox 3239 4140 3363 4196; x_wconf 72' lang='lat' dir='ltr'><strong>quae</strong></span> <span class='ocrx_word' id='word_1_481' title='bbox 3409 4124 3569 4180; x_wconf 88' lang='lat' dir='ltr'><strong>tertia</strong></span> <span class='ocrx_word' id='word_1_482' title='bbox 3607 4131 3694 4178; x_wconf 82' lang='lat' dir='ltr'><strong>est</strong></span> 
     </span>
    </p>
   </div>
   <div class='ocr_carea' id='block_1_76' title="bbox 2119 4223 3692 4297">
    <p class='ocr_par' dir='ltr' id='par_1_76' title="bbox 2119 4223 3692 4297">
     <span class='ocr_line' id='line_1_76' title="bbox 2119 4223 3692 4297; baseline -0.003 -15"><span class='ocrx_word' id='word_1_483' title='bbox 2119 4227 2262 4288; x_wconf 83' lang='lat' dir='ltr'><strong>apud</strong></span> <span class='ocrx_word' id='word_1_484' title='bbox 2314 4227 2602 4293; x_wconf 67' lang='lat' dir='ltr'><strong>Ducaeum,</strong></span> <span class='ocrx_word' id='word_1_485' title='bbox 2637 4236 2692 4283; x_wconf 88' lang='lat' dir='ltr'><strong>et</strong></span> <span class='ocrx_word' id='word_1_486' title='bbox 2723 4225 2964 4283; x_wconf 87' lang='lat' dir='ltr'><strong>secunda</strong></span> <span class='ocrx_word' id='word_1_487' title='bbox 3031 4226 3173 4297; x_wconf 88' lang='lat' dir='ltr'><strong>apud</strong></span> <span class='ocrx_word' id='word_1_488' title='bbox 3234 4225 3522 4286; x_wconf 87' lang='lat' dir='ltr'><strong>Savilium,</strong></span> <span class='ocrx_word' id='word_1_489' title='bbox 3576 4223 3692 4294; x_wconf 86' lang='lat' dir='ltr'><strong>jam</strong></span> 
     </span>
    </p>
   </div>
   <div class='ocr_carea' id='block_1_77' title="bbox 2118 4325 3692 4402">
    <p class='ocr_par' dir='ltr' id='par_1_77' title="bbox 2118 4325 3692 4402">
     <span class='ocr_line' id='line_1_77' title="bbox 2118 4325 3692 4402; baseline -0.001 -19"><span class='ocrx_word' id='word_1_490' title='bbox 2118 4334 2311 4400; x_wconf 88' lang='lat' dir='ltr'><strong>quinta</strong></span> <span class='ocrx_word' id='word_1_491' title='bbox 2346 4339 2600 4400; x_wconf 91' lang='lat' dir='ltr'><strong>ponatur,</strong></span> <span class='ocrx_word' id='word_1_492' title='bbox 2634 4338 2690 4385; x_wconf 91' lang='lat' dir='ltr'><strong>et</strong></span> <span class='ocrx_word' id='word_1_493' title='bbox 2719 4337 3009 4402; x_wconf 89' lang='lat' dir='ltr'><strong>sequentes</strong></span> <span class='ocrx_word' id='word_1_494' title='bbox 3057 4329 3250 4385; x_wconf 88' lang='lat' dir='ltr'><strong>eadem</strong></span> <span class='ocrx_word' id='word_1_495' title='bbox 3287 4325 3568 4384; x_wconf 87' lang='lat' dir='ltr'><strong>varietatis</strong></span> <span class='ocrx_word' id='word_1_496' title='bbox 3600 4341 3692 4381; x_wconf 85' lang='lat' dir='ltr'><strong>ra-</strong></span> 
     </span>
    </p>
   </div>
   <div class='ocr_carea' id='block_1_78' title="bbox 2119 4432 2677 4487">
    <p class='ocr_par' dir='ltr' id='par_1_78' title="bbox 2119 4432 2677 4487">
     <span class='ocr_line' id='line_1_78' title="bbox 2119 4432 2677 4487; baseline 0 -1"><span class='ocrx_word' id='word_1_497' title='bbox 2119 4432 2268 4486; x_wconf 92' lang='lat' dir='ltr'><strong>tione</strong></span> <span class='ocrx_word' id='word_1_498' title='bbox 2299 4441 2677 4487; x_wconf 90' lang='lat' dir='ltr'><strong>numerentur.</strong></span> 
     </span>
    </p>
   </div>
   <div class='ocr_carea' id='block_1_79' title="bbox 2193 4527 3693 4601">
    <p class='ocr_par' dir='ltr' id='par_1_79' title="bbox 2193 4527 3693 4601">
     <span class='ocr_line' id='line_1_79' title="bbox 2193 4527 3693 4601; baseline -0.001 -18"><span class='ocrx_word' id='word_1_499' title='bbox 2193 4528 2350 4585; x_wconf 84' lang='lat' dir='ltr'><strong>Hunc</strong></span> <span class='ocrx_word' id='word_1_500' title='bbox 2385 4545 2548 4601; x_wconf 91' lang='lat' dir='ltr'><strong>porro</strong></span> <span class='ocrx_word' id='word_1_501' title='bbox 2571 4547 2774 4586; x_wconf 85' lang='lat' dir='ltr'><strong>novum</strong></span> <span class='ocrx_word' id='word_1_502' title='bbox 2808 4531 3058 4588; x_wconf 87' lang='lat' dir='ltr'><strong>ordinem</strong></span> <span class='ocrx_word' id='word_1_503' title='bbox 3089 4545 3200 4586; x_wconf 91' lang='lat' dir='ltr'><strong>non</strong></span> <span class='ocrx_word' id='word_1_504' title='bbox 3239 4539 3441 4586; x_wconf 86' lang='lat' dir='ltr'><strong>temere</strong></span> <span class='ocrx_word' id='word_1_505' title='bbox 3485 4527 3693 4585; x_wconf 88' lang='lat' dir='ltr'><strong>consti-</strong></span> 
     </span>
    </p>
   </div>
   <div class='ocr_carea' id='block_1_80' title="bbox 2126 4628 3692 4701">
    <p class='ocr_par' dir='ltr' id='par_1_80' title="bbox 2126 4628 3692 4701">
     <span class='ocr_line' id='line_1_80' title="bbox 2126 4628 3692 4701; baseline -0.004 -15"><span class='ocrx_word' id='word_1_506' title='bbox 2126 4640 2302 4686; x_wconf 92' lang='lat' dir='ltr'><strong>tutum</strong></span> <span class='ocrx_word' id='word_1_507' title='bbox 2344 4645 2464 4686; x_wconf 91' lang='lat' dir='ltr'><strong>esse</strong></span> <span class='ocrx_word' id='word_1_508' title='bbox 2490 4631 2833 4701; x_wconf 91' lang='lat' dir='ltr'><strong>probandum</strong></span> <span class='ocrx_word' id='word_1_509' title='bbox 2882 4631 3044 4686; x_wconf 91' lang='lat' dir='ltr'><strong>nobis</strong></span> <span class='ocrx_word' id='word_1_510' title='bbox 3077 4629 3364 4685; x_wconf 88' lang='lat' dir='ltr'><strong>incumbit.</strong></span> <span class='ocrx_word' id='word_1_511' title='bbox 3398 4628 3475 4684; x_wconf 89' lang='lat' dir='ltr'><strong>De</strong></span> <span class='ocrx_word' id='word_1_512' title='bbox 3513 4628 3692 4698; x_wconf 87' lang='lat' dir='ltr'><strong>prima</strong></span> 
     </span>
    </p>
   </div>
   <div class='ocr_carea' id='block_1_81' title="bbox 2122 4728 3695 4804">
    <p class='ocr_par' dir='ltr' id='par_1_81' title="bbox 2122 4728 3695 4804">
     <span class='ocr_line' id='line_1_81' title="bbox 2122 4728 3695 4804; baseline -0.004 -16"><span class='ocrx_word' id='word_1_513' title='bbox 2122 4732 2282 4802; x_wconf 87' lang='lat' dir='ltr'><strong>cujus</strong></span> <span class='ocrx_word' id='word_1_514' title='bbox 2328 4731 2565 4798; x_wconf 87' lang='lat' dir='ltr'><strong>initium,</strong></span> <span class='ocrx_word' id='word_1_515' title='bbox 2627 4731 2958 4804; x_wconf 79' lang='grc' dir='ltr'>Ἐϐουλόμην</span> <span class='ocrx_word' id='word_1_516' title='bbox 3013 4731 3142 4802; x_wconf 83' lang='grc' dir='ltr'>ὑμῖν</span> <span class='ocrx_word' id='word_1_517' title='bbox 3191 4729 3503 4794; x_wconf 77' lang='grc' dir='ltr'>ἀποδοῦναι,</span> <span class='ocrx_word' id='word_1_518' title='bbox 3547 4728 3695 4784; x_wconf 79' lang='lat' dir='ltr'><strong>nulla</strong></span> 
     </span>
    </p>
   </div>
   <div class='ocr_carea' id='block_1_82' title="bbox 2123 4831 3696 4904">
    <p class='ocr_par' dir='ltr' id='par_1_82' title="bbox 2123 4831 3696 4904">
     <span class='ocr_line' id='line_1_82' title="bbox 2123 4831 3696 4904; baseline -0.003 -15"><span class='ocrx_word' id='word_1_519' title='bbox 2123 4836 2228 4889; x_wconf 74' lang='lat' dir='ltr'><strong>erit</strong></span> <span class='ocrx_word' id='word_1_520' title='bbox 2267 4834 2517 4904; x_wconf 72' lang='lat' dir='ltr'><strong>qutestio,</strong></span> <span class='ocrx_word' id='word_1_521' title='bbox 2564 4834 2611 4889; x_wconf 90' lang='lat' dir='ltr'><strong>si</strong></span> <span class='ocrx_word' id='word_1_522' title='bbox 2645 4843 2874 4889; x_wconf 65' lang='lat' dir='ltr'><strong>caeteras</strong></span> <span class='ocrx_word' id='word_1_523' title='bbox 2935 4847 3058 4888; x_wconf 90' lang='lat' dir='ltr'><strong>eam</strong></span> <span class='ocrx_word' id='word_1_524' title='bbox 3095 4833 3253 4903; x_wconf 87' lang='lat' dir='ltr'><strong>sequi</strong></span> <span class='ocrx_word' id='word_1_525' title='bbox 3308 4831 3507 4887; x_wconf 85' lang='lat' dir='ltr'><strong>debere</strong></span> <span class='ocrx_word' id='word_1_526' title='bbox 3542 4845 3696 4886; x_wconf 89' lang='lat' dir='ltr'><strong>com-</strong></span> 
     </span>
    </p>
   </div>
   <div class='ocr_carea' id='block_1_83' title="bbox 2125 4931 3697 5005">
    <p class='ocr_par' dir='ltr' id='par_1_83' title="bbox 2125 4931 3697 5005">
     <span class='ocr_line' id='line_1_83' title="bbox 2125 4931 3697 5005; baseline -0.002 -17"><span class='ocrx_word' id='word_1_527' title='bbox 2125 4945 2514 4990; x_wconf 88' lang='lat' dir='ltr'><strong>monstremus.</strong></span> <span class='ocrx_word' id='word_1_528' title='bbox 2543 4935 2777 4990; x_wconf 83' lang='lat' dir='ltr'><strong>Primam</strong></span> <span class='ocrx_word' id='word_1_529' title='bbox 2820 4934 2985 5005; x_wconf 82' lang='lat' dir='ltr'><strong>igitur</strong></span> <span class='ocrx_word' id='word_1_530' title='bbox 3007 4933 3291 4988; x_wconf 88' lang='lat' dir='ltr'><strong>homiliam</strong></span> <span class='ocrx_word' id='word_1_531' title='bbox 3323 4931 3516 4987; x_wconf 85' lang='lat' dir='ltr'><strong>habuit</strong></span> <span class='ocrx_word' id='word_1_532' title='bbox 3546 4939 3697 5002; x_wconf 86' lang='lat' dir='ltr'><strong>post-</strong></span> 
     </span>
    </p>
   </div>
   <div class='ocr_carea' id='block_1_84' title="bbox 2125 5037 3698 5109">
    <p class='ocr_par' dir='ltr' id='par_1_84' title="bbox 2125 5037 3698 5109">
     <span class='ocr_line' id='line_1_84' title="bbox 2125 5037 3698 5109; baseline -0.004 -16"><span class='ocrx_word' id='word_1_533' title='bbox 2125 5054 2287 5109; x_wconf 87' lang='lat' dir='ltr'><strong>quam</strong></span> <span class='ocrx_word' id='word_1_534' title='bbox 2323 5037 2624 5093; x_wconf 88' lang='lat' dir='ltr'><strong>certamina</strong></span> <span class='ocrx_word' id='word_1_535' title='bbox 2665 5046 2852 5093; x_wconf 89' lang='lat' dir='ltr'><strong>contra</strong></span> <span class='ocrx_word' id='word_1_536' title='bbox 2899 5037 3201 5091; x_wconf 70' lang='lat' dir='ltr'><strong>Anommos</strong></span> <span class='ocrx_word' id='word_1_537' title='bbox 3245 5049 3429 5097; x_wconf 86' lang='lat' dir='ltr'><strong>orsus,</strong></span> <span class='ocrx_word' id='word_1_538' title='bbox 3480 5047 3698 5102; x_wconf 82' lang='lat' dir='ltr'><strong>unaque</strong></span> 
     </span>
    </p>
   </div>
   <div class='ocr_carea' id='block_1_85' title="bbox 2125 5132 3696 5212">
    <p class='ocr_par' dir='ltr' id='par_1_85' title="bbox 2125 5132 3696 5212">
     <span class='ocr_line' id='line_1_85' title="bbox 2125 5132 3696 5212; baseline -0.004 -18"><span class='ocrx_word' id='word_1_539' title='bbox 2125 5140 2239 5212; x_wconf 85' lang='lat' dir='ltr'><strong>jam</strong></span> <span class='ocrx_word' id='word_1_540' title='bbox 2262 5139 2446 5195; x_wconf 87' lang='lat' dir='ltr'><strong>habita</strong></span> <span class='ocrx_word' id='word_1_541' title='bbox 2477 5139 2762 5204; x_wconf 86' lang='lat' dir='ltr'><strong>concione,</strong></span> <span class='ocrx_word' id='word_1_542' title='bbox 2795 5137 3129 5192; x_wconf 88' lang='lat' dir='ltr'><strong>instantibus</strong></span> <span class='ocrx_word' id='word_1_543' title='bbox 3155 5133 3475 5190; x_wconf 68' lang='lat' dir='ltr'><strong>Judaorum</strong></span> <span class='ocrx_word' id='word_1_544' title='bbox 3523 5132 3696 5195; x_wconf 80' lang='lat' dir='ltr'><strong>feriis,</strong></span> 
     </span>
    </p>
   </div>
   <div class='ocr_carea' id='block_1_86' title="bbox 2129 5233 3697 5309">
    <p class='ocr_par' dir='ltr' id='par_1_86' title="bbox 2129 5233 3697 5309">
     <span class='ocr_line' id='line_1_86' title="bbox 2129 5233 3697 5309; baseline -0.005 -15"><span class='ocrx_word' id='word_1_545' title='bbox 2129 5238 2508 5309; x_wconf 84' lang='lat' dir='ltr'><strong>Scen0pegia,</strong></span> <span class='ocrx_word' id='word_1_546' title='bbox 2553 5237 2816 5308; x_wconf 70' lang='lat' dir='ltr'><strong>ieiuniis,</strong></span> <span class='ocrx_word' id='word_1_547' title='bbox 2872 5237 3074 5306; x_wconf 89' lang='lat' dir='ltr'><strong>quibus</strong></span> <span class='ocrx_word' id='word_1_548' title='bbox 3121 5233 3422 5290; x_wconf 78' lang='lat' dir='ltr'><strong>Christiani</strong></span> <span class='ocrx_word' id='word_1_549' title='bbox 3477 5233 3697 5303; x_wconf 83' lang='lat' dir='ltr'><strong>quidam</strong></span> 
     </span>
    </p>
   </div>
   <div class='ocr_carea' id='block_1_87' title="bbox 2128 5337 3698 5409">
    <p class='ocr_par' dir='ltr' id='par_1_87' title="bbox 2128 5337 3698 5409">
     <span class='ocr_line' id='line_1_87' title="bbox 2128 5337 3698 5409; baseline -0.003 -12"><span class='ocrx_word' id='word_1_550' title='bbox 2128 5340 2479 5406; x_wconf 82' lang='lat' dir='ltr'><strong>Autleeheni,</strong></span> <span class='ocrx_word' id='word_1_551' title='bbox 2511 5339 2711 5409; x_wconf 90' lang='lat' dir='ltr'><strong>partim</strong></span> <span class='ocrx_word' id='word_1_552' title='bbox 2754 5338 3057 5408; x_wconf 90' lang='lat' dir='ltr'><strong>spectandi,</strong></span> <span class='ocrx_word' id='word_1_553' title='bbox 3109 5337 3306 5407; x_wconf 90' lang='lat' dir='ltr'><strong>partim</strong></span> <span class='ocrx_word' id='word_1_554' title='bbox 3367 5338 3532 5393; x_wconf 86' lang='lat' dir='ltr'><strong>etiam</strong></span> <span class='ocrx_word' id='word_1_555' title='bbox 3594 5354 3698 5392; x_wconf 83' lang='lat' dir='ltr'><strong>una</strong></span> 
     </span>
    </p>
   </div>
   <div class='ocr_carea' id='block_1_88' title="bbox 2129 5436 3703 5512">
    <p class='ocr_par' dir='ltr' id='par_1_88' title="bbox 2129 5436 3703 5512">
     <span class='ocr_line' id='line_1_88' title="bbox 2129 5436 3703 5512; baseline -0.008 -10"><span class='ocrx_word' id='word_1_556' title='bbox 2129 5442 2444 5503; x_wconf 87' lang='lat' dir='ltr'><strong>celebrandi</strong></span> <span class='ocrx_word' id='word_1_557' title='bbox 2487 5451 2651 5510; x_wconf 86' lang='lat' dir='ltr'><strong>atque</strong></span> <span class='ocrx_word' id='word_1_558' title='bbox 2673 5439 2958 5512; x_wconf 77' lang='lat' dir='ltr'><strong>jejunandi</strong></span> <span class='ocrx_word' id='word_1_559' title='bbox 3002 5453 3190 5503; x_wconf 86' lang='lat' dir='ltr'><strong>causa,</strong></span> <span class='ocrx_word' id='word_1_560' title='bbox 3247 5438 3513 5493; x_wconf 88' lang='lat' dir='ltr'><strong>interesse</strong></span> <span class='ocrx_word' id='word_1_561' title='bbox 3561 5436 3703 5492; x_wconf 84' lang='lat' dir='ltr'><strong>sole-</strong></span> 
     </span>
    </p>
   </div>
   <div class='ocr_carea' id='block_1_89' title="bbox 2128 5537 3701 5612">
    <p class='ocr_par' dir='ltr' id='par_1_89' title="bbox 2128 5537 3701 5612">
     <span class='ocr_line' id='line_1_89' title="bbox 2128 5537 3701 5612; baseline -0.01 -7"><span class='ocrx_word' id='word_1_562' title='bbox 2128 5550 2284 5612; x_wconf 81' lang='lat' dir='ltr'><strong>bant,</strong></span> <span class='ocrx_word' id='word_1_563' title='bbox 2315 5545 2445 5600; x_wconf 90' lang='lat' dir='ltr'><strong>huic</strong></span> <span class='ocrx_word' id='word_1_564' title='bbox 2476 5543 2565 5598; x_wconf 88' lang='lat' dir='ltr'><strong>ille</strong></span> <span class='ocrx_word' id='word_1_565' title='bbox 2595 5542 2787 5596; x_wconf 93' lang='lat' dir='ltr'><strong>morbo</strong></span> <span class='ocrx_word' id='word_1_566' title='bbox 2812 5547 2871 5594; x_wconf 87' lang='lat' dir='ltr'><strong>ut</strong></span> <span class='ocrx_word' id='word_1_567' title='bbox 2914 5541 3241 5602; x_wconf 90' lang='lat' dir='ltr'><strong>mederetur,</strong></span> <span class='ocrx_word' id='word_1_568' title='bbox 3273 5537 3701 5595; x_wconf 87' lang='lat' dir='ltr'><strong>concertationis</strong></span> 
     </span>
    </p>
   </div>
   <div class='ocr_carea' id='block_1_90' title="bbox 2126 5638 3700 5712">
    <p class='ocr_par' dir='ltr' id='par_1_90' title="bbox 2126 5638 3700 5712">
     <span class='ocr_line' id='line_1_90' title="bbox 2126 5638 3700 5712; baseline -0.008 -7"><span class='ocrx_word' id='word_1_569' title='bbox 2126 5657 2320 5705; x_wconf 90' lang='lat' dir='ltr'><strong>contra</strong></span> <span class='ocrx_word' id='word_1_570' title='bbox 2360 5647 2660 5700; x_wconf 74' lang='lat' dir='ltr'><strong>Anommos</strong></span> <span class='ocrx_word' id='word_1_571' title='bbox 2725 5659 2949 5699; x_wconf 87' lang='lat' dir='ltr'><strong>cursum</strong></span> <span class='ocrx_word' id='word_1_572' title='bbox 3012 5641 3320 5712; x_wconf 87' lang='lat' dir='ltr'><strong>intercepit,</strong></span> <span class='ocrx_word' id='word_1_573' title='bbox 3366 5655 3431 5696; x_wconf 88' lang='lat' dir='ltr'><strong>ac</strong></span> <span class='ocrx_word' id='word_1_574' title='bbox 3482 5638 3700 5695; x_wconf 71' lang='lat' dir='ltr'><strong>Iudaeos</strong></span> 
     </span>
    </p>
   </div>
   <div class='ocr_carea' id='block_1_91' title="bbox 2129 5737 3702 5820">
    <p class='ocr_par' dir='ltr' id='par_1_91' title="bbox 2129 5737 3702 5820">
     <span class='ocr_line' id='line_1_91' title="bbox 2129 5737 3702 5820; baseline -0.011 -13"><span class='ocrx_word' id='word_1_575' title='bbox 2129 5748 2562 5820; x_wconf 67' lang='lat' dir='ltr'><strong>indecorumque</strong></span> <span class='ocrx_word' id='word_1_576' title='bbox 2611 5760 2874 5818; x_wconf 88' lang='lat' dir='ltr'><strong>sequaces</strong></span> <span class='ocrx_word' id='word_1_577' title='bbox 2934 5743 3160 5801; x_wconf 88' lang='lat' dir='ltr'><strong>adortus</strong></span> <span class='ocrx_word' id='word_1_578' title='bbox 3205 5749 3306 5799; x_wconf 87' lang='lat' dir='ltr'><strong>est.</strong></span> <span class='ocrx_word' id='word_1_579' title='bbox 3363 5738 3416 5798; x_wconf 90' lang='lat' dir='ltr'><strong>Id</strong></span> <span class='ocrx_word' id='word_1_580' title='bbox 3473 5737 3702 5811; x_wconf 68' lang='lat' dir='ltr'><strong>contigit</strong></span> 
     </span>
    </p>
   </div>
  </div>
