4084 6186
496 230 626 290 8.59.

496 369 648 413 anno
679 345 822 410 586,“
869 348 931 398 ut
959 298 1209 395 diximus,
1235 334 1290 389 in
1327 329 1533 386 Monito
1572 327 1641 382 ad
1666 394 1673 399 _
1699 321 1956 380 liomilias
1999 320 2071 375 De

497 439 1039 521 iucompreliensibili,
1067 446 1122 494 et
1152 451 1219 490 ex
1251 448 1375 489 mox
1403 428 1651 495 dicendis
1695 424 1913 496 planius
1944 418 2070 475 erit.

1454 255 1461 261 ,
1519 200 1889 263 ADVERSUS
1925 195 2233 255 ΗΠ)δίΟᾶ
2274 222 2342 235 —-
2381 186 2725 269 MONITUM.

3624 183 3751 269 8N:

2178 296 2336 386 quasi
2369 316 2612 372 incertus
2636 312 2758 384 ejus
2800 310 2942 367 situs
2975 318 3141 376 esset,
3170 307 3225 362 in
3251 307 3506 376 quintum
3541 314 3749 393 tomum

2176 418 2541 489 ablegaverat.
3018 415 3023 421 '

502 553 621 620 Qua
649 519 780 603 vero
819 541 947 598 anni
979 544 1301 607 tempestate
1331 533 1446 587 haec
1479 523 1795 585 concionari
1826 519 2072 591 coeperit,

2247 527 2487 585 Tertiam
2527 528 2906 583 incunctanter
2931 523 3188 596 ponimus
3232 522 3515 577 homiliam
3570 522 3622 576 in
3654 536 3750 576 cos

504 616 625 724 ipse
649 620 813 719 paulo
843 650 969 717 post
1000 641 1215 696 initium
1253 635 1492 692 homiliae
1529 631 1718 702 primae
1750 616 2076 683 testiﬁcatur

503 754 592 809 his
622 748 852 805 verbis:
910 741 1131 815 Ἐορταὶ
1177 738 1287 793 τῶν
1349 734 1551 790 ἀθλίων
1598 731 1692 795 καὶ
1711 724 2074 797 ταλαιπώρων

511 851 782 910 Ἰουδαίων
808 846 1061 920 μέλλουσι
1083 839 1472 917 προσελαύνειν
1516 834 1759 905 συνεχεῖς
1786 831 1879 884 καὶ
1903 827 2073 882 enat-

493 956 668 1029 ληλοι,
725 952 783 1006 αἱ
822 949 1144 1018 σάλπιγγες.
1190 945 1247 998 αἱ
1283 938 1671 1013 σκηνοπηγῐαι,
1714 936 1772 989 αἱ
1803 933 2070 1004 νηστεῖαι.

494 1055 675 1110 Feriae
730 1052 1041 1107 miserorum
1078 1055 1236 1116 atque
1285 1054 1707 1098 wrumnosorum
1760 1034 2072 1091 Judworum

494 1159 764 1214 continuae
799 1163 849 1209 et
898 1153 1192 1223 frequentes
1244 1150 1469 1212 instant,
1508 1143 1666 1206 tubas,
1726 1139 2070 1210 scenopcgiat,

489 1256 724 1329 sejunia.
767 1251 863 1309 llis
899 1259 1116 1306 notatur
1146 1248 1292 1304 haud
1326 1246 1493 1323 dubie
1519 1244 1725 1300 mensis
1766 1240 1908 1296 Tisri
1956 1240 2072 1295 sive

492 1355 836 1428 September,
865 1352 1031 1422 cujus
1057 1351 1269 1406 decimo
1294 1348 1489 1419 quinto
1509 1345 1596 1401 die
1618 1341 1911 1413 incipiebat
1940 1338 2072 1395 Sce-

491 1455 746 1526 nopegia,
784 1468 879 1508 seu
927 1450 1131 1507 festum
1179 1445 1711 1503 Tabernaculorum.
1751 1442 1851 1497 Illo
1888 1450 2069 1504 autem

490 1566 682 1609 mense
710 1550 866 1622 plura
905 1548 1048 1619 apud
1087 1546 1307 1602 Judazos
1330 1530 1703 1601 occurrebant
1726 1542 1883 1603 festa,
1904 1557 2068 1613 quam

494 1655 552 1710 in
578 1652 828 1722 quolibet
854 1652 965 1707 alio
997 1649 1165 1705 totius
1200 1651 1352 1715 anni,
1396 1658 1454 1703 ut
1503 1647 1688 1703 videas
1727 1644 1872 1715 apud
1921 1643 2071 1698 Bux-

489 1748 723 1815 torl’um,
784 1746 1138 1803 Leusdenum
1171 1756 1226 1801 et
1276 1745 1435 1813 alios,
1466 1744 1614 1816 quod
1649 1744 1812 1799 etiam
1868 1743 2072 1798 indicat

488 1850 919 1920 Chrysostomus
965 1862 1091 1903 cum
1131 1846 1266 1902 dicit
1316 1847 1563 1918 συνεχεῖς
1614 1845 1709 1900 καὶ
1752 1843 2067 1913 ἐπάλληλοι,

497 1952 653 2009 lianc
709 1950 1117 2027 solemnitatem
1175 1949 1544 2022 frequentiam
1602 1948 1811 2019 aliquot
1873 1946 2070 2003 diebus

489 2051 852 2109 antevertisse
889 2050 1345 2123 Chrysostomum
1398 2065 1523 2105 eum
1588 2046 1870 2119 prtemissa
1901 2030 2067 2101 verba

490 2153 802 2216 declarant,
841 2159 954 2207 tum
989 2166 1114 2205 mox
1148 2148 1422 2205 afferenda
1472 2147 1856 2203 testiﬁcantur.
1884 2144 2067 2212 Quare

496 2270 687 2311 mense
744 2253 995 2325 Augusto
1045 2251 1278 2321 primam
1327 2248 1610 2303 bomiliam
1670 2246 1930 2335 habuisse
1977 2246 2067 2300 vi-

489 2354 674 2409 detur.

562 2464 875 2522 Secundam
908 2463 1217 2530 homiliam,
1250 2478 1372 2519 eam
1417 2476 1634 2532 nempe,
1674 2476 1793 2533 quae
1823 2461 1900 2517 sic
1927 2460 2073 2516 inci-1

491 2569 593 2642 pit,
637 2568 705 2622 Ἠ
750 2567 850 2639 μὲν
895 2566 1214 2638 παράνομος
1260 2565 1355 2619 καὶ
1397 2562 1726 2634 ἀκάθαρτος,
1759 2562 1945 2618 decem
1973 2571 2069 2616 aut

496 2669 750 2742 pluribus
782 2667 987 2740 elapsis
1022 2683 1053 2722 a
1085 2667 1262 2737 prima
1302 2664 1503 2721 diebus
1555 2663 1768 2729 habuit,
1823 2663 2069 2735 quinque

491 2769 689 2826 diebus
718 2775 847 2824 ante
870 2781 1035 2837 quam
1059 2763 1374 2819 Judazornm
1402 2761 1675 2833 jejunium
1720 2760 1958 2826 adesset,
2009 2765 2071 2813 ut

490 2869 574 2925 sic
612 2868 731 2937 ipse
778 2866 1021 2923 declarat
1068 2865 1268 2929 initio,
1307 2862 1369 2918 'll
1428 2863 1526 2936 μὲν
1587 2857 1681 2917 οὖν
1749 2860 2069 2934 παράνομος

490 2966 671 3022 αὐτῶν
696 2967 922 3038 νηστεία
952 2966 1090 3038 μετὰ
1128 2965 1289 3020 πέντε
1317 2964 1501 3020 λοιπὸν
1525 2965 1738 3035 ἡμέρας
1758 2962 2065 3032 ἐφίσταται·

492 3067 607 3139 ἐγὼ
643 3068 702 3121 δὲ
747 3066 854 3141 πρδ
879 3068 1012 3122 δέκα
1048 3067 1270 3139 ἡμερῶν
1297 3066 1332 3139 ἢ
1362 3065 1455 3131 καὶ
1496 3065 1758 3121 πλειόνων
1781 3062 2069 3136 προλαϐὼν

492 3168 842 3240 ἐποιησάμην
889 3167 989 3239 τὴν
1036 3166 1401 3239 παραίνεσιν,
1455 3164 1595 3219 ὦστέ
1668 3161 2071 3233 ἀσφαλίσασθαι

492 3270 620 3332 τοὺς
647 3268 914 3338 ἀδελφοὺς
960 3267 1089 3332 τοὺς
1137 3266 1468 3338 ὑμετέρουςο
1522 3264 1869 3337 Illegitimum
1907 3264 2073 3333 igitur

492 3371 729 3441 ipsorum
752 3368 1022 3440 jejunium
1040 3379 1156 3438 post
1187 3369 1414 3439 quinque
1438 3368 1552 3423 dies
1593 3368 1834 3437 deinceps
1861 3367 2069 3430 instat;

492 3481 548 3528 et
576 3489 668 3544 ego
699 3481 822 3528 ante
850 3475 1030 3527 decem
1059 3472 1171 3526 dies
1206 3471 1285 3526 uel
1329 3471 1507 3542 plures
1548 3471 1962 3525 cohortationem
2001 3469 2071 3524 ad

492 3589 582 3628 vos
609 3573 796 3640 habui,
822 3584 881 3630 ut
914 3573 1108 3645 fratres
1144 3581 1343 3627 vestros
1373 3573 1767 3642 prlamunirem.
1817 3569 1897 3626 Ne
1942 3583 2073 3625 vero

495 3674 713 3730 dubites
738 3672 885 3729 hanc
906 3673 1083 3744 ipsam
1107 3686 1228 3728 esse
1250 3688 1416 3743 quam
1440 3670 1734 3739 secundam
1761 3678 1949 3725 contra
1975 3666 2073 3723 lu-

489 3773 643 3830 dreos
677 3772 889 3841 habuit,
910 3774 1036 3829 vide
1067 3774 1349 3846 quomodo
1389 3773 1464 3829 ibi
1486 3772 1554 3829 de
1591 3773 1768 3844 prima
1816 3771 2074 3842 loquatur

495 3889 648 3928 num.
674 3873 709 3928 5
732 3892 747 3930 :
778 3874 895 3929 Οὐκ
917 3875 1156 3948 ἧκουσας
1203 3876 1265 3930 ὲν
1283 3877 1350 3947 τῇ
1367 3875 1611 3947 προτέρα
1629 3874 1865 3942 διαλέξει
1886 3874 2074 3946 σαφῶς

494 3974 878 4042 ἀποδείξαντος
906 3977 1041 4048 ἡμῖν
1066 3975 1163 4031 τοῦ
1185 3976 1368 4046 λόγου,
1403 3977 1487 4031 ὅτι
1519 3977 1614 4031 καὶ
1639 3974 1740 4041 τὰς
1774 3974 1952 4048 ψυχὰς
1974 3976 2075 4029 αὐ-

493 4073 594 4139 τὰς
626 4076 736 4130 τῶν
792 4077 1060 4133 Ἰουδαίων
1088 4078 1329 4143 καὶτοὺς
1358 4079 1558 4144 τόπους
1583 4077 1642 4132 ἑν
1672 4069 1754 4141 οἷς
1794 4062 2077 4145 συλλέγον-

495 4191 586 4228 ται
643 4175 899 4248 δαίμονες
950 4176 1313 4246 κατοικοῦσι;
1376 4174 1500 4232 Non
1561 4175 1762 4230 audisti
1809 4174 1863 4230 in
1908 4173 2079 4245 priori

496 4277 745 4331 concione
770 4293 931 4349 quam
981 4277 1125 4333 clare
1159 4277 1324 4348 fuerit
1354 4278 1593 4332 oratione
1630 4276 2074 4341 demonstratum,

500 4377 644 4447 ipsas
677 4378 886 4433 animas
919 4377 1255 4445 Iudaeorum,
1287 4387 1336 4434 et
1364 4376 1485 4434 loca
1510 4377 1602 4433 ubi
1626 4385 2013 4450 congregantur
2042 4394 2077 4431 a

498 4471 826 4557 «immanibus
882 4481 1160 4537 habitari?
1212 4479 1269 4537 ld
1302 4496 1456 4549 vero,
1517 4498 1714 4553 nempe
1764 4487 1819 4538 et
1864 4483 2080 4540 animas

498 4584 840 4652 Iudaeorum,
875 4591 930 4641 et
968 4585 1088 4643 loca
1133 4584 1455 4641 eorumdem
1485 4602 1517 4642 a
1546 4586 1890 4644 daemonibus
1923 4586 2080 4643 habi-

498 4686 628 4752 tari,
659 4686 961 4757 conspicue
989 4694 1045 4742 et
1077 4685 1198 4744 fuse
1235 4670 1434 4758 probat
1484 4688 1577 4745 ille
1622 4688 1850 4745 homilia
1899 4689 2078 4761 prima

497 4797 681 4844 contra
711 4787 932 4845 Iudaeos
962 4805 1095 4845 num
1125 4788 1181 4858 6,
1212 4789 1286 4845 ita
1317 4798 1378 4846 ut
1403 4797 1553 4846 certo
1580 4791 1784 4847 certius
1808 4791 1900 4861 sit,
1931 4791 2078 4847 illam

497 4902 620 4943 esse
657 4896 846 4943 contra
880 4885 919 4941 ,1
928 4886 1107 4943 ιιάιινοε
1134 4886 1390 4959 primam,
1424 4887 1565 4942 hanc
1586 4902 1716 4943 vero
1749 4886 2079 4943 secundam.

498 5001 664 5058 quam
701 4986 951 5043 dolemus
995 4985 1064 5041 ad
1102 5001 1205 5042 nos
1260 4985 1511 5042 mutilam
1559 4984 1890 5052 devenisse;
1942 4984 2082 5040 nihil

501 5098 650 5147 certe
687 5105 798 5146 non
824 5090 1063 5162 egimus,
1096 5098 1157 5144 ut
1200 5104 1320 5145 eam
1352 5097 1558 5144 sartam
1584 5096 1640 5144 et
1663 5095 1862 5144 tectam
1886 5088 2077 5144 edere-

440 5202 459 5205 “
501 5207 669 5250 mus:
703 5208 802 5265 per
830 5209 1025 5250 omnes
1051 5192 1226 5250 lenne
1253 5193 1489 5263 Eumpae
1534 5190 1893 5248 bibliothecas
1939 5189 2083 5246 ami-

501 5312 696 5354 corum
730 5312 898 5369 opera
920 5311 1042 5353 eam
1073 5296 1129 5351 in
1166 5294 1558 5366 manuscriptis
1608 5292 1855 5366 perquiri
1889 5270 2122 5348 δοιοί-⁸

503 5396 633 5454 liam
653 5399 1000 5457 curavimus:
1020 5398 1113 5455 sed
1142 5396 1348 5454 frustra
1375 5411 1591 5454 cessere
1610 5405 1842 5452 conatus
1861 5410 2079 5452 omnes.

498 5495 659 5572 lianc
680 5497 988 5577 bomiliam,
1015 5505 1075 5553 ut
1096 5512 1264 5567 supra
1285 5495 1545 5563 diximus,
1567 5492 1808 5577 Savilius
1831 5502 2082 5553 octavam

505 5604 796 5669 posuerat,
831 5574 1037 5655 Fronto
1065 5586 1253 5654 autem
1307 5595 1541 5656 Ducaeus
1575 5574 1783 5668 procul
1811 5592 1882 5652 ab
1934 5592 2080 5664 aliis,

2176 632 2275 704 qui‘
2298 631 2474 703 primo
2521 628 2732 685 Pascha
2773 630 3046 701 jejunant,
3080 627 3239 699 cujus
3283 626 3496 681 initium
3530 645 3542 681 :
3579 625 3750 680 Πάλιν

2175 735 2333 807 χρεία
2361 752 2444 799 τις
2467 733 2741 804 ἀναγκαία
2792 733 2885 787 καὶ
2923 730 3357 801 κατεπείγουσα,
3399 730 3507 784 τῶν
3555 729 3748 802 πρώην

2175 835 2479 909 εἰρημένων
2512 835 2610 907 τὴν
2632 833 2951 890 ἀκολουθίαν
2993 833 3297 903 διακόψασα
3323 872 3339 896 ,
3375 833 3512 906 πρὸς
3549 833 3748 903 ἑαυτὴν

2173 937 2477 991 ἐπισπᾶται
2504 936 2592 990 τὸν
2622 935 2920 1007 λόγονικαὶ
2950 936 3059 989 τῶν
3097 935 3233 1007 πρὸς
3273 935 3400 1000 τοὺς
3441 935 3749 1007 αἱρετικοὶς

2173 1039 2323 1110 ἡμᾶς
2350 1037 2553 1107 ἀπάγει
2582 1036 2994 1107 παλαισμάτων.
3059 1037 3250 1108 Ἰἰμείς
3292 1038 3392 1110 μὲν
3435 1038 3545 1108 γάρ
3587 1038 3749 1092 πάλιν

2173 1139 2302 1213 περὶ
2333 1139 2431 1211 τῆς
2455 1138 2549 1193 τοῦ
2579 1139 2912 1208 Μονογενοῧς
2932 1140 3089 1211 δόξης
3109 1141 3453 1212 διαλεχθῆναι
3483 1143 3621 1212 πρὸς
3651 1141 3750 1212 τὴν

2174 1241 2444 1314 ὑμετέραν
2474 1242 2696 1313 ἀγάπην
2738 1244 3261 1314 παρεσκευαζόμεθα
3314 1245 3375 1299 1d
3409 1256 3514 1309 est,
3549 1244 3747 1299 Rursus

2174 1342 2527 1396 necessarium
2554 1339 2823 1410 quoddam
2851 1349 2901 1395 et
2968 1357 3158 1410 urgens
3229 1342 3520 1413 negotium,
3565 1359 3748 1396 eorum

2171 1463 2290 1518 qua
2343 1460 2507 1517 nuper
2529 1444 2672 1499 dicta
2712 1453 2834 1499 sunt
2894 1445 3079 1498 seriem
3134 1446 3515 1514 interrumpens
3560 1446 3629 1500 ad
3667 1464 3749 1501 se-

2170 1548 2344 1618 ipsum
2375 1547 2669 1601 orationem
2694 1547 2946 1613 traducit,
2972 1555 3019 1599 et
3044 1563 3081 1599 οι
3106 1548 3358 1614 susceptis
3387 1563 3505 1600 cum
3542 1548 3750 1602 lurreti-r

2176 1649 2252 1701 eis
2284 1645 2656 1733 certaminibus
2695 1645 2847 1701 hodie
2871 1662 2964 1701 nos
2987 1646 3230 1704 abducit.
3252 1647 3394 1703 Nam
3422 1665 3514 1705 nos
3535 1651 3748 1719 quidem

2178 1764 2366 1802 rursus
2384 1749 2447 1802 de
2476 1745 2746 1819 Unigeniti
2769 1747 2936 1819 gloria
2961 1750 3117 1815 verba
3145 1750 3317 1820 facere
3335 1751 3404 1804 ad
3433 1751 3747 1807 cltaritatem

2172 1858 2393 1905 vestram
2432 1850 2610 1917 parati
2646 1865 2877 1907 eramus.
2914 1847 3010 1905 llis
3062 1865 3226 1920 porro
3249 1851 3492 1907 declarat
3517 1867 3579 1907 sc
3630 1853 3745 1922 jam

2173 1951 2415 2005 secundo
2484 1950 2851 2007 llomiliarum
2903 1964 3101 2009 contra
3152 1954 3449 2012 Anommos
3513 1970 3740 2012 cursum

2174 2049 2558 2120 interpellare,
2612 2054 2761 2122 quod
2825 2067 2884 2107 se
2936 2051 3119 2122 primo
3167 2050 3364 2109 iecisse
3402 2053 3545 2109 dixit
3588 2053 3755 2111 initia

2171 2152 2457 2208 homiliatt
2514 2161 2701 2207 contra
2750 2152 2989 2215 Judwos.
3053 2152 3267 2208 Etenim
3324 2169 3451 2208 eum
3506 2155 3758 2224 primam.

2170 2260 2364 2308 contra
2390 2253 2686 2310 Anomaeos
2730 2255 2846 2310 sive
2873 2254 2940 2310 de
2969 2255 3509 2326 incomprehensibili
3538 2255 3741 2313 oratio-

2169 2370 2294 2413 nem
2328 2356 2630 2422 habuisset,
2679 2372 2901 2415 cursum
2942 2358 3137 2413 sistere
3194 2366 3421 2414 coactus
3471 2365 3575 2422 est,
3631 2372 3741 2411 non

2169 2459 2334 2515 modo
2374 2467 2435 2514 ut
2461 2467 2653 2515 contra
2686 2457 2906 2515 Iudaeos
2936 2468 3302 2526 eoneertaret,
3348 2459 3497 2529 quod
3529 2458 3746 2512 duabus

2168 2557 2413 2614 homiliis
2441 2558 2718 2629 praestitit,
2749 2559 2842 2616 sed
2873 2569 2932 2615 ut
2963 2569 3144 2631 patres
3178 2559 3445 2631 quosdam
3482 2558 3753 2629 apiriam-5

2122 2692 2127 2697 ι
2171 2656 2268 2723 les,
2307 2657 2392 2713 sic
2424 2656 2538 2721 ille,
2593 2658 2687 2728 qui
2717 2658 3067 2716 Antiochiam
3124 2670 3391 2727 venerant
3441 2663 3737 2732 exciperet,

2171 2773 2238 2816 ac
2272 2770 2460 2830 postea
2488 2771 2840 2818 occurrentes
2886 2762 3087 2818 multas
3130 2770 3431 2835 martyrum
3479 2763 3750 2819 solemni--

2171 2867 2310 2916 tates
2349 2860 2674 2918 celebraret.
2703 2860 2826 2928 His,
2858 2863 3105 2935 inquam,
3131 2865 3388 2922 omnibus
3434 2865 3767 2934 tnterpcllax

2170 2975 2259 3019 tus
2285 2971 2371 3018 est
2421 2978 2450 3018 a
2483 2974 2662 3035 coepta
2719 2975 2906 3019 contra
2941 2965 3240 3021 Anomoeos
3292 2980 3498 3037 pugna,
3550 2966 3625 3022 ita
3683 2976 3763 3025 ut.

2171 3080 2283 3120 non
2310 3065 2587 3122 modicum
2624 3065 2885 3149 temporis
2911 3067 3273 3128 intervallum
3303 3066 3471 3123 fuerit
3513 3069 3763 3138 primaut;

2172 3169 2313 3224 inter
2337 3169 2620 3224 homiliam
2653 3176 2844 3224 contra
2882 3167 3181 3225 Anomoeos
3221 3178 3277 3225 et
3308 3170 3548 3225 tertiam.
3602 3170 3765 3229 Cum».

2172 3277 2356 3325 autem
2388 3267 2624 3338 primam
2656 3275 2850 3322 contra
2904 3264 3127 3323 Iudaeos
3160 3266 3442 3322 ltomiliam
3496 3268 3771 3329 habuerit,

2172 3369 2628 3441 menseAugusto
2657 3368 2787 3424 anni
2824 3369 2953 3436 586,
3008 3378 3070 3426 ut
3121 3386 3287 3440 supra
3343 3371 3608 3436 diximus,
3659 3388 3751 3429 se-

2174 3474 2410 3532 cundam
2464 3488 2593 3530 vero
2652 3473 2876 3528 ineunte
2927 3472 3148 3528 circiter
3185 3472 3515 3545 Septembri,
3546 3474 3779 3542 decem,.

2171 3578 2250 3634 ait
2284 3577 2393 3642 ille,
2411 3593 2472 3630 ac
2485 3575 2721 3645 pluribus
2736 3575 2916 3631 diebus
2936 3583 3061 3647 post
3082 3577 3339 3647 primam,
3355 3591 3603 3647 magnam
3622 3575 3759 3647 Seps

2174 3676 2409 3734 tembris
2442 3684 2651 3747 partem
2691 3675 3049 3746 ins’umpserit
3097 3675 3251 3749 [585]
3282 3677 3757 3747 excipiendisillis

2174 3775 2414 3848 patribus
2467 3774 2872 3846 spiritualibus,
2926 3790 2993 3831 ac
3050 3775 3403 3831 celebrandis
3448 3783 3754 3846 martyrum

2176 3879 2660 3945 solemnitatibus,
2729 3892 3061 3949 rursumque
3134 3877 3445 3949 Septembri
3523 3888 3758 3934 exeunte

2178 3999 2370 4041 mense
2407 3998 2646 4054 pugnam
2682 3997 2809 4037 cum
2844 3981 3131 4039 Anomatis
3165 3981 3551 4051 resumpserit,
3584 3996 3752 4052 quam

2176 4088 2374 4145 iterum
2405 4085 2492 4141 vel
2538 4082 2780 4142 nondum
2841 4092 3039 4139 exacto
3078 4080 3419 4153 Septembri,
3461 4084 3549 4140 vel
3598 4084 3757 4140 initio

2176 4187 2432 4246 Octobris
2468 4184 2847 4250 intermiserit,
2880 4192 3133 4255 urgente,
3164 4192 3227 4239 ut
3257 4183 3347 4238 ille
3374 4181 3474 4250 ait,
3509 4184 3756 4240 necessi-

2177 4301 2290 4350 tate
2321 4299 2383 4346 ut
2441 4297 2635 4346 contra
2667 4286 2888 4343 Judaeos
2948 4286 3153 4341 iterum,
3178 4293 3457 4341 certamen
3510 4283 3755 4341 haberetis

2177 4395 2261 4450 An
2286 4406 2417 4449 vero
2450 4400 2576 4462 post
2612 4387 2908 4444 secundam
2945 4393 3135 4442 contra
3188 4384 3489 4442 Anomteos
3539 4385 3761 4442 concio-

2177 4500 2304 4541 nem
2341 4484 2485 4539 hanc
2515 4480 2731 4537 tertiam
2767 4487 2957 4535 contra
2987 4475 3207 4534 Judaeos
3234 4477 3507 4545 habuerit,
3535 4493 3604 4533 an
3635 4485 3761 4548 post

2178 4580 2394 4638 tertiam
2426 4577 2511 4633 vel
2543 4582 2671 4648 post
2696 4581 2973 4647 quartam,
3008 4574 3064 4630 id
3099 4574 3263 4646 plane
3297 4574 3570 4634 incertum
3623 4582 3752 4631 est:

2179 4678 2356 4752 neque
2388 4678 2493 4735 hac
2524 4677 2593 4734 de
2628 4689 2690 4732 re
2719 4674 3001 4747 quidpiam
3056 4675 3191 4731 certi
3224 4675 3394 4732 statui
3448 4689 3610 4746 posse
3668 4674 3755 4727 vi—

2178 4780 2363 4837 detur.

2249 4879 2331 4936 Ne
2359 4890 2540 4937 autem
2571 4881 2713 4940 hanc
2738 4872 2957 4940 tertiam
2985 4888 3178 4938 contra
3216 4876 3435 4934 Judzeos
3474 4873 3759 4931 homiliam

2179 4983 2275 5041 diu
2310 4992 2435 5055 post
2475 4983 2849 5055 Septembrem
2882 4985 3309 5043 constituamus,
3354 4977 3645 5050 prohibere
3681 4976 3763 5028 vi-

2181 5088 2343 5144 detur
2401 5062 2833 5160 Chrysostomus
2900 5085 3125 5141 humilia
3177 5081 3233 5136 in
3293 5080 3437 5134 diem
3496 5074 3758 5133 .Natalem

2182 5189 2406 5258 Christi,
2436 5206 2604 5262 quam
2631 5190 2823 5247 habuit
2849 5203 2996 5244 anno
3022 5186 3149 5251 586,
3182 5183 3270 5239 die
3303 5180 3563 5253 vigesima
3593 5180 3760 5257 quin-

2183 5298 2237 5345 ta
2284 5287 2647 5346 Decembris:
2684 5288 2908 5358 Tempus
2966 5295 3141 5340 autem
3196 5293 3309 5343 tum
3364 5291 3498 5347 erat,
3557 5278 3759 5348 inquit.

2185 5393 2308 5465 {esti
2344 5391 2825 5449 Tabernaculorum
2847 5399 2896 5445 et
2918 5387 3145 5458 ieiunii:
3171 5386 3268 5439 hoc
3305 5384 3445 5439 enim
3479 5381 3574 5436 illa
3603 5379 3762 5436 verba

2187 5491 2292 5547 sibi
2321 5492 2527 5560 volunt,
2554 5488 2850 5571 ilumiliate
2878 5486 3093 5542 animas
3118 5492 3351 5550 vestras,
3393 5480 3550 5552 idque
3601 5496 3633 5533 a
3664 5479 3766 5533 Ju-

2184 5593 2315 5651 dwis
2348 5592 2489 5649 circa
2509 5592 2668 5664 ﬁnem
2696 5590 2885 5646 mensis
2912 5587 3162 5660 Gorpuei,
3209 5588 3265 5643 id
3290 5595 3386 5654 est,
3417 5582 3763 5657 Septembris,
