4084 6186
317 241 413 297 841

313 357 457 428 quod
501 367 549 413 et
609 375 698 414 vos
742 362 1044 427 testamini,
1101 362 1482 417 celebrabatur.
1553 359 1700 416 Tunc
1749 360 1886 415 enim

1007 245 1080 301 .S.
1117 245 1400 308 JOANNIS
1434 229 1917 301 CHRYSOSTOMI
1953 226 2274 294 ARClllEP.
2311 234 2858 295 CONSTANTINOP.

3457 240 3562 298 849

1993 357 2104 413 cari
2153 356 2206 411 in
2283 355 2402 425 ipsa
2468 353 2908 425 Quadragesima
2958 351 3204 409 habitam
3275 354 3558 412 bomiliam

314 456 506 509 multos
523 458 862 528 prolixosqne
894 476 1159 514 sermones
1207 469 1390 514 contra
1417 458 1638 516 Judazos
1681 459 1936 515 insu:n-~
1987 453 2184 515 fuisse.
2209 455 2326 514 Non
2382 456 2598 512 videtur
2643 462 2823 510 autem
2882 453 3015 510 hinc
3047 454 3172 524 plus
3207 455 3436 510 subsidii
3475 471 3558 510 reo

312 558 538 626 psimus,
592 560 950 626 importunum
1003 577 1186 615 eorum
1244 559 1512 630 jejunium
1557 570 1884 616 accusantes.
1923 569 1949 604 ι
1987 557 2173 614 ferre:
2207 573 2334 613 nam
2393 557 2480 613 his
2521 556 2818 628 signiﬁcari
2867 564 3069 627 potest,
3108 555 3208 610 hos
3259 555 3326 617 de
3359 554 3558 624 quibus

314 657 393 712 Eo
426 659 610 728 igitur,
646 670 707 714 ut
740 675 840 714 nos
866 663 1274 724 constituimus,
1330 672 1572 731 tempore
1617 663 1717 716 has
1768 671 1879 716 tres

313 765 505 812 contra
536 753 757 813 .ludzeos
784 761 1078 814 conciones
1107 760 1316 814 habuit.
1362 759 1546 832 Neque
1597 777 1776 818 tamen
1813 766 1888 817 ita

312 869 503 910 mense
538 855 840 926 Septembri
873 857 1086 912 habitas
1137 860 1268 913 dicit
1331 861 1430 916 has
1483 862 1682 918 multas
1713 864 1876 934 proli-

313 974 522 1028 xasque
561 961 835 1025 homilias,
871 969 930 1015 ut
960 962 1161 1016 nullam
1195 971 1339 1026 ante,
1375 965 1574 1018 nullam
1596 973 1715 1035 post
1749 965 1885 1034 Sep-

314 1060 582 1115 tembrem
653 1063 1045 1131 pronuntiarit.
1083 1063 1214 1118 Nam
1261 1080 1384 1119 eum
1417 1065 1515 1129 ait,
1571 1076 1693 1120 tunc
1745 1067 1884 1120 enim

313 1161 508 1216 multos
543 1161 880 1232 prolixosuue
919 1179 1183 1218 sermones
1215 1175 1397 1218 cautra
1433 1164 1650 1220 Judatos
1699 1164 1890 1218 habui-

310 1275 449 1324 mus,
474 1271 692 1333 tempus
732 1263 950 1319 circiter
985 1273 1238 1328 annotat,
1270 1280 1447 1335 neque
1479 1266 1735 1321 homilias
1762 1266 1884 1323 illas

311 1378 505 1419 omnes
535 1379 721 1420 mense
773 1363 1079 1435 Septembri
1113 1366 1518 1421 circumscribit
1546 1384 1561 1422 :
1597 1382 1704 1421 non
1736 1367 1882 1423 enim

311 1464 454 1518 solet
480 1464 908 1536 Chrysostomus
937 1476 1090 1522 tanto
1119 1465 1378 1538 scrupulo
1397 1475 1556 1540 notas
1576 1476 1882 1538 temporum

312 1563 656 1634 consignare,
726 1572 786 1619 ut
845 1566 1048 1633 passim
1109 1560 1540 1622 observavimus.
1571 1565 1706 1622 Cum
1754 1583 1884 1624 vero

312 1663 463 1729 dicit,
517 1661 713 1717 multos
771 1664 1109 1734 prolixosque
1155 1681 1455 1732 sermones,
1503 1665 1753 1730 πολλοὺςῖ
1783 1667 1883 1721 καὶ

315 1762 559 1832 μικροὺς
602 1761 812 1830 λόγους,
837 1761 939 1823 bas
965 1771 1076 1826 tres
1101 1762 1352 1818 homilias
1377 1763 1619 1818 indicare
1648 1764 1884 1830 videtur,

315 1860 594 1930 etiamque
647 1860 902 1917 (ortassis
944 1861 1104 1926 alias,
1145 1878 1266 1932 quae
1322 1862 1526 1934 injuria
1576 1873 1885 1935 temporum

316 1961 734 2018 interciderint:
776 1977 970 2034 parum
1023 1964 1170 2018 enim
1203 1963 1415 2029 abfuit,
1465 1964 1599 2035 quin
1649 1965 1887 2022 secunda

312 2064 479 2119 etiam
507 2065 730 2120 bomilia
763 2067 1004 2134 perierit.
1037 2075 1227 2137 utpote
1256 2083 1378 2137 qua:
1429 2067 1486 2122 in
1513 2083 1626 2122 uno
1677 2078 1889 2124 tantum

314 2162 539 2227 Codice,
583 2178 890 2234 magnaque
943 2165 1027 2220 sui
1063 2175 1218 2236 parte
1276 2166 1468 2221 mutila
1522 2175 1732 2238 reperta
1788 2169 1880 2226 sit.

314 2259 431 2315 Ima
467 2275 598 2316 vero
646 2273 856 2317 certum
902 2264 1119 2319 videtur
1147 2266 1355 2334 aliquot
1401 2281 1464 2320 ex
1502 2266 1571 2322 iis
1624 2282 1761 2338 quas
1799 2271 1888 2326 hic

316 2369 611 2424 meurorat,
645 2364 904 2421 homilias
947 2366 1294 2422 intercidisse
1325 2388 1338 2422 :
1390 2383 1514 2421 nam
1551 2368 1605 2422 in
1641 2371 1746 2424 ttne
1777 2379 1887 2425 ter-

315 2461 404 2515 tite
431 2462 566 2517 dicit
589 2482 602 2519 ε
635 2463 1096 2531 Quemadmodum
1117 2465 1616 2533 demonstravimus,
1645 2484 1760 2521 cum
1787 2469 1887 2524 hac

315 2565 380 2619 de
411 2582 466 2620 re
502 2569 658 2644 inulti
691 2569 862 2623 habiti
921 2570 1116 2638 fuerim
1149 2586 1180 2622 a
1215 2583 1296 2622 me
1334 2549 1623 2636 sermones,
1657 2568 1889 2634 πολλοὺς

311 2667 562 2738 ἀνήλωσα
621 2669 852 2737 λόγουςε
911 2683 1018 2724 non
1055 2670 1136 2724 sic
1162 2669 1468 2733 locuturus,
1503 2670 1548 2723 si
1595 2670 1734 2726 duos
1763 2678 1887 2726 tan-

313 2775 428 2819 tum
469 2767 571 2821 hac
600 2768 667 2822 de
699 2783 756 2822 re
786 2779 1068 2825 sermones
1109 2769 1407 2823 habuisset.
1441 2765 1544 2822 Sed
1578 2783 1707 2824 cave
1727 2781 1886 2841 putes

311 2877 437 2922 eum
473 2867 749 2925 Frontone
780 2871 977 2926 Ducao
1009 2871 1266 2926 bomilias
1311 2872 1555 2940 quinque
1595 2884 1888 2942 sequentes

311 2965 401 3021 bis
430 2966 810 3039 Chrysostoni
843 2971 1046 3034 verbis,
1079 2971 1262 3042 longos
1306 2972 1646 3044 prolixosque
1688 2990 1886 3030 sermo-

314 3067 802 3138 nes.signitic:iri:
864 3071 984 3129 illas
1045 3072 1318 3142 siquidem
1371 3074 1564 3128 habuit
1619 3074 1710 3129 diu
1766 3085 1890 3145 post

311 3165 605 3224 liomiliam
637 3170 694 3226 in
720 3169 967 3227 Natalem
1013 3172 1254 3238 Domini,
1289 3190 1435 3231 anno
1473 3171 1580 3229 386
1620 3175 1885 3245 habitam,

314 3267 461 3324 unde
497 3282 750 3342 excerpta
784 3273 873 3327 illa
901 3275 1066 3328 verba
1102 3283 1253 3338 sunt,
1303 3285 1361 3330 ut
1394 3291 1518 3330 mox
1557 3291 1732 3346 neque
1778 3279 1888 3332 du-

311 3366 417 3423 biis
446 3372 786 3440 argumentis
827 3373 1006 3443 palam
1043 3372 1330 3430 iaciemus.

387 3481 577 3537 llestat
607 3493 666 3538 ut
704 3485 1034 3556 quibusdam
1065 3503 1097 3542 a
1149 3487 1496 3544 Tillemontio
1533 3489 1677 3544 circa
1723 3489 1889 3561 hujus

309 3582 556 3638 homilia
629 3591 843 3653 tempus
896 3588 1190 3655 prepositis
1266 3588 1448 3644 dubiis
1504 3603 1881 3644 occurramus.

311 3683 466 3750 Quod
507 3684 584 3738 ait
616 3685 1047 3756 Chrysostomus
1095 3687 1148 3742 in
1201 3687 1305 3742 hac
1353 3689 1600 3752 homilia,
1649 3689 1884 3758 primum

311 3786 454 3840 (Hem
486 3784 820 3855 Azymorum
863 3786 968 3841 hoc
997 3798 1144 3840 anno
1173 3787 1416 3842 incidere
1437 3788 1492 3841 in
1521 3787 1886 3856 Dominicam,

313 3886 369 3940 ld
395 3887 588 3956 utique
624 3901 773 3942 anno
805 3887 909 3943 587
939 3889 1190 3960 contigit.
1218 3887 1328 3945 Nec
1373 3891 1498 3947 inde
1527 3901 1711 3947 tamen
1751 3891 1890 3948 infe-

311 3999 405 4042 ras
427 3988 618 4042 eodem
658 4001 804 4044 anno
840 3989 968 4055 387,
998 3991 1217 4061 qualem
1258 4007 1615 4048 numeramus
1649 4010 1680 4050 a
1710 3995 1888 4065 prima

312 4084 554 4142 Ianuarii
586 4087 708 4152 die,
741 4089 1148 4157 pronuntiatam
1181 4089 1353 4146 fuisse
1393 4090 1532 4148 banc
1564 4093 1882 4149 homiliam:

309 4202 438 4244 nam
480 4198 844 4259 praeterquam
875 4191 1023 4261 quod
1065 4205 1098 4244 a
1126 4192 1431 4262 Septembri
1490 4209 1678 4250 mense
1709 4209 1890 4252 annus

315 4292 371 4344 in
426 4287 670 4344 Ecclesia
736 4289 922 4346 Graeca
983 4293 1314 4360 inchoatur,
1363 4294 1500 4348 nihil
1545 4294 1887 4366 frequentius

312 4393 455 4461 apud
486 4392 708 4448 Grzecos
733 4393 925 4450 Patres
967 4404 1020 4450 et
1053 4396 1352 4467 scriptores
1400 4405 1486 4452 est
1516 4410 1681 4466 quam
1739 4394 1886 4469 quod

311 4492 416 4548 hoc
442 4507 587 4546 anno
615 4508 731 4548 rem
758 4497 1075 4566 quampiam
1107 4512 1400 4554 occurrere
1430 4498 1635 4564 dicant,
1666 4497 1889 4568 quando

313 4591 380 4646 ad
414 4607 526 4648 rem
561 4594 748 4647 minus
785 4610 951 4664 quam
988 4598 1153 4653 unius
1182 4601 1309 4653 anni
1344 4601 1583 4670 spatium
1619 4600 1886 4654 intercur-

309 4695 405 4750 rit.
447 4696 812 4762 Quamobrem
841 4698 1045 4767 optime
1067 4698 1267 4754 dixerit
1298 4715 1441 4755 anno
1469 4702 1595 4768 386,
1628 4700 1876 4771 Septem-

311 4799 400 4855 bri
433 4815 642 4864 mense,
670 4799 1100 4872 Chrysostomus
1127 4803 1362 4873 primum
1389 4805 1532 4860 diem
1552 4806 1886 4876 Azymorum

315 4901 423 4959 hoc
457 4890 604 4961 anno
637 4906 878 4960 incidere
899 4907 953 4961 in
982 4906 1127 4961 diem
1159 4905 1522 4976 Dominicam,
1551 4911 1783 4982 loquens
1813 4912 1882 4967 de

309 5004 484 5081 primo
510 5007 597 5062 die
627 5007 966 5079 Azymorum
1007 5007 1137 5062 anni
1206 5008 1336 5065 387.
1396 5007 1585 5081 Itaque
1629 5012 1674 5068 si
1723 5011 1888 5069 Tille—

307 5107 577 5174 montlus,
637 5109 730 5177 qui
777 5108 939 5178 paulo
981 5115 1108 5164 ante
1151 5107 1640 5181 Quadragesimam
1684 5114 1766 5169 vel
1827 5116 1882 5170 in

306 5204 428 5270 ipsa
451 5205 877 5274 Quadragcsima
920 5207 1047 5259 anni
1075 5205 1178 5261 587
1215 5207 1358 5262 hanc
1403 5209 1708 5264 institutam
1761 5226 1884 5268 esse

309 5306 625 5361 concionem
667 5308 1022 5376 probabiliter
1053 5309 1372 5374 existimat,
1414 5311 1516 5366 hac
1562 5311 1886 5385 Chrysosto-

311 5407 382 5458 mi
417 5405 671 5476 loquendi
709 5410 919 5462 ratione
947 5410 1170 5471 nitatur.
1195 5426 1226 5464 a
1255 5424 1424 5481 scopo
1453 5411 1612 5481 plane
1641 5414 1882 5468 aberrat.

309 5507 470 5561 Aliud
502 5510 644 5564 eruit
673 5521 1056 5579 argumentum
1080 5526 1145 5566 ex
1170 5513 1256 5569 his
1279 5515 1477 5580 verbis,
1501 5516 1599 5580 τὰς
1625 5516 1724 5587 μὲν
1751 5517 1886 5571 ταύ-

304 5627 404 5675 ut;
441 5609 674 5680 ἡμέρας,
719 5613 815 5666 has
852 5613 918 5667 tu
949 5613 1084 5679 dies,
1143 5615 1344 5687 quibus
1378 5616 1692 5686 suspicatur
1735 5614 1882 5672 indi-

1985 660 2209 728 loquor,
2263 673 2369 714 non
2399 669 2606 722 autem,
2668 658 2768 713 hos
2814 657 2868 712 in
2913 657 3116 727 quibus
3164 670 3448 710 versamur
3489 655 3560 710 48

1986 758 2124 814 dies.
2153 758 2316 813 Certe
2345 757 2474 812 buic
2527 757 2776 826 Opinioui
2826 755 3089 823 refragari
3141 755 3356 810 videtur
3383 755 3559 826 Chry-

1985 868 2268 915 sostomus
2296 875 2420 914 cum
2455 857 2611 912 initio
2645 857 2811 927 hujus
2852 856 3092 912 homilia:
3131 854 3264 910 dicit
3317 871 3377 911 se
3427 871 3560 912 cou-

1985 959 2207 1012 ‘cionum
2248 965 2441 1029 contra
2493 959 2792 1014 Anomoeos
2831 959 3029 1014 seriem
3071 958 3252 1013 denuo
3302 958 3558 1027 interpel-

1985 1056 2100 1109 lare
2127 1057 2269 1125 cogi,
2313 1064 2366 1110 et
2412 1070 2480 1110 ex
2531 1057 2695 1111 modo
2745 1056 2990 1111 ordiendi
3037 1055 3264 1120 indicat,
3298 1071 3358 1111 se
3420 1056 3560 1110 hanc

1987 1157 2204 1210 tertiam
2255 1159 2574 1212 concionem
2629 1167 2818 1213 contra
2867 1157 3118 1221 .ludzeos,
3169 1159 3386 1214 modico
3437 1169 3560 1228 post

1985 1253 2282 1310 secundam
2310 1256 2496 1326 elapso
2523 1265 2766 1326 tempore
2809 1259 3089 1323 habuisse,
3135 1275 3256 1328 qua:
3310 1259 3552 1313 secunda

1987 1358 2043 1413 in
2081 1373 2325 1413 mensem
2362 1357 2736 1428 Septembrem
2787 1359 2932 1413 haud
2963 1360 3126 1415 dubie
3157 1359 3467 1426 referenda,
3501 1369 3560 1415 ut

1987 1472 2156 1529 supra
2188 1457 2446 1513 vidimus.
2477 1459 2542 1513 Et
2570 1475 2703 1515 sane
2725 1474 2849 1514 cum
2877 1459 3304 1531 Chrysostomus
3335 1461 3557 1514 homilia

1987 1561 2042 1615 in
2077 1562 2164 1617 die
2201 1559 2374 1616 Natali
2403 1561 2608 1618 Christi
2639 1563 2769 1616 anui
2802 1561 2909 1618 586
2942 1563 3088 1617 dicat
3119 1578 3178 1617 se
3207 1578 3394 1619 mense
3449 1566 3559 1617 cir-

1985 1664 2126 1718 citer
2154 1665 2463 1734 Septembri
2494 1666 2698 1721 multos
2725 1664 3077 1735 prolixosque
3105 1681 3388 1720 sermones
3429 1681 3559 1720 con-

1989 1772 2071 1818 tra
2096 1762 2317 1820 Judzeos
2351 1765 2682 1832 instituisse,
2715 1766 3108 1837 congruentius
3149 1765 3206 1820 iu
3242 1764 3372 1820 illud
3404 1764 3561 1819 circi-

1987 1871 2072 1918 ter
2134 1874 2352 1935 tempus
2413 1865 2556 1921 hanc
2617 1865 2831 1919 tertiam
2895 1864 3180 1919 homiliam
3235 1863 3562 1934 rejicimus,

1987 1975 2278 2036 postquam
2343 1967 2430 2021 vel
2490 1967 2788 2022 secundam
2843 1975 3036 2020 contra
3091 1968 3424 2028 Anommos.
3476 1969 3562 2023 vel

1986 2064 2149 2118 aliam
2184 2080 2252 2120 ex
2282 2066 2639 2135 sequentibus
2671 2066 2939 2120 habuerat
2972 2084 2986 2120 :
3023 2081 3131 2121 non
3165 2067 3310 2120 enim
3346 2075 3562 2121 constat

1988 2181 2239 2236 quaenam
2272 2182 2336 2221 ex
2367 2167 2475 2222 illis
2511 2167 2655 2221 hanc
2686 2165 2899 2220 tertiam
2947 2174 3137 2221 contra
3181 2161 3398 2221 Judmos
3426 2182 3562 2235 prse-

1988 2270 2235 2327 cesserit.
2268 2269 2346 2324 Ad
2383 2270 2501 2324 haec
2555 2284 2688 2324 vero
2743 2269 2789 2324 si
2849 2268 2903 2323 in
2932 2268 3362 2341 Quadragesima
3420 2271 3562 2323 hanc

1989 2370 2272 2426 homiliam
2307 2370 2507 2424 dictam
2562 2369 2732 2425 fuisse
2767 2377 3095 2436 statuamus,
3157 2386 3220 2424 ea
3275 2373 3381 2427 erit
3415 2371 3562 2437 Qua-

1987 2472 2298 2543 drngesima
2326 2470 2472 2525 haud
2504 2471 2666 2525 dubie
2693 2469 2822 2524 anni
2855 2469 2960 2525 587
2988 2487 3002 2536 ;
3040 2469 3093 2523 ἰιι
3130 2470 3220 2524 illa
3253 2486 3380 2525 vero
3411 2459 3556 2536 Qua-

1987 2567 2297 2643 dragesima
2346 2588 2571 2627 cursum
2636 2571 2982 2626 hotniliarum
3033 2580 3220 2628 contra
3261 2572 3568 2626 Anonioeos'

1989 2673 2356 2743 interceperit,
2388 2683 2450 2727 ut
2482 2673 2624 2726 hanc
2645 2682 2837 2727 contra
2868 2670 3087 2726 Juda‘os
3133 2671 3373 2726 haberet.
3407 2670 3560 2737 Quo-

1989 2770 2152 2824 modo
2185 2779 2364 2824 autem
2407 2771 2523 2824 haec
2570 2771 2861 2824 convenire
2892 2771 3105 2838 possint
3153 2770 3205 2824 in
3237 2769 3558 2840 Quadi-age-

1987 2873 2182 2927 simam
2214 2871 2342 2926 anni
2383 2871 2512 2938 387,
2545 2885 2642 2940 per
2673 2886 2838 2940 quam
2873 2878 3041 2925 totam
3075 2871 3143 2926 de
3175 2872 3374 2925 statuis
3401 2887 3560 2926 ever-

1988 2972 2065 3027 sis
2113 2973 2478 3028 concionatus
2505 2970 2936 3043 Chrysostomus
2991 2981 3097 3034 est,
3133 2980 3265 3027 tunc
3323 2980 3470 3026 totus
3505 2973 3561 3028 in

1986 3073 2362 3131 describendis
2404 3073 2866 3144 deplorandisque
2915 3072 3378 3128 Antiochenomm
3411 3074 3556 3128 calav

1987 3175 2295 3241 mitatibus,
2325 3176 2525 3246 quibus
2555 3175 2824 3230 medicam
2877 3189 3104 3229 manum
3139 3175 3427 3230 admovere
3463 3191 3558 3230 co-

1989 3277 2268 3333 nabatur?
2293 3276 2462 3345 Cujus
2496 3276 2800 3345 argumenti
2823 3275 2928 3328 vim
2955 3287 3014 3330 ut
3041 3274 3236 3330 melius
3269 3275 3557 3344 intelligas,

1987 3374 2304 3432 Consideres
2339 3375 2521 3441 velim,
2587 3375 2640 3428 in
2674 3374 3098 3446 Quadragesima
3148 3373 3276 3428 anni
3322 3374 3422 3428 587
3460 3375 3558 3428 ho-

1989 3478 2170 3533 milias
2199 3477 2388 3548 viginti
2420 3487 2473 3532 et
2503 3490 2666 3532 unam
2699 3476 2913 3530 habitas
2954 3475 3144 3540 fuisse,
3191 3491 3314 3546 quas
3366 3477 3558 3530 etiam-

1991 3594 2121 3634 num
2156 3587 2472 3648 supersunt,
2507 3585 2743 3647 totaeque
2773 3579 2828 3630 in
2873 3575 3222 3645 deplorandis
3266 3575 3555 3630 Antioche-

1991 3681 2076 3735 nis
2101 3679 2503 3735 calamitatibus
2533 3687 2840 3742 versantur,
2877 3677 2931 3730 in
2963 3691 3264 3745 earumque
3317 3676 3556 3730 exordiis

1990 3787 2051 3832 ut
2104 3778 2403 3848 plurimum
2453 3777 2519 3832 de
2570 3774 3004 3846 praecedentibus
3068 3775 3306 3830 homiliis
3357 3777 3580 3845 agitur;

1991 3877 2380 3945 Quamobrem,
2417 3878 2464 3933 si
2503 3877 2891 3933 controversia
2948 3877 3014 3931 de
3073 3877 3243 3946 gloria
3283 3874 3556 3946 Unigeniti

1989 3990 2045 4038 et
2095 3990 2287 4038 contra
2343 3981 2642 4037 Anommos
2705 3991 2837 4036 tunc
2893 3981 3215 4048 viguissent,
3250 3991 3304 4036 et
3341 3981 3387 4036 si
3446 3980 3556 4034 haec

1991 4093 2184 4140 contra
2209 4081 2428 4137 Judaeos
2459 4090 2591 4136 tunc
2641 4082 2823 4135 habita
2861 4080 3075 4145 luisset,
3126 4082 3176 4134 id
3211 4083 3263 4134 in
3321 4081 3556 4150 quodam

1988 4185 2258 4256 prommio
2296 4184 2440 4239 haud
2476 4183 2641 4239 dubie
2673 4193 3075 4238 memoraturus
3120 4193 3256 4236 erat.
3309 4183 3388 4237 Ad
3445 4183 3556 4237 haec

1991 4302 2122 4342 vero
2155 4287 2282 4358 quis
2343 4295 2515 4356 putet,
2565 4285 2622 4340 in
2687 4286 2947 4341 extremis
3001 4286 3258 4356 periculis
3313 4294 3368 4340 et
3401 4285 3556 4338 malis

1989 4399 2244 4445 versante
2272 4389 2516 4454 civitate,
2547 4388 2997 4460 Chrysostomum
3046 4399 3234 4442 contra
3265 4385 3556 4442 Anomteus

1987 4499 2044 4547 et
2069 4490 2287 4548 Iudaeos
2315 4491 2721 4546 controversias
2762 4490 3055 4553 excitasse,
3091 4504 3211 4557 quae
3243 4489 3556 4546 auditorum

1989 4600 2044 4649 et
2071 4591 2242 4646 otium
2274 4601 2329 4646 et
2359 4592 2602 4647 sedatam
2632 4600 2866 4645 mentem
2907 4589 3277 4660 postulabant.

2059 4701 2216 4776 [586]
2249 4700 2433 4774 Longe
2465 4701 2821 4758 diﬂiciliorem
2877 4702 3039 4756 aliam
3073 4710 3255 4757 movet
3298 4701 3554 4772 quaestio-

1989 4819 2110 4860 nem
2139 4803 2546 4869 Tillemontius,
2601 4817 2724 4872 qum
2757 4817 2910 4856 suam
2964 4802 3167 4871 pariter
3197 4811 3251 4856 et
3310 4812 3552 4855 nostram

1989 4905 2317 4962 Sententiam
2350 4905 2596 4974 impetat,
2629 4918 2859 4976 quaeque
2893 4903 3214 4971 bujusmodi
3253 4913 3356 4958 est.
3385 4903 3556 4971 Hujus

1989 5006 2228 5062 homilia:
2259 5006 2448 5063 titulus
2473 5016 2575 5073 est,
2603 5007 2698 5071 Εἰς
2727 5009 2852 5070 τοὺς
2892 5005 2962 5060 τὰ
3011 5006 3203 5077 πρῶτα
3245 5006 3426 5075 πάσχει
3463 5022 3555 5074 νη-

1993 5107 2301 5171 στεύοντας,
2337 5105 2403 5161 In
2425 5123 2511 5161 eos
2537 5107 2628 5176 qui
2663 5107 2833 5175 primo
2865 5105 3073 5160 Pascha
3098 5106 3366 5174 jejunum.
3399 5103 3555 5170 Quod

1989 5218 2171 5265 autem
2209 5209 2314 5264 hoc
2345 5210 2463 5280 ipso
2492 5225 2637 5264 anno
2685 5208 2742 5276 ii,
2775 5208 2867 5276 qui
2918 5203 3230 5261 .ludaeorum
3285 5205 3554 5259 calculum

1987 5309 2042 5364 in
2074 5307 2338 5364 Paschate
2377 5311 2765 5378 sequebantur,
2801 5311 2854 5364 in
2887 5311 3008 5379 ipso
3041 5307 3309 5364 Pascbate
3333 5307 3554 5377 jejuna-

1986 5413 2327 5478 turiessent,
2375 5414 2454 5470 sic
2485 5402 2730 5468 declarat
2785 5413 3216 5484 Cbrysostomus
3267 5427 3422 5466 num.
3476 5410 3555 5465 5:

1991 5509 2126 5566 Ecce
2153 5527 2375 5584 namque
2425 5515 2627 5582 primus
2659 5515 2769 5568 dies
2819 5515 3139 5583 Azymorum
3193 5513 3285 5567 hoc
3325 5526 3463 5564 anno
3499 5509 3555 5561 in

1989 5613 2326 5672 Dominicam
2355 5614 2492 5668 diem
2543 5609 2750 5682 incidit,
2795 5625 2843 5668 et
2869 5615 3080 5668 omnino
3112 5625 3311 5668 necesse
3337 5618 3437 5676 est,
3495 5615 3555 5661 ut
