4084 6186
392 228 511 284 841⁸

398 359 504 405 tota
539 347 866 403 Itebdomada
881 349 1204 421 jejunemus,
1231 360 1280 405 st
1320 365 1437 404 eum
1494 350 1683 406 Passio
1742 360 1964 419 praeter-

395 451 539 513 ierit,
570 459 620 503 et
647 466 782 504 crux
810 452 1080 505 advenerit
1111 461 1160 505 et
1184 452 1512 516 resurrectio,
1556 468 1648 504 nos
1673 452 1845 504 adhuc
1876 451 1965 521 je-

383 546 641 616 junantes
681 563 1011 607 maneamus.
1054 550 1122 605 Et
1158 566 1510 623 saepenumero
1544 554 1689 607 istud
1741 556 1964 617 accidit,

398 665 460 708 ut
493 665 611 724 post
676 670 903 719 crucem,
961 664 1080 722 post
1139 658 1595 724 resurrectionem,
1641 658 1966 712 hebdomade

396 757 628 809 nondum
662 756 927 815 absoluta.
950 757 1214 826 jejunium
1248 760 1593 815 observemus.
1624 758 1749 813 Ilzec
1776 769 1966 815 contra

397 870 493 910 eos
528 856 820 922 dicuntur,
855 858 945 925 qui
983 860 1254 927 jejunium
1288 859 1521 915 Judaieo
1573 878 1725 916 more
1777 879 1966 917 serva-

397 956 551 1019 bant,
590 958 802 1028 quique
853 960 1148 1028 aliquando
1186 963 1239 1015 in
1283 965 1402 1031 ipso
1455 962 1965 1032 Paschate‘jejuna-

397 1058 551 1121 bant,
596 1059 821 1128 quando
875 1064 1084 1116 svilicet
1137 1062 1451 1118 Iudaeorum
1488 1064 1729 1118 calculus
1761 1062 1969 1119 Pascha

399 1162 718 1231 assignabat
752 1173 878 1232 post
906 1162 1345 1219 Christianorum
1372 1165 1598 1221 Pascha.
1638 1165 1792 1220 Tunc
1825 1166 1969 1220 enim

400 1263 701 1319 Christiani
734 1264 811 1318 illi
848 1266 940 1333 qui
974 1263 1203 1321 Iudaico
1235 1268 1337 1321 ritu
1368 1268 1637 1336 jejunium
1659 1267 1969 1332 servabant,

399 1365 497 1419 illo
533 1365 620 1419 die
649 1366 1115 1437 jejutrabantquo
1168 1356 1345 1423 ueteri
1400 1360 1704 1424 Christiani
1763 1364 1974 1423 Pascha

399 1454 765 1545 celebrarent.
814 1466 981 1536 Atqui
1046 1454 1348 1523 secundum
1397 1456 1635 1524 Tabulas
1684 1466 1973 1539 paschale!

400 1546 549 1621 anno
633 1567 735 1621 387
830 1567 1040 1624 Pascha
1086 1570 1273 1625 incidit
1308 1571 1358 1624 in
1398 1571 1471 1625 25
1516 1571 1738 1640 Aprilis,
1782 1585 1974 1640 nempe

398 1685 567 1739 quam
598 1669 909 1724 tardissime
935 1680 1110 1740 potest
1132 1686 1462 1749 occurrere;
1514 1672 1788 1742 quomodo
1844 1688 1975 1743 ergo

304 1814 319 1825 .
400 1779 661 1841 poterant
698 1771 801 1823 hoc
838 1785 983 1822 anno
1014 1768 1365 1827 Judaizantes
1406 1772 1478 1826 illi
1518 1773 1569 1825 in
1601 1770 1863 1827 Paschate
1889 1773 1973 1842 je-

397 1870 769 1940 junare,cum
832 1865 1043 1921 Pascha
1097 1865 1413 1920 Iuda-orum
1468 1876 1744 1937 nunQuam
1804 1868 1977 1937 possit

403 1973 548 2027 ultra
576 1970 647 2024 25
680 1971 887 2040 Aprilis
909 1971 1245 2024 occurrere?
1273 1970 1466 2039 Ingens
1491 1986 1622 2023 sane
1647 1969 1934 2023 dilﬁcultas
1960 1985 1973 2032 ;

399 2080 496 2135 sed
533 2094 653 2148 qum
692 2088 871 2133 tamen
901 2086 1081 2132 certas
1112 2077 1375 2147 temporis
1409 2086 1565 2131 notas
1612 2092 1639 2130 a
1674 2076 1833 2130 nobis
1885 2092 1977 2130 su-

401 2195 501 2250 pra
544 2179 752 2249 positas
782 2181 1027 2232 evertere
1054 2183 1310 2245 nequeat.
1354 2175 1487 2229 Nam
1544 2185 1723 2229 utrum
1761 2190 1975 2243 semper

399 2280 729 2334 Antiocheni
761 2279 1075 2333 invariabili
1130 2279 1247 2345 iege
1278 2275 1771 2330 Alexandrinorum
1832 2275 1974 2329 circa

400 2380 608 2434 Pascha
652 2378 868 2433 Domini
901 2380 1174 2433 calculum
1209 2378 1381 2432 secuti
1419 2378 1547 2438 sint.
1583 2378 1634 2431 id
1677 2393 1809 2431 sane
1868 2394 1976 2431 non

401 2496 578 2549 usque
600 2481 735 2535 adeo
766 2480 926 2534 nobis
990 2488 1329 2548 compertum
1357 2488 1483 2534 est:
1539 2486 1701 2546 atque
1764 2476 1977 2531 etiamsi

401 2599 622 2652 semper
650 2583 823 2637 secuti
857 2582 1002 2645 sint,
1054 2597 1123 2635 an
1175 2580 1445 2634 aliirmare
1494 2594 1785 2648 possumus
1826 2593 1979 2631 nun-

401 2701 567 2751 quam
605 2699 847 2739 errorem
901 2684 955 2737 in
997 2683 1210 2738 calculo
1246 2681 1629 2736 intercidisse?
1682 2678 1839 2733 Certe
1893 2677 1978 2731 la-

404 2795 589 2839 tentur
678 2784 781 2837 viri
845 2784 1186 2838 calculorum
1244 2783 1585 2852 paschalium
1657 2779 1979 2850 peritissimi

402 2901 648 2940 errorem
686 2886 959 2940 interdum
993 2885 1044 2937 in
1103 2885 1331 2939 calculis
1386 2884 1701 2954 hujusmodi
1757 2884 1979 2939 conlin-

404 3002 555 3057 (ιρι-θ,
594 3002 693 3040 nec
728 2986 913 3040 multis
957 2985 1158 3039 abhinc
1218 2984 1381 3039 annis
1431 2983 1749 3053 contigisse,
1805 2998 1983 3051 neque

402 3092 583 3139 tntum
615 3099 833 3154 semper
868 3100 990 3139 esse
1018 3095 1179 3139 notas
1210 3085 1493 3153 paschales
1522 3085 1647 3140 aliis
1674 3095 1981 3153 temporum

404 3188 550 3239 notis
580 3194 928 3254 anteponere.
964 3184 1109 3238 Sane
1143 3194 1293 3238 tanta
1337 3185 1553 3238 videtur
1605 3199 1795 3238 eorum
1818 3225 1831 3248 ,
1863 3194 1984 3253 quae

405 3306 568 3357 supra
598 3289 863 3356 diximus,
901 3288 1153 3351 ﬁrmitas,
1190 3289 1448 3357 utpotius
1485 3304 1549 3343 ex
1579 3288 1987 3358 computatione

406 3399 594 3443 nostra
626 3396 817 3441 contra
847 3386 1117 3441 calculum
1148 3385 1459 3455 paschalem
1492 3385 1785 3455 ejusmodi,
1820 3401 1984 3455 quam

407 3506 473 3545 ex
505 3492 719 3546 calculo
752 3490 996 3562 paschali
1020 3498 1213 3545 contra
1243 3489 1707 3557 computationem
1737 3497 1982 3544 nostram

406 3596 588 3651 liceat.

485 3712 609 3767 Haec
642 3712 710 3767 de
744 3709 922 3765 tribus
949 3707 1227 3779 prioribus
1257 3718 1447 3762 contra
1479 3705 1697 3761 Judaeos
1723 3706 1982 3761 homiliis.

406 3814 664 3884 Quinque
726 3828 858 3867 vero
913 3820 1206 3881 sequentes
1277 3810 1371 3864 diu
1431 3818 1555 3880 post
1611 3808 1984 3865 intermissam

406 3916 647 3985 priorem
680 3912 947 3967 adversus
986 3912 1206 3966 eosdem
1251 3910 1714 3965 Concertationcm
1773 3910 1988 3965 habitas

410 4015 584 4071 fuisse
618 4013 933 4069 subindicat
973 4013 1089 4083 ipse
1128 4011 1557 4082 Chrysostomus
1593 4011 1748 4066 initio
1779 4018 1988 4081 quarm

408 4114 496 4171 his
525 4114 747 4168 verbis:
787 4112 993 4167 Rursus
1036 4111 1270 4181 infelices
1308 4111 1390 4164 illi
1432 4112 1838 4182 mortaliumque
1873 4129 1986 4166 om-

407 4218 557 4271 nium
618 4216 903 4269 miserrimi
971 4215 1152 4269 Jutltei
1199 4216 1500 4285 jejunaturi
1566 4226 1735 4269 sunt:
1800 4234 1983 4270 rursus

408 4319 615 4376 Christi
646 4337 853 4391 gregem
901 4321 1205 4374 muniamus
1254 4337 1458 4373 necesse
1495 4330 1595 4375 est.
1656 4318 1759 4374 Sed
1802 4331 1986 4389 aperte

409 4420 659 4476 declarat
689 4421 913 4476 homilia
939 4429 1089 4477 sexta
1126 4436 1277 4476 num.
1312 4420 1384 4476 6:
1421 4420 1561 4487 Quid
1590 4430 1765 4474 autem
1799 4419 1986 4490 loquor

1420 226 1788 285 ADVERSUS
1824 226 2138 285 JUDIEOS.
2175 258 2245 272 --
2276 228 2619 287 HONITUM.

3519 233 3647 309 etsi

2069 348 2134 401 de
2167 349 2503 418 prtedonibus
2531 352 2557 404 .’
2604 349 2859 419 Profecto
2898 351 3046 405 scitis
3079 368 3256 406 omnes
3298 368 3357 404 ac
3411 354 3644 416 memini,

2071 453 2285 522 quando
2310 454 2451 523 apud
2484 471 2578 509 nos
2617 456 2861 509 scelerati
2884 454 3101 526 quidam
3148 463 3197 509 et
3229 456 3642 524 pr'wstigiatores

2071 560 2279 607 statuas
2309 556 2566 624 principis
2590 553 2911 625 dejecerunt,
2942 571 3044 626 quo
3080 566 3234 625 pacto
3260 571 3361 608 non
3407 554 3488 607 illi
3522 566 3646 608 (απ--

2073 664 2182 706 tum
2210 656 2302 725 qui
2354 656 2561 724 facinus
2586 659 2705 711 ausi
2756 658 2990 727 fuerant,
3026 658 3116 711 sed
3157 666 3409 728 quotquot
3448 657 3647 725 simpli-

2074 757 2204 809 citer
2236 768 2525 826 prasentes
2561 762 2823 828 conspecti
2856 771 3027 825 erant,
3058 764 3308 831 quoniam
3338 759 3649 814 videbuntur

2075 855 2184 910 illis
2233 859 2502 920 assentiri,
2563 859 2618 911 in
2667 859 2929 926 judicium
2971 861 3171 929 abrepti
3232 858 3494 927 simulque
3527 873 3648 910 cum

2072 958 2184 1011 illis
2212 957 2426 1011 abduCti
2465 969 2697 1013 extremo
2724 962 2981 1030 supplicio
3010 964 3113 1016 sint
3166 961 3363 1030 a/fccti.
3398 958 3497 1013 llic
3536 974 3649 1013 mc-

2078 1070 2343 1116 moratam
2376 1060 2627 1114 videmus
2654 1062 2801 1115 illam
2829 1063 3173 1131 tragoediam,
3203 1078 3323 1131 qua:
3348 1077 3445 1131 per
3477 1070 3645 1114 totam

2079 1163 2565 1232 Quadragesimam
2607 1163 2736 1215 anni
2798 1162 2902 1215 587
2964 1164 3256 1217 occasione
3314 1163 3649 1232 dl‘jCi‘lal‘Uln

2080 1272 2387 1320 statuarum
2416 1264 2724 1319 Antiochia:
2753 1267 2996 1320 exhibita
3028 1278 3131 1332 est,
3158 1267 3224 1321 de
3254 1282 3358 1336 qua
3401 1266 3653 1335 plurilms

2082 1366 2238 1419 initio
2278 1365 2409 1419 terni
2473 1365 2773 1436 sequentis.
2814 1364 2938 1421 llaec
2994 1380 3158 1436 porro
3217 1380 3369 1422 sexta
3428 1368 3650 1422 humilia

2082 1462 2266 1522 habita
2312 1460 2413 1523 luit
2453 1470 2572 1541 ipso
2617 1468 2813 1541 jejunii
2864 1460 3178 1527 iudicarunt
3234 1472 3343 1537 die,
3409 1481 3471 1527 ut
3538 1474 3655 1542 ipse

2082 1569 2511 1639 Chrysostomus
2550 1572 2683 1626 dicit
2712 1574 2763 1626 in
2802 1573 2906 1627 line
2937 1592 2950 1629 :
2984 1582 3178 1643 quarta
3210 1573 3397 1627 decem
3439 1574 3653 1628 circiter

2081 1667 2275 1724 diebus
2307 1679 2433 1725 ante
2477 1671 2791 1741 jejunium:
2830 1675 3023 1743 quinta
3077 1675 3417 1739 intermedio,
3479 1689 3535 1729 ut
3587 1691 3651 1728 et

2082 1770 2330 1824 ordiendi
2359 1773 2523 1826 modo
2555 1773 2745 1842 liquet,
2771 1782 3055 1842 tempore:
3104 1776 3356 1844 septima,
3417 1776 3652 1828 nomium

2083 1870 2334 1925 abSOIuto
2386 1870 2698 1927 Jndzeorum
2743 1872 2921 1927 festo:
2965 1883 3156 1929 octava
3217 1885 3341 1945 post
3385 1876 3653 1945 jejunium

2082 1979 2136 2023 et
2160 1968 2396 2034 festum;
2434 1970 2506 2023 ita
2541 1979 2601 2023 ut
2629 1984 2695 2023 ex
2725 1969 3103 2041 Chrysostomi
3141 1973 3319 2027 verbis
3365 1973 3509 2028 clare
3545 1977 3658 2027 col-

2080 2066 2284 2137 ligatur
2324 2085 2446 2122 eum
2491 2070 2703 2135 minus,
2744 2086 2908 2139 quam
2968 2072 3156 2142 viginti
3207 2073 3415 2126 dierum
3458 2074 3655 2141 Spatia,

2080 2169 2327 2236 quinque
2354 2177 2658 2236 postremas
2686 2178 2877 2223 contra
2917 2166 3135 2224 Iudaeos
3166 2169 3417 2223 homilias
3468 2172 3658 2226 absol-

2084 2270 2248 2322 visse.
2286 2265 2397 2349 "ac
2422 2269 2491 2323 de
2540 2284 2601 2323 re
2635 2268 2927 2324 ditiicultas
2964 2270 3108 2324 nulla
3152 2272 3388 2327 suboriri
3455 2285 3655 2343 potest.

2087 2366 2281 2423 Utrum
2315 2380 2492 2423 autem
2526 2385 2671 2424 anno
2698 2370 2825 2435 587,
2856 2371 3045 2424 eodem
3086 2373 3653 2443 recurrenlejrjunio,

2085 2471 2246 2541 cujus
2282 2487 2451 2527 causa
2511 2481 2619 2526 tres
2671 2472 2883 2543 priores
2926 2472 3182 2526 homilias
3223 2487 3370 2526 anno
3407 2475 3659 2543 proximo

2087 2573 2374 2638 habuerat,
2411 2574 2508 2629 has
2553 2574 2796 2643 quinque
2860 2575 3154 2630 conciones
3189 2576 3519 2645 instituerit,
3554 2579 3658 2633 etsi

2080 2689 2195 2750 non
2229 2674 2453 2745 perinde
2483 2660 2691 2728 certum
2735 2674 3002 2739 videatur,
3040 2677 3266 2730 omnino
3315 2686 3494 2732 tamen
3537 2695 3662 2749 pro-

2089 2776 2269 2829 babile
2296 2785 2378 2829 est
2405 2794 2417 2829 :
2450 2777 2501 2829 in
2533 2777 2726 2829 harmn
2760 2777 2958 2846 quippe
3010 2778 3358 2833 homiliarmn
3425 2782 3658 2839 decursu

2089 2884 2394 2945 martyrum
2426 2875 2722 2929 memorias
2765 2890 3057 2931 occurrere
3097 2880 3229 2934 dicit
3280 2891 3504 2938 sanctus
3563 2886 3661 2938 do-

2092 2984 2231 3039 ctor,
2265 2976 2729 3045 quemadmodum
2754 2988 2805 3029 et
2846 2978 2898 3029 in
2934 2978 3209 3046 prioribus
3241 2980 3347 3035 illis
3378 2983 3661 3037 concinni-

2084 3080 2187 3135 bus
2211 3082 2337 3134 anni
2372 3080 2507 3142 586,
2541 3097 2681 3151 quas
2731 3098 2917 3135 mense
2947 3083 3165 3138 circiter
3220 3084 3523 3151 Septembri
3562 3086 3663 3140 ha-

2090 3181 2277 3234 buisse
2332 3198 2389 3236 se
2446 3182 2788 3235 tesdlicatur.
2846 3180 3181 3252 Videturque
3236 3183 3662 3255 Chrysostomus

2085 3281 2377 3336 Judaicum
2440 3282 2735 3347 morbum,
2804 3282 3243 3339 Christianorum
3296 3287 3659 3354 quorumdam

2088 3384 2288 3438 animis
2326 3384 2503 3438 adhuc
2526 3389 2844 3447 luerentem,
2875 3386 2961 3438 cui
3003 3386 3266 3440 medicam
3304 3403 3469 3441 manu
3516 3403 3663 3444 anno

2085 3485 2191 3540 386
2222 3484 2557 3549 admoverat,
2581 3500 2723 3541 anno
2752 3485 2916 3539 etiam
2950 3486 3258 3556 insequenti
3304 3489 3524 3557 penitus
3560 3505 3657 3543 cu.-

2088 3602 2211 3643 rare
2247 3588 2510 3649 voluisse,
2535 3589 2822 3657 ipsumque
2851 3588 3092 3643 homiliae
3114 3598 3324 3658 quartas.
3353 3591 3660 3654 exordium,

2089 3690 2291 3744 Rursus
2346 3690 2858 3761 Juda’ijejunaturi
2914 3704 3057 3757 sunt,
3118 3694 3363 3747 eamdem
3420 3693 3663 3763 proximo

2086 3798 2463 3851 recurrentem
2524 3795 2649 3849 anni
2699 3803 3079 3865 tempestatem
3150 3810 3379 3866 prorsus
3437 3795 3649 3866 signili-‘

2089 3915 2213 3955 care
2245 3899 2480 3954 videtur.

2162 4013 2677 4083 lnterpretationcm
2715 4012 2965 4067 Latinam
3008 4013 3201 4082 prima:
3232 4011 3472 4066 homiliae
3502 4012 3663 4066 ador-

2091 4116 2245 4170 navit
2278 4114 2447 4168 David
2484 4112 2854 4178 Hazschelius,
2883 4112 3138 4169 secundae
3168 4124 3221 4167 et
3268 4113 3440 4166 tertiae
3489 4112 3665 4165 homi-

2093 4217 2178 4271 lia:
2204 4216 2407 4271 Fronto
2443 4215 2687 4282 Ducznus,
2712 4217 2953 4285 quinque
2982 4218 3344 4285 posteriorum
3380 4212 3659 4277 Erasmus,

2092 4332 2233 4388 quas
2258 4319 2739 4388 interpretationes
2764 4317 2975 4386 aliquot
3008 4316 3060 4370 in
3102 4316 3239 4372 locis
3277 4317 3593 4370 emendatas
3632 4329 3664 4367 ιι

2094 4416 2335 4491 regione
2355 4419 2527 4476 Graeci
2559 4428 2739 4476 textus
2771 4419 3075 4489 posuimus.
