4084 6186
433 257 540 314 865

1108 249 1170 306 S.
1203 247 1483 307 JOANNIS
1520 245 2008 306 CHRYSOSTOMI
2043 245 2360 304 ARCHIEP.
2394 241 2935 303 CONSTANTINOP.

3565 237 3743 297 ω-

449 540 3652 586 W

1293 893 1752 997 .SANCTI
1847 890 2268 981 PATRIS
2356 886 2793 983 NOSTBI

434 1301 1554 1518 JOANNIS
1660 1294 3664 1614 CHRYSOSTOMI,

1265 1793 1869 1888 ARCHIEPISCOPI
1938 1815 2890 1886 CONSTANTINOPOLITANI

743 2181 1583 2321 ADVERSUS
1673 2122 2311 2311 Jun/eos
2406 2171 3353 2308 ORATIONES.

1016 3101 1211 3143 οιιλτιο
1248 3100 1426 3139 PRIMA.

519 3227 570 3278 1.
599 3223 747 3291 Qnod
781 3224 1038 3292 reliquum
1067 3230 1182 3276 erat
1207 3221 1442 3274 materia:
1463 3259 1476 3284 ,
1505 3217 1571 3273 de
1599 3230 1701 3287 qua
1733 3229 1900 3283 nuper
1929 3227 2026 3267 vo-

445 3316 527 3370 bis
555 3316 780 3370 disserui
806 3358 819 3379 ,
854 3314 1020 3368 Deum
1045 3311 1403 3381 comprehendi
1431 3327 1529 3364 non
1562 3324 1705 3378 posse
1731 3324 1750 3362 :
1779 3306 1830 3361 id
1865 3306 2023 3360 hodie

443 3405 720 3461 absolvere
745 3413 799 3459 ct
824 3404 1103 3458 dilucidius
1129 3403 1321 3456 docere
1343 3400 1607 3455 volebam.
1635 3398 1706 3452 De
1727 3397 1827 3452 hoc
1844 3397 1981 3452 enim
2003 3438 2019 3464 ,

375 3529 380 3532 -
447 3501 712 3565 prmterita
750 3496 835 3549 die
874 3495 1136 3548 dominica
1166 3535 1181 3560 ,
1219 3502 1421 3546 tantum
1453 3491 1736 3545 verborum
1766 3531 1781 3557 ,
1811 3497 2024 3558 tamque

445 3586 663 3653 copiose
707 3585 960 3644 iecimus.
1005 3583 1272 3652 productis
1318 3581 1544 3645 llesaia,
1584 3579 1818 3645 Davide,
1864 3589 2023 3648 atque

447 3676 610 3729 l‘aulo
641 3674 881 3728 testibus.
913 3673 1044 3727 Nam
1069 3674 1175 3735 ille,
1207 3671 1588 3726 Generationem
1617 3670 1728 3740 ejus
1753 3669 1864 3738 quis
1883 3684 2026 3722 enar-

446 3766 575 3820 rnbit
605 3763 808 3832 (Hesai.
850 3765 936 3819 55.
969 3763 1025 3835 8)
1058 3765 1080 3816 ’ἰ
1123 3762 1418 3827 clamabat;
1458 3761 1546 3815 hic
1588 3760 1730 3830 quod
1777 3773 2022 3828 compre-

451 3857 607 3912 hendi
641 3873 742 3909 non
772 3868 965 3926 posset,
998 3856 1194 3923 gratias
1224 3853 1322 3924 ipsi
1347 3867 1509 3923 agens
1531 3893 1547 3920 ,
1578 3850 1861 3921 Conﬁtebor
1901 3851 2022 3916 tibi,

447 3949 694 4013 dicebat,
744 3949 861 4017 quia
904 3946 1189 4000 terribiliter
1232 3944 1586 4014 magniﬁcatus
1627 3937 1678 3996 es
1718 3957 1737 3996 :
1777 3940 2029 3994 mirabilia

446 4058 600 4112 opera
621 4049 707 4092 tua
738 4039 919 4109 (Psal.
945 4037 1065 4092 158.
1097 4039 1162 4091 Η
1184 4036 1224 4107 ).
1257 4035 1325 4089 Ει
1352 4048 1584 4099 rursum,
1616 4032 1866 4086 Mirabilis
1892 4033 2029 4102 facta

445 4143 518 4185 est
543 4132 750 4184 scientia
776 4141 861 4183 tua
889 4147 950 4183 ea:
978 4146 1056 4183 me
1067 4146 1086 4194 ;
1117 4132 1400 4199 confortata
1424 4136 1528 4192 est,
1557 4134 1605 4179 et
1629 4141 1728 4179 non
1764 4133 1937 4194 potero
1963 4122 2034 4189 ad

445 4239 555 4276 eam
594 4222 611 4292 (
634 4221 766 4274 llud.
794 4238 841 4274 υ.
870 4221 902 4275 6
923 4224 960 4288 ).
992 4221 1059 4272 At
1085 4218 1277 4272 Paulus
1303 4233 1408 4272 non
1435 4215 1502 4271 ad
1528 4217 1697 4284 ipsam
1726 4214 1818 4269 Dei
1846 4228 2028 4269 essen-

449 4319 573 4370 tiam
603 4315 936 4383 respiciebat,
960 4313 1050 4367 scd
1080 4313 1144 4365 ad
1173 4313 1289 4381 ejus
1311 4311 1587 4366 dumtaxat
1612 4306 2026 4378 providentiam:

445 4408 572 4476 quin
605 4407 762 4474 hujus
791 4406 948 4458 etiam
979 4405 1235 4476 particula
1281 4402 1452 4457 solum
1478 4441 1494 4466 ,
1526 4414 1684 4470 quam
1710 4399 1762 4453 in
1794 4398 2028 4468 gentium

448 4496 725 4550 vocatione
766 4496 1212 4559 demonstrasset,
1245 4502 1524 4563 percepta,
1551 4489 1713 4546 veluti
1741 4498 1946 4544 vastum
1975 4495 2031 4541 et

448 4591 769 4643 immensum
797 4603 942 4640 inure
967 4587 1322 4654 conspicatus,
1347 4585 1425 4638 sic
1448 4580 1812 4637 exclamabat:
1844 4579 1888 4634 0
1909 4578 2028 4632 alti-

447 4680 569 4733 tudo
599 4679 884 4731 diuitiarum
926 4687 972 4730 et
1007 4678 1262 4747 sapientia
1289 4685 1331 4728 et
1361 4675 1574 4729 scientia;
1605 4673 1693 4727 Dei
1720 4673 1740 4727 !
1767 4689 1919 4744 quam
1945 4672 2026 4726 in-

444 4769 738 4824 scrutabilia
774 4777 887 4823 sunt
916 4767 1114 4838 judicia
1157 4768 1262 4837 ejus
1282 4806 1297 4831 ,
1329 4774 1375 4820 et
1411 4763 1774 4834 investigabiles
1802 4764 1894 4818 uia:
1922 4762 2031 4833 ejus

446 4866 464 4933 (
493 4863 639 4916 liam.
668 4863 755 4919 Η.
779 4862 848 4916 55
873 4862 914 4930 >.
941 4862 1113 4930 Atque
1141 4858 1242 4914 hoc
1267 4859 1396 4912 satis
1420 4855 1886 4912 demonstrationis
1911 4869 2030 4910 esse

445 4963 656 5026 poterat
697 4969 712 5005 :
752 4967 851 5022 ego
881 4965 1006 5004 tero
1043 4965 1148 5003 non
1183 4947 1554 5017 prOphetarum
1592 4945 1909 5000 testimoniis
1954 4943 2026 4998 fui

443 5055 728 5103 contentus
747 5087 761 5110 ,
791 5059 896 5099 non
927 5044 980 5097 in
1009 5041 1317 5111 apostolicis
1342 5039 1551 5093 substiti
1583 5053 1597 5102 ;
1637 5038 1730 5092 sed
1762 5027 1818 5090 in.
1842 5036 2028 5092 czelum

443 5137 660 5195 ascendi
679 5178 695 5202 ,
721 5136 943 5191 chorum
978 5133 1287 5204 angelorum
1316 5130 1467 5185 vobis
1495 5128 1807 5194 monstravi,
1835 5128 1922 5197 qni
1950 5125 2031 5180 di-

443 5242 623 5288 ceret:
655 5231 831 5285 Gloria
858 5230 910 5282 in
936 5227 1195 5282 altissimis
1222 5224 1328 5278 Deo
1345 5266 1359 5289 ,
1389 5232 1435 5276 et
1458 5224 1510 5275 in
1540 5231 1672 5274 terra
1695 5236 1796 5290 pax
1817 5262 1831 5286 ,
1860 5221 1910 5272 in
1933 5219 2027 5272 Ito-

445 5325 659 5377 minibus
697 5321 1058 5390 beneplacilum
1097 5317 1258 5390 (Luc.
1299 5317 1353 5370 2.
1387 5313 1513 5385 14)..
1559 5313 1818 5368 Audiistis
1861 5311 2027 5365 Scra-

447 5415 590 5482 pbim
621 5427 804 5467 rursus
829 5427 949 5466 cum
978 5422 1194 5479 stupore
1222 5416 1277 5462 et
1303 5407 1524 5460 horrore
1547 5403 1854 5467 clamitare,
1890 5402 2030 5456 San-

446 5516 554 5557 ctus
573 5545 587 5566 ,
613 5515 844 5566 sanctus,
885 5512 1087 5554 sanctus
1126 5499 1372 5553 Dominus
1398 5497 1701 5552 exercituum
1731 5511 1748 5550 :
1775 5497 1926 5563 plena
1955 5504 2028 5548 est

513 5599 527 5626 ι
566 5601 612 5642 ιιι
637 5608 723 5642 sex
761 5592 984 5642 ttomilias
1022 5601 1186 5642 contra
1212 5590 1403 5640 .tudzcos
1434 5591 1641 5640 vidimus
1675 5587 1816 5636 Codd.
1860 5589 2033 5642 Regios

513 5601 527 5626 ι
566 5601 612 5642 in
637 5608 723 5642 sex
761 5601 984 5642 l-lmnilias
1022 5601 1186 5642 contra
1212 5601 1403 5640 .Iudtcos
1434 5601 1641 5640 vtatmus
1675 5601 1816 5636 (ξορα.
1861 5601 1924 5635 Ite
1961 5601 2030 5635 IOS

450 5654 1242 5724 i§lQ,_i_Q§0._ii2§5.1§?3,
1275 5652 1427 5702 2900:
1453 5651 1584 5702 Colb.
1624 5650 1736 5712 247,
1767 5649 1887 5712 248,
1919 5601 2030 5710 ἕω,

446 5718 560 5781 629,
583 5718 721 5777 sese,
748 5716 864 5763 me:
895 5728 906 5763 :
933 5717 1073 5765 uoisl.
1092 5712 1200 5763 262.

2133 3064 2294 3118 omnis
2317 3071 2448 3116 terra
2472 3063 2634 3133 gloria
2661 3062 2768 3133 ejus
2789 3060 2990 3132 (Hesai.
3018 3059 3070 3115 6.
3099 3057 3175 3129 5).
3207 3058 3396 3114 Addidi
3423 3068 3477 3114 et
3506 3059 3712 3115 Cheru-

2133 3153 2242 3206 bim
2279 3153 2604 3215 clamantes,
2643 3151 2915 3206 Benedicta
2938 3151 3098 3222 gloria
3126 3149 3330 3203 Domini
3365 3151 3427 3203 de
3465 3150 3578 3205 loco
3611 3153 3717 3220 ejus

2137 3241 2358 3313 (Ezeclt.
2388 3237 2568 3309 3.12).
2591 3233 2797 3292 Tresin
2836 3241 3012 3301 terris.
3035 3238 3254 3293 totidem
3280 3239 3330 3292 in
3353 3239 3496 3293 cmlis
3524 3249 3713 3306 testes,

2132 3335 2198 3388 ad
2227 3335 2314 3389 Dei
2346 3333 2678 3404 maiestatem
2705 3333 2971 3403 perveniri
2999 3330 3137 3385 haud
3167 3345 3322 3399 posse
3347 3331 3715 3386 ostenderant.

2133 3425 2361 3480 Proinde
2383 3432 2526 3480 certa
2557 3439 2748 3493 magno
2775 3438 2896 3477 cum
2923 3421 3177 3491 applausu
3207 3421 3366 3474 (iebat
3389 3421 3724 3476 demonstra-

2132 3517 2241 3581 tio;
2273 3515 2538 3570 theatrum
2562 3513 2955 3568 incalescebat:
2984 3521 3153 3567 coetus
3181 3511 3482 3566 auditorum
3509 3511 3718 3564 inﬂam-

2133 3605 2396 3659 mabatur.
2428 3604 2609 3674 Neque
2638 3618 2766 3658 vero
2794 3617 2892 3672 ego
2929 3617 3014 3656 me
3043 3601 3244 3654 laudari
3271 3601 3596 3666 gaudebam,
3626 3600 3716 3654 sed

2133 3695 2415 3750 Dominum
2462 3707 2637 3749 meum
2678 3691 2922 3747 laudibus
2945 3690 3224 3746 cumulari.
3259 3689 3388 3744 Nam
3432 3690 3719 3760 applausus

2133 3794 2293 3855 atque
2330 3785 2446 3839 laus
2481 3785 2581 3838 ista
2611 3783 2910 3837 animorum
2939 3789 3235 3836 vestrorum
3273 3781 3326 3834 in
3364 3780 3531 3834 Deum
3565 3795 3714 3834 anto—

2138 3891 2252 3931 rem
2279 3873 2792 3931 commonstrabant.
2819 3871 2888 3926 Et
2911 3869 3360 3941 quemadmodum
3400 3871 3537 3925 servi
3568 3913 3584 3935 ,
3626 3870 3718 3924 bc-

2133 3984 2250 4023 rum
2278 3967 2486 4022 sincere
2505 3973 2768 4031 amantes,
2791 3965 2931 4018 hunc
2952 3963 3154 4018 laudari
3177 3963 3220 4016 si
3245 3963 3480 4024 audiant,
3499 3963 3720 4034 ﬂagrant

2135 4058 2401 4115 desiderio
2428 4057 2542 4126 ejus
2562 4057 2649 4126 qui
2679 4055 2952 4125 praedicat,
2981 4054 3102 4125 quia
3132 4054 3244 4108 beri
3280 4068 3464 4108 amore
3489 4055 3716 4109 ardent:

2134 4150 2199 4205 ad
2229 4148 2472 4205 eumdem
2502 4147 2662 4202 etiam
2689 4146 2903 4200 modum
2932 4159 3025 4199 vos
3046 4145 3276 4198 maximo
3307 4151 3433 4198 tunc
3455 4139 3710 4212 a'pplausn

2133 4257 2371 4298 amorem
2401 4255 2522 4310 erga
2548 4240 2827 4294 Dominum
2852 4237 2978 4292 satis
2999 4236 3331 4291 declarastis.
3349 4233 3608 4289 Volebam
3635 4233 3717 4303 igi-

2135 4341 2222 4387 tur
2240 4341 2294 4386 et
2313 4329 2470 4385 hodie
2496 4330 2547 4384 in
2571 4337 2840 4384 certamen
2859 4326 2988 4380 illud
3013 4323 3356 4379 descendere.
3391 4323 3522 4377 Nam
3554 4325 3598 4378 si
3624 4337 3714 4376 ve-

2133 4423 2306 4480 ritatis
2337 4423 2516 4477 hostes
2541 4420 2686 4474 nulla
2712 4419 2852 4488 capit
2887 4417 3104 4472 satietas
3135 4413 3500 4470 conviciorum
3543 4417 3597 4468 in
3627 4415 3711 4468 be-

2135 4516 2361 4571 neﬁcum
2386 4532 2400 4567 :
2430 4516 2598 4568 multo
2620 4512 2790 4581 magis
2813 4525 2909 4564 nos
2932 4507 3238 4578 inexplebili
3262 4506 3555 4576 cupiditate
3583 4506 3716 4559 cclc-

2134 4607 2320 4664 brandi
2349 4607 2514 4660 Deum
2539 4603 2905 4658 universorum
2934 4598 3123 4653 ardere
3147 4598 3318 4652 decet.
3353 4595 3457 4650 Sed
3486 4597 3611 4665 quid
3640 4594 3714 4648 fa-

2125 4698 2272 4762 ,ciam
2295 4697 2319 4750 ?
2347 4695 2496 4750 Alius
2515 4692 2858 4765 gravissimus
2878 4689 3096 4744 morbus
3117 4689 3310 4758 lingua:
3333 4697 3527 4741 nostrae
3556 4683 3715 4740 medi-

2132 4790 2310 4845 cinam
2334 4787 2558 4856 ﬂagitat,
2587 4783 2805 4838 morbus
2831 4782 2885 4836 in
2906 4779 3159 4835 Ecclesia:
3176 4791 3403 4847 corpore
3433 4777 3639 4830 insitus.
3671 4773 3713 4826 Is

2134 4882 2283 4951 prius
2311 4887 2394 4933 est
2430 4875 2740 4940 tollendus;
2777 4872 2899 4927 dein
2933 4879 3237 4926 exterarum
3276 4881 3400 4922 cura
3442 4864 3709 4934 gerenda:

2136 4972 2281 5042 prius
2304 4968 2741 5032 domesticorum,
2769 4974 2952 5034 postea
2975 4970 3350 5016 extraneorum
3378 4956 3616 5010 habenda
3639 4959 3715 5006 est

2141 5064 2300 5119 ratio.

2213 5151 2487 5208 Christiani
2506 5149 2718 5220 quidam
2741 5143 3037 5199 Antias/teni
3061 5142 3358 5196 Judazorum
3395 5138 3532 5210 [estis
3559 5137 3708 5188 inter-

2135 5252 2361 5298 erant.-—
2373 5241 2597 5309 Quinam
2615 5245 2697 5293 est
2732 5236 2946 5291 morbus
2963 5233 3103 5289 iste?
3133 5229 3608 5286 Feria'Judarorum
3627 5224 3713 5277 ini-

2135 5348 2376 5388 serorum
2407 5339 2565 5399 atque
2594 5340 3015 5383 mrumnosorum
3059 5322 3323 5377 continuae
3343 5330 3395 5374 et
3418 5318 3709 5384 frequentes

2137 5428 2366 5481 instant:
2391 5423 2575 5487 Tubze,
2604 5417 2948 5488 Scenopegiaa
2969 5454 2985 5481 ,
3009 5413 3213 5484 Jejunia
3238 5429 3251 5464 :
3280 5421 3334 5466 et
3367 5407 3514 5464 multi
3543 5402 3704 5458 nostri

2137 5517 2360 5581 ordinis,
2387 5514 2479 5585 qui
2505 5527 2564 5567 se
2593 5511 2865 5566 nobiscum
2905 5508 3102 5562 sentire
3131 5505 3333 5566 dicunt,
3373 5499 3560 5571 partim
3591 5508 3706 5563 spo-

2141 5617 2341 5662 ctatum
2387 5606 2507 5660 illas
2545 5602 2702 5657 ferias
2745 5599 3029 5672 prodeunt,
3070 5597 3263 5667 partim
3288 5593 3445 5649 etiam
3481 5602 3580 5643 una
3623 5598 3708 5637 ce-

2139 5699 2369 5766 lebrant,
2397 5711 2498 5753 una
2522 5695 2766 5766 jejunant
2795 5711 2810 5748 :
2845 5706 3002 5764 quam
3034 5702 3246 5761 pravam
3284 5677 3707 5741 consuetudinem
