4084 6186
392 296 494 354 8ίὸ

1618 296 1986 353 Αυνίῆῐίδυὸ
2022 296 2327 354 ΙυῡέΕοὸ.
2351 298 2398 353 Ι.

3549 296 3656 353 εμ

392 582 3656 624 W

1182 961 1414 1049 ΤΟΥ
1449 962 1598 1051 ΕΝ
1633 959 2001 1050 ΑΓΙΟΙΣ
2078 963 2517 1053 ΠΑΤΡοΣ
2583 963 2917 1056 ΗΜΩΝ

1429 1252 2631 1537 ΙΩΑΝΝΟΥ

1115 1740 1844 1797 ΔΡΧῙΕΠΙΣΚΟΠΟΥ
1915 1740 2954 1797 ΚΩΝΣΤΑΝΤῙΝΟΥΠΟΛΕΩΣ

1591 2104 1758 2156 ΤΟΥ
1819 2102 2506 2160 ΧΡΥΣΟΣΤΟΜΟΥ

1079 2439 1575 2561 ΛΟΓΟΙ
1650 2433 2068 2560 ΚΑΤΑ
2133 2444 2862 2564 ΙΟΥΔΑΙΩΝ
2901 2445 2967 2560 ⁸.

821 3145 975 3220 [587]
1025 3148 1216 3219 Λόγος
1259 3149 1516 3217 πρῶτος.

461 3236 530 3284 α’.
572 3228 902 3301 Ἐϐουλόμην
925 3231 1053 3300 ὑμῖν
1075 3231 1454 3286 ἀποδοῦναιτά
1475 3233 1702 3304 λείψανα
1728 3235 1966 3306 σήμερον

385 3312 492 3383 τῆς
525 3313 850 3376 ὑποθέσεως,
888 3315 1014 3383 περὶ
1048 3309 1116 3385 ἦς
1154 3315 1249 3368 καὶ
1280 3313 1472 3386 πρώην
1502 3318 1630 3387 ὑμῖν
1662 3317 1962 3388 διελέχθην,

386 3397 484 3449 καὶ
512 3395 681 3462 δεῖξαι
716 3396 1048 3468 σαφέστερον
1068 3436 1082 3460 ,
1117 3395 1242 3463 πῶς
1282 3398 1708 3468 ἀκατάληπτός
1735 3399 1906 3453 ἐστιν
1933 3401 1967 3453 ό

387 3480 560 3543 Θεός.
580 3479 715 3549 Περὶ
737 3479 846 3550 γὰρ
878 3479 1068 3532 τούτου
1094 3482 1160 3550 τῇ
1190 3480 1537 3553 παρελθούσῃ
1563 3483 1816 3553 κυριακῇ
1838 3481 1966 3543 τοὺς

385 3561 618 3625 πολλοὺς
645 3561 886 3625 ἐκείνους
915 3562 1012 3615 καὶ
1048 3563 1295 3633 μακροὺς
1330 3564 1704 3636 ἐποιησάμεθα
1736 3564 1964 3633 λόγους,

384 3646 477 3699 ὅτε
509 3645 604 3698 καὶ
640 3645 924 3716 μάρτυρας
956 3646 1353 3717 παρηγάγομεν
1385 3648 1474 3700 τόν
1501 3665 1562 3701 τε
1605 3648 1830 3702 Ἡσαΐαν
1872 3647 1967 3701 καὶ

386 3729 482 3782 τὸν
510 3727 670 3781 Δαυῒδ
697 3729 790 3780 καὶ
814 3729 906 3780 τὸν
932 3728 1164 3784 Παῦλον.
1204 3729 1263 3782 '0
1295 3729 1393 3801 μὲν
1415 3730 1523 3800 γὰρ
1549 3731 1698 3794 ἐϐόα,
1733 3730 1850 3799 Τὴν
1874 3749 1968 3801 γε·

384 3811 536 3866 νεὰν
571 3811 758 3866 αὐτοῦ
796 3813 888 3877 τίς
913 3810 1294 3881 διηγήσεται;
1321 3815 1349 3866 6
1377 3813 1434 3867 δὲ
1463 3814 1783 3885 ηὐχαρίστει
1817 3814 1966 3887 αὑτῷ

385 3893 530 3966 ὑπὲρ
567 3895 667 3976 τῆς
707 3894 1118 3966 ἀκαταληψίας,
1151 3894 1358 3965 λέγων·
1411 3896 1968 3976 Ἐξομρλογήσομαί

383 3993 520 4039 σοι,
571 3975 660 4030 ὅτι
710 3976 974 4047 φοϐερῶς
1016 3977 1513 4048 ἐθαυμαστώθηςο
1550 3978 1855 4049 θαυμάσια
1895 3979 1968 4034 τὰ

381 4059 534 4127 ἔργα
559 4075 695 4114 σου·
725 4061 818 4113 καὶ
839 4060 1020 4124 πάλιν,
1057 4061 1517 4132 Ἐθαυμαστώθη
1540 4063 1578 4132 ἡ
1601 4062 1822 4133 γνῶσις
1849 4076 1966 4117 σου

381 4142 456 4206 ἐξ
483 4142 648 4210 ἐμοῦ,
677 4142 1057 4212 ἐκραταιώθη,
1081 4147 1153 4199 οὺ
1169 4145 1256 4214 μὴ
1287 4145 1550 4215 δύνωμαι
1575 4146 1725 4214 πρὸς
1751 4145 1964 4212 αὐτήν.

397 4225 459 4277 '0
497 4226 553 4278 δὲ
585 4225 795 4289 Παῦλος
821 4227 920 4280 οὐκ
949 4229 1026 4290 είς
1061 4229 1228 4300 αὐτὴν
1259 4229 1358 4300 τῆς
1393 4229 1579 4292 οὐσίας
1611 4228 1711 4302 τὴν
1742 4229 1968 4300 ἔρευναν

382 4309 674 4380 διακύψας.
702 4311 818 4376 ἀλλ’
843 4313 924 4374 είς
947 4311 1044 4382 τὴν
1071 4312 1328 4384 πρόνοιαν
1355 4313 1520 4367 αὐτοῦ
1546 4313 1738 4386 μόνην,
1765 4312 1968 4385 μᾶλλον

381 4392 445 4448 δέ
478 4393 572 4447 καὶ
599 4395 770 4465 αὐτῆς
798 4395 896 4466 τῆς
925 4396 1183 4467 προνοίας
1223 4397 1389 4467 μέρος
1424 4398 1620 4469 μικρὸν
1653 4398 1966 4464 ἀπολαϐὼν,

382 4475 416 4530 ὃ
448 4479 576 4547 περὶ
606 4478 704 4549 τὴν
733 4479 842 4532 τῶν
874 4477 1043 4532 ἐθνῶν
1070 4479 1261 4549 κλῆσιν
1290 4480 1624 4547 ἐπεδείξατο,
1655 4480 1846 4554 ὥσπερ
1875 4483 1972 4536 πέ-

383 4560 551 4629 λαγος
583 4562 782 4632 ἀχανὲς
811 4565 905 4616 καὶ
933 4563 1318 4633 ἀκατάληπτον
1344 4563 1489 4628 ἰδὼν,
1520 4563 1694 4629 οὕτως
1720 4565 1970 4636 ἐϐόησεν·

381 4637 463 4697 Ὠ
479 4643 671 4711 βάθος
703 4647 968 4701 πλούτου
998 4647 1096 4701 καὶ
1122 4647 1345 4716 σοφίας
1366 4647 1464 4700 καί
1491 4647 1764 4717 γνώσεως
1798 4647 1972 4704 Θεοῦ]

383 4727 468 4794 ὡς
505 4729 943 4798 ἁνεξερεύνητα
979 4732 1053 4786 τὰ
1088 4733 1343 4801 κρίματα
1389 4733 1605 4798 αὑτοῦ,
1652 4734 1751 4789 καὶ
1787 4733 1969 4798 ἀνεξ-

386 4815 687 4885 ιχνίαστοι
719 4817 780 4869 αὶ
816 4815 945 4869 ὁδοὶ
985 4816 1196 4870 αὐτοῦ]
1229 4817 1336 4869 Καὶ
1362 4811 1432 4887 ἦν
1473 4818 1570 4888 μὲν
1607 4817 1763 4888 ἱκανὴ
1811 4819 1844 4888 ή
1883 4818 1973 4872 διὰ

385 4898 592 4951 τούτων
619 4896 890 4965 ἀπόδειξις
907 4914 918 4926 ⁸
955 4898 1066 4968 ἐγὼ
1091 4899 1149 4952 δὲ
1177 4901 1276 4952 οὐκ
1309 4900 1584 4972 ἠρκέσθην
1611 4903 1725 4962 τοῖς
1753 4901 1971 4972 προφή“

385 4998 529 5044 ταις,
568 4981 669 5034 οὐκ
698 4979 860 5052 ἔστην
901 4982 1064 5053 μέχρι
1090 4983 1198 5034 τῶν
1232 4983 1548 5037 ἀποστόλων
1569 5025 1584 5050 ,
1615 4983 1732 5036 ἀλλ’
1770 4983 1971 5052 ἀνέϐην

385 5067 470 5128 εἰς
502 5066 592 5118 τὸν
620 5066 870 5136 οὐρανὸν,
903 5066 1081 5131 ἔδειξα
1110 5069 1238 5136 ὑμῖν
1273 5067 1364 5120 τὸν
1394 5067 1554 5138 χορὸν
1585 5066 1694 5120 τῶν
1723 5066 1971 5136 ἀγγέλων

383 5148 634 5217 λέγοντα,
675 5150 830 5214 Δόξα
857 5150 927 5203 ἐν
954 5151 1242 5218 ὑψίστοις
1279 5149 1420 5216 Θεῷ,
1457 5151 1554 5204 καὶ
1599 5150 1700 5204 ἐπὶ
1737 5150 1854 5220 γῆς
1891 5151 1972 5204 εί-

378 5233 540 5302 ριίνη
561 5271 577 5294 τ
612 5233 683 5296 ἐκ·
719 5232 1051 5301 ἀνθρώποις
1084 5233 1348 5288 εὐδοκία.
1406 5233 1704 5287 Ἠκούσατε
1733 5233 1841 5286 τῶν
1883 5250 1973 5286 σε-

387 5316 600 5387 ραφεὶμ
633 5315 793 5370 πάλιν
819 5317 1272 5388 ἐκπληττομένων
1304 5318 1400 5370 καὶ
1441 5317 1578 5388 μετὰ
1607 5316 1810 5387 φρίκης
1838 5335 1972 5387 κρα-

384 5399 611 5465 ζόντων,
637 5399 862 5470 Ἄγιος.
885 5398 1076 5469 ἅγιος,
1099 5399 1266 5469 ἅγιος
1288 5401 1502 5467 Κύριος
1525 5400 1766 5455 σαϐαώθ
1783 5420 1796 5432 ·
1819 5401 1973 5468 πλή-

380 5500 497 5552 ρης
525 5480 696 5536 πᾶσα
725 5482 763 5550 ἡ
795 5478 871 5553 γῆ
902 5482 1013 5551 τῆς
1046 5483 1234 5550 δόξης
1266 5481 1475 5537 αὐτοῦ.
1519 5484 1844 5554 Προσέθηκα
1878 5486 1971 5538 καὶ

380 5569 451 5622 τὰ
492 5568 759 5639 χερουὸὶμ
801 5567 1038 5638 βοῶντα’
1076 5566 1468 5637 Εὐλογημένη
1516 5569 1554 5637 ἠ
1595 5567 1745 5633 δόξα
1784 5570 1972 5625 αὑτοῦ

445 5682 462 5749 ξ
488 5683 587 5749 εει
615 5696 729 5749 t_ns_s.
753 5687 806 5730 et
829 5683 978 5749 Savi).
1001 5684 1140 5749 λόγος
1155 5682 1280 5749 κατὰ
1312 5681 1568 5749 Ἰουδαίων·
1595 5682 1759 5746 ἐλέχθη
1783 5683 1834 5732 δὲ
1852 5684 1969 5749 πρὸς

385 5747 493 5804 τοὺς
526 5746 863 5801 ’ἰουδαΐζοντας
880 5747 959 5793 καὶ
984 5747 1084 5807 μετ’
1111 5745 1300 5794 ἐκείνων
1321 5744 1646 5802 νηστεύοντας.

2071 3148 2141 3201 ἐκ
2177 3147 2284 3202 τοῦ
2325 3147 2516 3204 τόπου
2556 3148 2766 3203 αὐτοῦ.
2807 3146 2971 3202 Κάτω
3014 3147 3168 3218 τρεῖς
3211 3143 3511 3217 μάρτυρες.
3549 3146 3663 3201 ἄνω

2071 3233 2221 3300 τρεῖς
2258 3232 2571 3303 μάρτυρες,
2613 3233 2676 3285 τὸ
2709 3232 3007 3304 ἀπρόσιτον
3043 3230 3144 3300 τῆς
3179 3227 3275 3282 τοῦ
3315 3227 3452 3282 Θεοῦ
3503 3227 3662 3298 δόξης

2072 3313 2378 3384 δηλοῦντες.
2413 3314 2924 3388 Ἀναμφισϐήτητος
2949 3313 3138 3368 λοιπὸν
3167 3315 3200 3384 ἡ
3241 3311 3535 3378 ἀπόδειξις,
3566 3313 3662 3364 καὶ

2074 3400 2242 3463 πολὺς
2261 3402 2289 3453 6
2313 3398 2508 3470 κρότος
2529 3400 2759 3468 ἐγίνετο,
2785 3401 2881 3454 καὶ
2895 3397 3305 3470 διεθερμαίνετο
3322 3396 3384 3451 τὸ
3409 3397 3660 3468 θέατρον,

2073 3485 2169 3536 καὶ
2203 3476 2471 3554 ἐπυροῦτο
2502 3483 2531 3536 ό
2570 3483 2849 3552 σύλλογος.
2895 3481 3036 3552 Ἐγὼ
3075 3483 3132 3536 δὲ
3170 3481 3409 3552 ἔχαιρον,
3442 3481 3542 3551 οὐχ
3578 3481 3661 3533 ὅτι

2074 3567 2237 3631 αὐτὸς
2267 3566 2605 3639 ἐπῃνούμην,
2633 3566 2748 3620 ἀλλ’
2775 3567 2857 3620 ὅτι
2890 3567 2918 3620 6
2946 3565 3226 3637 Δεσπότης
3250 3567 3278 3618 6
3313 3564 3446 3634 ἐμὸς
3475 3562 3663 3630 ἐδοξά-

2076 3647 2217 3712 ζετο.
2253 3649 2311 3702 ’0
2336 3647 2444 3721 γάρ
2465 3649 2658 3720 κρότος
2680 3650 2888 3713 ἐκεῖνος
2909 3649 3002 3704 καὶ
3031 3650 3060 3702 6
3079 3647 3300 3711 ἔπαινος
3326 3647 3386 3700 τὸ
3414 3646 3664 3716 φιλόθεον

2072 3733 2175 3804 τῆς
2205 3733 2477 3806 ὑμετέρας
2499 3733 2678 3805 ψυχῆς
2705 3733 3060 3787 ἐνεδείκνυτο.
3093 3732 3204 3786 Καὶ
3233 3730 3486 3801 καθάπερ
3516 3729 3664 3784 οἰκέ-

2073 3833 2163 3869 ται
2197 3815 2560 3888 φιλόστοργοι,
2594 3816 2816 3871 ἐπειδάν
2849 3814 3126 3870 ἀκούσωσι
3152 3831 3298 3878 τινος
3328 3814 3421 3867 τὸν
3451 3812 3662 3877 ἐαυτῶν

2074 3900 2422 3964 ἐπαινοῦντος
2450 3899 2718 3972 δεσπότην
2737 3941 2752 3965 ,
2784 3899 3101 3954 ἐκκαίονται
3131 3897 3209 3968 τῷ
3235 3897 3386 3969 πόθῳ
3416 3898 3544 3968 περὶ
3572 3897 3663 3949 τὸν

2073 3983 2300 4052 λέγοντα
2328 3984 2416 4038 διὰ
2441 3983 2501 4036 τὺ
2527 3983 2664 4054 πρὸς
2690 3983 2782 4036 τὸν
2817 3981 3085 4053 δεσπότην
3122 3981 3366 4051 φίλτρον,
3399 3978 3541 4032 οὕτω
3568 3975 3663 4033 καὶ

2075 4068 2233 4139 ὑμεῖς
2263 4067 2558 4138 ἐποιήσατε
2587 4066 2709 4118 τότε
2729 4080 2745 4096 ·
2778 4067 2846 4135 τῇ
2874 4063 2983 4118 τῶν
3014 4063 3228 4134 κρότων
3262 4063 3362 4116 ὑπε
3374 4061 3535 4132 ρόολῇ
3563 4061 3661 4132 τὴν

2076 4150 2276 4223 πολλὴν
2299 4149 2529 4222 περὶτὸν
2553 4147 2830 4221 Δεσετότην
2851 4145 3000 4218 [588]
3022 4146 3402 4199 ἐπεδείκνυσθε
3425 4143 3658 4198 εὔνοιαν.

2086 4233 2420 4303 Ἐϐουλόμην
2480 4233 2578 4302 μὲν
2621 4227 2715 4285 οὖν
2766 4230 2862 4283 καὶ
2919 4230 3160 4300 σήμερον
3210 4226 3662 4295 ἐπαγωνίσασθαι

2073 4321 2188 4382 τοῖς
2217 4316 2559 4387 παλαίσμασι
2599 4314 2832 4378 τούτοις.
2869 4314 2933 4366 Εἰ
2958 4313 3068 4384 γὰρ
3097 4313 3147 4366 οἱ
3179 4312 3369 4383 ἐχθροὶ
3396 4311 3498 4380 τῆς
3529 4310 3662 4380 ἀλη-

2077 4400 2227 4464 θείας
2261 4399 2423 4470 κόρον
2450 4399 2510 4452 οὐ
2544 4396 2885 4469 λαμὸἀνουσι
2914 4395 3361 4467 βλασφημοῦντες
3389 4394 3481 4448 τὸν
3508 4395 3663 4467 εὐερ-

2072 4470 2259 4554 γέτην,
2291 4481 2471 4552 πολλῷ
2500 4481 2700 4552 μᾶλλον
2726 4481 2872 4552 ἡμᾶς
2896 4479 3209 4554 ἀκορέστως
3238 4479 3383 4550 ἔχειν
3411 4478 3495 4531 δεῖ
3523 4478 3659 4548 πρὸς

2073 4565 2351 4636 εὐφημίαν
2374 4563 2472 4618 τοῦ
2507 4563 2616 4617 τῶν
2646 4564 2782 4618 ὅλων
2807 4561 2966 4617 Θεοῦ.
3005 4562 3166 4616 Ἀλλά
3193 4562 3246 4616 τί
3277 4561 3471 4628 πάθω;
3498 4562 3660 4614 Ἔτε-

2078 4660 2167 4722 ρον
2197 4649 2409 4720 νόσημα
2433 4647 2813 4719 χαλεπώτατον
2836 4648 2935 4719 τὴν
2955 4647 3229 4718 ἡμετέραν
3252 4645 3504 4715 γλῶσσαν
3525 4644 3662 4715 πρὸς

2077 4732 2318 4805 ἰατρείαν
2353 4732 2528 4798 καλεῖ,
2568 4731 2783 4802 νόσημα
2825 4732 2882 4784 ὲν
2913 4729 2991 4801 τῷ
3025 4729 3238 4801 σώματι
3270 4728 3370 4799 τῆς
3424 4729 3661 4798 Ἐκκλη-

2075 4817 2196 4882 σίας
2242 4816 2669 4887 πεφυτευμένον.
2704 4819 2796 4868 Δεῖ
2821 4815 2878 4868 δὲ
2922 4816 3186 4886 πρότερον
3225 4814 3385 4867 τοῦτο
3415 4813 3661 4867 ἀνασπά-

2075 4919 2295 4967 σαντας,
2325 4901 2446 4954 τότε
2490 4900 2775 4972 φροντίσαι
2814 4898 2924 4952 τῶν
2956 4899 3186 4965 ἔξωθενο
3219 4897 3486 4970 πρότερον
3531 4895 3661 4961 τοὺς

2072 4985 2304 5048 οἰκείους
2331 4984 2690 5056 θεραπεῦσαι,
2725 4985 2815 5038 καὶ
2843 4983 2965 5037 τότε
2999 4982 3109 5036 τῶν
3137 4981 3433 5053 ἀλλοτρίων
3465 4981 3661 5052 ἐπιμε-

2073 5070 2137 5123 λή
2147 5067 2364 5122 σασθαι.

2107 5071 2438 5205 ήξῗσδξέαέστι
2468 5150 2528 5204 τὸ
2554 5153 2792 5222 νόσημα;
2833 5149 3050 5220 Ἕορταὶ
3080 5147 3188 5200 τῶν
3215 5144 3417 5198 ἀθλίων
3443 5145 3539 5198 καὶ
3565 5163 3660 5199 ταν

2072 5234 2366 5308 λαιπώρων
2411 5235 2680 5289 Ἰουδαίων
2711 5234 2962 5305 μέλλουσι
2993 5228 3382 5304 προσελαύνειν
3415 5232 3661 5301 συνεχεῖς

2073 5323 2168 5375 καὶ
2208 5319 2529 5390 ἐπάλληλοι,
2566 5321 2622 5372 αἱ
2683 5319 3003 5385 σάλπιγγες,
3055 5316 3110 5368 αἱ
3161 5313 3550 5384 σκηνοπηγίαι,
3601 5317 3656 5369 αί

2072 5406 2317 5475 νηστεῖαί
2337 5420 2351 5433 ·
2380 5404 2474 5456 καὶ
2499 5403 2685 5455 πολλοὶ
2713 5401 2820 5452 τῶν
2853 5398 2972 5470 μεθ’
3003 5397 3158 5469 ἡμῶν
3186 5398 3540 5468 τεταγμένων
3565 5397 3657 5452 καὶ

2072 5488 2140 5542 τά
2173 5487 2417 5557 ἡμέτερα
2460 5484 2725 5553 λεγόντων
2765 5485 3002 5553 φρονεῖν,
3041 5482 3092 5536 οἱ
3128 5480 3226 5551 μὲν
3259 5481 3353 5533 ἐπὶ
3381 5482 3479 5552 τὴν
3526 5481 3660 5534 ῡέαν

2072 5571 2357 5624 ἀπαντῶσι
2387 5569 2494 5622 τῶν
2527 5567 2752 5637 ἑορτῶν,
2787 5567 2835 5618 οἱ
2864 5564 2922 5617 δὲ
2950 5565 3046 5617 καὶ
3090 5564 3514 5635 συνεορτάζουσι
3565 5565 3655 5619 καὶ

2071 5653 2181 5706 τῶν
2208 5652 2470 5722 νηστειῶν
2503 5649 2820 5704 κοινωνοῦσι
2839 5665 2852 5678 ο
2886 5650 2981 5702 καὶ
3005 5646 3164 5700 τοῦτο
3187 5646 3248 5699 τὸ
3275 5647 3509 5718 πονηρὸν
3538 5648 3660 5704 ἔθος

2074 5735 2334 5809 βούλομαι
2360 5736 2460 5808 τῆς
2501 5733 2826 5808 Ἐκκλησίας
2861 5732 3129 5790 ἀπελάσαι
3163 5730 3278 5786 νῦν.
3316 5733 3379 5786 Οἱ
3417 5733 3518 5802 μὲν
3549 5731 3653 5800 γὰρ
