4084 6186
210 344 385 402 ·815

276 488 417 526 nunc
441 471 510 525 ab
539 469 769 524 Ecclesia
796 467 911 523 volo
937 482 1136 523 arcere.
1157 465 1284 521 Nam
1305 464 1463 521 verba
1491 476 1672 521 contra
1702 467 1848 521 Ano-

272 579 448 626 mueos
498 563 603 617 alio
652 575 888 631 tempore
937 561 1046 615 ﬁeri
1095 570 1372 630 poterunt,
1420 574 1521 615 nec
1566 558 1852 630 quidquam

273 653 454 709 danmi
506 663 725 722 propter
778 666 980 705 moram
1029 650 1261 713 facietis;
1314 648 1621 707 iud-acorum
1675 658 1850 702 autem

272 744 467 800 morbo
495 755 769 810 correptos
806 743 902 796 nisi
927 741 1034 809 jam
1061 742 1419 795 curaverimus
1438 782 1452 804 ,
1475 740 1600 795 dum
1633 755 1741 809 pne
1770 738 1851 793 fo-

272 837 425 893 ribus
465 835 673 889 illorum
717 833 859 888 ierim
887 848 1154 903 prOpeqne
1180 830 1390 896 adsunt,
1418 847 1606 885 vereor
1633 846 1697 885 ne
1722 831 1855 885 forte

280 927 495 1002 quidam
547 927 912 993 intempestiva
951 924 1333 1011 consuetudine
1379 937 1670 993 magnath
1705 921 1857 991 igno-

278 1018 450 1073 rantia
472 1018 679 1070 illorum
703 1015 947 1084 nequitia:
968 1020 1241 1069 consortes
1264 1016 1409 1075 liant,
1434 1022 1589 1080 atque
1605 1010 1855 1078 deinceps

276 1106 473 1162 frustra
503 1106 568 1161 de
595 1106 677 1159 his
703 1105 862 1158 verba
890 1104 1162 1158 faciamus.
1185 1101 1239 1158 Si
1268 1104 1406 1155 enim
1432 1102 1561 1154 nihil
1590 1100 1853 1154 audiendo

279 1196 441 1253 hodie
468 1213 585 1253 cum
613 1198 717 1253 illis
746 1197 1049 1265 jejunarint,
1082 1202 1386 1266 perpetrato
1412 1205 1649 1263 peccato,
1683 1208 1857 1247 reme-

275 1287 426 1342 dium
457 1287 651 1341 frustra
676 1286 1061 1340 adhibebimus.
1087 1286 1259 1350 Quare
1285 1283 1350 1337 ad
1384 1282 1854 1353 pra-occupandum

274 1381 544 1450 impellor.
572 1379 711 1433 ldem
739 1380 898 1433 etiam
938 1376 1133 1431 medici
1162 1378 1212 1429 in
1246 1376 1554 1446 urgentibus
1582 1382 1636 1427 et
1661 1373 1854 1427 acutis-

274 1470 429 1526 simis
450 1471 652 1525 morbis
672 1471 976 1535 observant,
1004 1483 1137 1537 quos
1160 1468 1300 1537 prius
1324 1481 1512 1520 curare
1539 1465 1852 1518 instituunt:

274 1564 495 1616 omnino
539 1572 713 1616 autem
765 1561 866 1615 hoc
912 1570 1181 1615 certamen
1227 1558 1387 1628 priori
1427 1560 1510 1611 est
1546 1564 1852 1627 cognatum.

271 1651 417 1725 Quia
447 1654 587 1707 enim
621 1653 863 1725 impietas
884 1642 1187 1708 Iudaeorum
1212 1659 1266 1704 et
1294 1651 1670 1721 Anomteorum
1697 1645 1856 1701 aliine

272 1747 402 1816 quid
437 1745 619 1805 habet,
650 1747 944 1796 certamina
986 1742 1142 1795 etiam
1174 1756 1332 1800 nunc,
1356 1740 1618 1808 prioribus
1641 1737 1853 1802 amnia,

268 1838 437 1890 nobis
465 1850 586 1891 sese
605 1833 852 1890 offerunt.
885 1833 1015 1887 Nam
1045 1831 1185 1901 quod
1213 1830 1378 1885 iud-mi
1406 1830 1607 1883 crimen
1637 1828 1855 1896 objicie-

271 1929 428 1992 liant,
463 1926 603 1981 idem
632 1925 897 2010 intentant
929 1938 1140 1994 quoque
1180 1922 1443 1976 Attoniuzi.
1471 1920 1607 1990 Quid
1643 1919 1854 1974 crimini

273 2012 483 2066 dabant
533 2008 847 2075 inn—Quod
880 2011 1134 2065 Christus
1164 2011 1334 2064 Deum
1373 2008 1587 2061 Patrem
1622 2008 1851 2069 diceret,

272 2116 443 2171 neque
477 2104 652 2171 ipsum
682 2100 772 2155 Del
806 2102 1066 2171 aequalem
1105 2100 1304 2155 faceret
1348 2098 1532 2171 (Joau.
1565 2114 1617 2156 ν,
1653 2096 1763 2169 18).
1794 2094 1853 2150 Id

267 2194 333 2248 in
364 2194 572 2248 crimen
606 2194 772 2248 etiam
814 2194 870 2248 hi
917 2193 1145 2246 trahunt
1182 2211 1196 2246 :
1237 2192 1365 2261 quin
1399 2197 1580 2261 potius
1614 2205 1721 2243 non
1747 2196 1856 2241 tra-

271 2284 439 2351 hunt,
472 2285 565 2340 sed
601 2285 804 2340 dictum
842 2284 1072 2357 ejusque
1107 2284 1435 2338 sententiam
1481 2282 1687 2346 delent,
1728 2279 1856 2336 licet

275 2392 390 2435 non
429 2391 618 2436 manu.
645 2387 700 2432 at
725 2377 1063 2438 cogitatione
1083 2383 1248 2437 atoue
1279 2376 1485 2429 animo.

350 2465 406 2520 2.
448 2463 629 2534 Neque
676 2479 804 2519 vero
848 2464 1147 2527 miremini,
1190 2463 1332 2534 quod
1380 2462 1589 2517 Judmos
1631 2460 1855 2516 miseros

277 2557 527 2612 dixerim.
554 2556 763 2611 Revera
795 2556 935 2610 enim
974 2555 1152 2610 miseri
1184 2564 1490 2622 suntatque
1527 2552 1811 2607 mrumnusi
1835 2592 1852 2619 ,

277 2652 369 2720 qui
401 2659 476 2703 tot
502 2650 637 2704 bona
658 2649 862 2703 cazlitus
877 2647 975 2701 sibi
1006 2648 1056 2700 in
1079 2660 1265 2700 manus
1290 2646 1458 2700 delata
1487 2645 1852 2714 repudiarunt,

278 2738 569 2808 deditoque
596 2752 756 2805 opera
783 2737 1100 2805 rejecerunt.
1128 2734 1292 2789 Ortus
1325 2745 1408 2788 est
1435 2734 1538 2787 iliis
1566 2734 1856 2786 matutinus

277 2830 497 2899 iustitia:
529 2829 631 2894 sol,
661 2840 716 2883 et
743 2829 840 2898 ipsi
879 2828 1092 2897 quidem
1114 2869 1126 2891 ,
1156 2827 1319 2881 radiis
1348 2825 1593 2894 repulsis.
1624 2825 1677 2879 in
1709 2834 1857 2878 tene-

276 2922 392 2978 bris
429 2923 657 2977 sedent:
690 2932 745 2975 at
781 2937 876 2975 nos
911 2922 992 2974 his
1030 2921 1268 2974 innutriti
1300 2920 1471 2974 lucem
1512 2919 1577 2972 ad
1615 2932 1711 2972 nos
1753 2918 1854 2987 ipsi

277 3016 661 3086 pertraximus,
706 3014 1011 3080 errorisque
1039 3013 1262 3081 caligine
1300 3011 1504 3065 lilwrati
1536 3023 1739 3063 smnus.
1775 3007 1856 3062 llli

277 3105 476 3160 radicis
503 3115 699 3159 sancta:
737 3104 870 3157 rami
897 3112 1080 3165 erant,
1113 3102 1204 3155 sed
1234 3101 1381 3158 tracti
1408 3108 1531 3154 sunt
1565 3098 1738 3171 (Rom.
1767 3100 1850 3153 11.

278 3196 371 3253 16.
402 3194 492 3268 17)
519 3214 533 3250 :
562 3210 660 3249 nos
687 3210 789 3249 non
817 3206 1029 3249 eramus
1059 3194 1252 3249 radicis
1291 3192 1570 3262 participes
1589 3234 1604 3258 ,
1647 3201 1701 3246 et
1743 3193 1853 3246 frit"-

277 3298 425 3342 ctum
453 3286 661 3354 pietatis
690 3284 925 3340 tulimus.
951 3283 1026 3339 Illi
1051 3284 1336 3354 prophetas
1363 3283 1429 3335 ab
1448 3283 1672 3348 ineunte
1700 3289 1857 3337 (etate

277 3377 555 3446 legerunt,
592 3385 645 3429 et
674 3376 962 3444 prophetiis
1000 3376 1329 3429 enuntiatum
1357 3374 1497 3429 cruci
1529 3374 1851 3427 aﬂixcrunt‘:

278 3481 401 3529 nos,
440 3467 527 3535 qui
578 3464 710 3519 nihil
752 3466 819 3520 de
867 3465 1035 3518 sacris
1073 3464 1240 3518 literis
1293 3462 1665 3526 audieramus,
1715 3462 1855 3523 hunc

278 3557 454 3624 ipsum
484 3556 838 3609 adoravimus.
886 3554 1009 3608 Ideo
1057 3554 1236 3608 miseri
1279 3554 1373 3618 illi,
1404 3554 1526 3624 quia
1569 3556 1725 3611 missa
1753 3554 1857 3607 sibi

281 3646 447 3712 bona,
476 3646 596 3700 aliis
620 3645 947 3715 rapientibus
973 3655 1134 3715 atque
1162 3645 1226 3699 ad
1254 3661 1372 3699 sese
1404 3644 1851 3714 pertrahentibus,

279 3739 382 3809 ipsi
401 3739 727 3808 repulerunt.
752 3739 827 3792 Ac
850 3736 921 3791 illi
949 3738 1158 3808 quidem
1180 3737 1244 3792 ad
1267 3739 1492 3793 liliorum
1514 3728 1853 3808 adoptionem

282 3829 480 3894 vocati,
514 3829 565 3882 in
610 3842 770 3885 canes
795 3829 1185 3898 degenerarunt
1215 3848 1228 3883 :
1263 3846 1378 3897 nos,
1413 3831 1499 3900 qui
1540 3846 1701 3885 canes
1736 3847 1852 3886 cra-

282 3934 426 3980 nius.
455 3919 665 3973 brutam
715 3930 952 3974 naturam
979 3920 1151 3975 dii-ina
1182 3922 1345 3990 gratia
1382 3937 1576 3977 exuere
1603 3931 1759 3991 atque
1787 3923 1852 3977 ad

281 4007 513 4065 ﬁliorum
552 4011 805 4063 honorem
832 4011 1120 4064 ascendere
1156 4012 1441 4078 potuimus.
1475 4010 1622 4085 Unde
1654 4014 1753 4066 hoc
1788 4012 1852 4066 li-

282 4098 448 4170 quet?
475 4098 595 4153 Non
616 4110 687 4153 est
712 4098 917 4163 bonum,
947 4101 1113 4170 inquit
1144 4100 1456 4156 Chananauu
1472 4101 1736 4168 Christus,
1762 4120 1854 4173 pa-

281 4204 398 4244 nem
424 4190 645 4257 ﬁliorum
665 4205 859 4259 rapere,
885 4201 931 4242 et
949 4191 1139 4244 catellis
1160 4174 1593 4260 objicereYMulth.
1622 4194 1702 4248 l5.
1721 4194 1811 4264 26)
1836 4210 1850 4247 :

282 4278 407 4335 illos
435 4278 593 4342 illius,
623 4295 686 4333 ex
726 4279 1131 4349 gentibus.vero
1159 4282 1433 4343 oriundos.
1462 4296 1624 4337 canes
1655 4297 1856 4337 nuneu-

262 4385 436 4442 ‘paus.
463 4368 678 4436 Verum,
702 4387 805 4441 quo
832 4372 988 4426 modo
1017 4372 1089 4426 sit
1110 4374 1351 4429 inversus
1379 4376 1513 4429 ordo
1531 4416 1547 4441 ,
1580 4377 1718 4443 vide,
1750 4376 1853 4431 illi-

279 4477 385 4531 que
415 4474 596 4527 canes,
614 4476 714 4516 nos
739 4461 891 4517 liberi
920 4461 1043 4517 facti
1060 4463 1245 4517 simus.
1282 4462 1453 4518 Videte
1467 4481 1632 4531 canes,
1661 4466 1729 4521 de
1749 4467 1855 4522 illis

280 4554 353 4607 sit
391 4552 584 4607 Paulus
601 4595 615 4617 ,
647 4553 806 4608 videte
828 4555 989 4608 malos
1017 4555 1304 4623 operarios.
1328 4557 1858 4617 videteconcisionem.

283 4639 402 4695 Nos
421 4639 561 4694 enim
593 4654 778 4694 sumus
797 4638 1151 4695 circumcisio.
1170 4636 1622 4718 (Philipp.3.2.3).
1666 4647 1853 4703 Cernis

278 4732 552 4801 quomodo
578 4733 729 4787 liberi
758 4734 902 4802 prius
922 4748 1085 4788 canes
1113 4736 1416 4790 evaserint?
1447 4737 1602 4792 Visne
1626 4754 1852 4809 cognos-

273 4836 424 4887 cere,
445 4822 536 4891 qui
568 4836 666 4875 nos
688 4837 718 4877 e
736 4822 954 4878 canibus
985 4824 1074 4878 lilii
1103 4820 1220 4879 iacti
1252 4827 1456 4881 sinitis?
1483 4827 1734 4899 Quotquot
1753 4846 1851 4883 au-

276 4921 377 4964 tem
402 4923 697 4981 receperunt
727 4930 861 4980 eum,
888 4914 1078 4984 inquit,
1111 4916 1246 4968 dedit
1268 4917 1343 4971 eis
1370 4928 1683 4986 potestatem,
1715 4920 1848 4989 ﬁlios
1918 4963 1922 4967 -
1945 4927 1951 4931 ’

277 5002 371 5056 Ι)τὶ
394 5004 507 5072 ﬁeri
536 5002 709 5074 (Joan.
747 5007 797 5059 1.
834 5006 945 5075 12).
976 5005 1115 5060 Nihil
1137 5008 1261 5061 istis
1290 5007 1563 5074 miserius,
1594 5013 1682 5080 qui
1719 5027 1848 5069 nus-

271 5108 432 5162 quam
476 5109 582 5147 non
624 5095 781 5150 saluti
828 5109 939 5149 sua:
984 5095 1199 5151 adversi
1241 5109 1480 5151 currunt.
1530 5100 1659 5154 Dum
1707 5105 1847 5157 enim

273 5183 446 5252 legem
474 5184 678 5237 servari
708 5185 976 5254 oportuit,
1005 5187 1384 5240 conculcarmit
1415 5204 1428 5239 :
1461 5188 1546 5243 illa
1579 5206 1713 5245 nunc
1735 5206 1850 5246 ces-

264 5284 456 5337 sante,
490 5275 835 5341 pertinaciter
876 5275 1119 5329 eamdem
1160 5277 1292 5331 tueri
1340 5279 1682 5333 contendunt.
1714 5281 1848 5348 Quid
1879 5328 1883 5337 .

270 5365 404 5431 ipsis
428 5374 593 5434 queat
620 5364 979 5419 miserabilius
1008 5380 1149 5431 esse,
1177 5369 1263 5435 qui
1293 5384 1397 5419 non
1427 5373 1849 5439 transgressione

268 5456 464 5519 mlum,
496 5453 592 5508 sed
619 5465 671 5509 et
703 5457 1075 5510 observatione
1117 5456 1248 5526 legis
1289 5457 1451 5512 Deum
1493 5460 1850 5515 exacerbauit?

264 5547 395 5602 Ideo
436 5546 585 5600 Dura
615 5549 830 5613 ceruice,
864 5548 1052 5617 inquit,
1098 5558 1145 5601 et
1188 5550 1532 5604 incircumciso
1573 5554 1722 5605 corde
1763 5570 1847 5606 vos

291 5654 469 5704 super
497 5636 718 5707 Spiritui
749 5648 923 5693 sancto
950 5639 1178 5692 resistitis
1199 5638 1332 5703 (Act.
1362 5638 1414 5693 7.
1442 5642 1533 5709 5i)
1557 5659 1570 5694 :
1606 5656 1707 5697 non
1731 5643 1845 5695 vim

1519 352 1880 414 ADVERSUS
1914 352 2218 414 100.4303.
2258 352 2300 411 l.

1886 5599 1904 5625 ξι

3009 376 3081 396 τοι

3429 360 3538 419 816

1961 469 2077 526 illas
2104 470 2386 544 cupiendo.
2412 472 2537 531 Duri
2558 477 2786 547 cervice,
2807 476 2975 550 probe
2996 480 3075 538 sic
3094 496 3186 540 eos
3209 485 3530 557 appellavit:
3584 487 3592 493 ’

1960 576 2066 615 non
2092 564 2233 617 enim
2264 563 2452 634 jugum
2478 564 2673 623 Christi
2696 580 2992 639 portarunt,
3019 572 3144 629 licet
3169 589 3334 633 suave
3354 589 3529 647 esset,

1958 664 2057 704 nec
2107 651 2393 721 quidquam
2437 656 2614 710 oneris
2662 666 2754 712 aut
2801 659 3059 716 molestia:
3107 663 3348 721 haberet.
3399 667 3531 725 Nam

1957 736 2147 792 Discite
2177 757 2209 793 a
2235 756 2330 805 me,
2359 742 2548 812 inquit.
2570 745 2687 815 quia
2717 748 2850 802 mitis
2891 764 3031 818 sum,
3059 761 3104 806 et
3124 752 3326 810 humilis
3351 758 3524 826 corde,

1954 838 2029 891 et,
2062 827 2244 883 Tollite
2259 832 2445 902 jugum
2472 849 2636 888 meum
2677 853 2829 908 super
2852 855 2971 906 vos,
3008 842 3126 914 quia
3147 845 3331 916 jugutu
3366 864 3531 905 meum

1957 935 2107 1009 suave
2132 930 2224 987 est,
2248 930 2293 973 et
2319 938 2445 975 onus
2473 940 2636 978 meum
2657 927 2761 981 leve
2790 928 3003 998 (Matth.
3035 934 3122 987 11.
3151 934 3242 991 29.
3272 938 3386 1009 50).
3414 939 3530 995 Νοη

1958 1008 2250 1063 tolerarunt
2286 1021 2481 1079 tamen,
2510 1015 2579 1069 ob
2604 1017 2827 1072 cervicis
2856 1019 3100 1077 duritiem
3131 1042 3146 1080 :
3174 1008 3351 1097 neque
3373 1031 3531 1085 modo

1959 1112 2062 1150 non
2093 1100 2405 1166 tolerarunt,
2431 1103 2528 1158 sed
2551 1115 2603 1159 et
2622 1105 2993 1179 confregerunt
3019 1122 3072 1168 et
3093 1127 3367 1186 ruperunt.
3398 1118 3530 1174 Nam

1962 1189 2007 1243 A
2034 1192 2238 1258 saeculo,
2270 1193 2461 1263 inquit,
2491 1200 2782 1268 confregisti
2796 1201 2982 1272 jugum
3010 1213 3148 1259 tuum
3167 1225 3186 1272 ,'
3212 1210 3393 1277 rupiin
3417 1213 3531 1265 vin-

1956 1280 2072 1333 cula
2102 1290 2187 1333 tua
2211 1281 2418 1350 (Jerem.
2444 1283 2499 1337 Ξ.
2521 1286 2611 1341 20.
2639 1288 2750 1342 vide
2772 1298 2817 1343 et
2845 1291 2897 1345 5.
2924 1290 2978 1345 5.
2998 1293 3116 1346 item
3136 1292 3281 1350 Psal.
3307 1292 3361 1350 2.
3384 1313 3433 1352 υ.
3450 1298 3527 1369 5).

1957 1369 2072 1459 Non
2102 1371 2250 1427 Pauli
2277 1373 2391 1429 hzee
2411 1387 2536 1430 sunt
2562 1378 2720 1433 verba
2741 1421 2756 1446 ,
2787 1380 2879 1435 sed
2908 1383 3162 1452 propheta
3191 1387 3417 1455 clamat,
3438 1389 3529 1459 ju-

1956 1477 2077 1531 gnm
2117 1474 2171 1517 et
2210 1465 2417 1519 vincula
2467 1468 2674 1537 imperii
2716 1481 2871 1527 notas
2911 1470 3132 1529 dicens:
3174 1477 3293 1546 quia
3333 1478 3531 1536 Christi

1958 1546 2252 1608 dominium
2298 1554 2467 1611 Judzei
2510 1569 2845 1628 respuerttnt,
2890 1578 3011 1616 cum
3060 1563 3302 1621 dicerent
3347 1562 3363 1625 ξ
3408 1567 3532 1626 Non

1957 1642 2194 1699 habemus
2237 1664 2436 1718 regem,
2480 1646 2576 1702 nisi
2605 1648 2851 1705 Cwsarem
2892 1652 3071 1721 (Joan.
3115 1656 3199 1712 l9.
3233 1659 3342 1730 15).
3386 1654 3530 1717 Con-

1956 1730 2156 1802 fregisti
2181 1733 2391 1805 jugum,
2419 1737 2661 1806 dirupisti
2697 1739 2984 1807 vinculum,
3030 1759 3061 1797 e
3085 1760 3250 1815 regno
3278 1748 3531 1804 caelorum

1957 1825 2185 1894 teipsum
2209 1827 2434 1895 ejccisti,
2462 1838 2515 1882 et
2544 1832 2789 1898 potestati
2822 1831 3067 1889 humanae
3096 1834 3391 1907 subjecisti.
3424 1841 3531 1897 Ve-

1956 1912 2048 1970 lim
2082 1916 2168 1971 hic
2193 1919 2320 1973 mihi
2362 1920 2668 1976 censideres
2689 1964 2702 1987 ,
2729 1938 2886 1992 quam
2917 1924 3100 1980 solerti
3147 1930 3427 2000 aenigmate
3454 1931 3532 1987 ef-

1955 2005 2217 2062 frenatam
2270 2009 2480 2064 illorum
2546 2015 2781 2068 animum
2835 2015 3163 2086 significarit.
3221 2018 3337 2076 Non
3388 2024 3530 2080 enim

1956 2096 2147 2167 inquit,
2169 2099 2352 2169 jugum
2382 2100 2640 2170 dejecisti,
2664 2104 2757 2157 sed
2784 2104 3116 2191 confregisti.
3137 2110 3275 2179 quod
3304 2122 3383 2166 est
3406 2112 3533 2168 bru-

1953 2195 2129 2240 tort‘tm
2155 2189 2484 2256 animalium,
2508 2206 2800 2261 eorumque
2827 2189 3155 2263 petulcorum
3184 2196 3388 2266 vitium,
3412 2218 3532 2270 quas

1956 2273 2168 2329 frenum
2211 2287 2503 2346 respuunt.
2553 2280 2943 2353 imperiumque
2982 2284 3301 2341 detrectant.
3336 2288 3528 2344 Verum

1952 2364 2096 2435 unde
2143 2366 2255 2421 lucc
2291 2366 2399 2421 illis
2444 2368 2707 2424 durities?
2756 2371 2835 2426 Ex
2885 2374 3099 2443 crapula
3149 2386 3204 2431 et
3249 2377 3527 2435 ebrietate.

1948 2453 2084 2520 Quis
2129 2455 2203 2509 ait
2252 2452 2385 2511 hoc?
2424 2454 2545 2528 ipse
2590 2459 2784 2515 Moses.
2836 2460 3059 2518 Comedit
3108 2463 3306 2534 Israel,
3359 2477 3406 2523 et
3448 2486 3528 2525 re-

1953 2548 2118 2616 pletus
2168 2556 2216 2602 et
2274 2549 2616 2620 impinguatus
2660 2560 2767 2616 est,
2827 2562 2875 2607 et
2937 2557 3268 2612 reculcitravit
3321 2562 3545 2617 dilectus.

1952 2634 2039 2706 (Di
2056 2648 2132 2691 ut.
2152 2636 2242 2694 59..
2269 2640 2382 2710 15).
2402 2640 2858 2708 Quemadmodum
2874 2647 3015 2700 enim
3042 2649 3331 2705 animantia
3353 2651 3528 2720 bruta,

1952 2727 2199 2781 uberiore
2222 2730 2413 2797 pabulo
2442 2731 2669 2786 distenta
2691 2773 2704 2796 ,
2737 2733 2904 2804 magis
2932 2734 3237 2791 refrac‘taria
3267 2748 3425 2810 atque
3451 2742 3532 2796 in-

1948 2816 2154 2870 dmnita
2187 2818 2338 2883 liunt,
2367 2828 2422 2874 et
2457 2836 2627 2889 neque
2651 2823 2833 2892 jugum
2853 2866 2869 2889 ,
2915 2840 3014 2880 nec
3052 2825 3289 2895 frenum,
3321 2845 3417 2884 nec
3438 2847 3533 2885 au-

1950 2908 2084 2976 rigae
2139 2921 2354 2961 manum
2404 2907 2578 2963 ferunt
2622 2926 2636 2964 :
2680 2912 2755 2965 ita
2798 2920 2854 2967 et
2898 2915 3123 2985 populus
3170 2917 3418 2973 Judaicus
3463 2937 3537 2977 ex.

1954 2998 2211 3053 ebrietate
2255 3007 2310 3054 et
2358 2999 2517 3054 nimia
2550 3002 2789 3070 corporis
2829 3003 3091 3059 obesitate
3125 3006 3190 3060 ad
3232 3017 3540 3067 extremam.

1950 3090 2322 3160 praecipitatus
2345 3092 2623 3158 malitiam,
2652 3093 2899 3157 lasciviit,
2932 3108 3106 3164 neque
3133 3096 3326 3152 Christi
3343 3099 3539 3169 jugum.

1954 3182 2265 3250 aceeptavit,
2289 3196 2462 3251 neque
2487 3182 2746 3237 doctrina:
2771 3195 3003 3241 aratrum
3026 3186 3195 3240 duxit.
3224 3186 3373 3254 Quod
3395 3191 3529 3246 alios

1955 3260 2113 3329 etiam
2143 3273 2397 3343 prepheta
2429 3275 2767 3330 subindieans
2805 3277 2976 3331 dixit:
3022 3277 3164 3333 Sicut
3190 3281 3347 3333 vitula
3382 3292 3529 3336 (rastro

1954 3367 2142 3435 percita
2167 3367 2373 3420 insaniit
2405 3365 2572 3421 Israel
2598 3367 2749 3439 (Osee
2793 3368 2848 3424 ι.
2905 3370 3013 3441 16).
3054 3370 3202 3426 Alius
3245 3373 3387 3441 ipsos
3426 3371 3521 3428 Vi-

1956 3458 2115 3513 tulum
2138 3473 2239 3511 non
2255 3458 2483 3512 edoctum
2498 3459 2630 3528 ferre
2636 3460 2820 3531 jugum
2841 3462 3049 3516 vocavit
3070 3461 3258 3533 (Jerem
3295 3465 3382 3518 51.
3416 3465 3525 3537 l8).

1956 3550 2098 3605 Talia
2122 3562 2249 3606 Vero
2272 3551 2426 3606 bruta
2452 3552 2758 3617 animantia,
2782 3553 2847 3608 ad
2869 3568 3058 3623 operas
3086 3554 3282 3631 inepta,
3317 3556 3383 3610 ad
3417 3555 3529 3611 ma;

1955 3643 2208 3697 claudum
2233 3654 2354 3697 sunt
2377 3654 2520 3713 apta.
2546 3644 2696 3710 Quod
2728 3644 2811 3698 his
2837 3646 2995 3699 etiam
3013 3645 3201 3700 accidit
3228 3664 3241 3700 :
3270 3663 3387 3701 nam
3406 3663 3526 3703 cum

1952 3733 2054 3811 ipsi
2086 3748 2204 3788 sese
2253 3734 2317 3787 ad
2344 3735 2680 3803 operationes
2708 3735 2926 3790 inutiles
2954 3736 3264 3800 redderent,
3298 3740 3385 3807 qui
3415 3730 3528 3792 mal

1953 3833 2227 3880 etarentur
2243 3827 2349 3896 apti
2380 3825 2606 3881 luerunt.
2625 3826 2800 3893 Quare
2821 3827 3064 3884 Christus
3084 3830 3263 3892 etiam,
3290 3826 3529 3885 Inimicos

1954 3935 2089 3972 meos
2115 3917 2251 3984 illos,
2283 3920 2467 3988 inquit,
2494 3920 2580 3988 qui
2605 3918 2870 3973 noluerunt
2911 3936 2988 3971 me
3010 3936 3218 3989 regnare
3243 3921 3296 3973 in
3323 3938 3401 3984 se,
3431 3924 3527 3972 adq

1954 4010 2118 4063 ducite
2162 4011 2259 4063 huc
2301 4050 2317 4076 ,
2343 4020 2390 4064 et
2434 4019 2649 4064 mactate
2698 4011 2813 4063 illos
2869 4009 3018 4081 (Luc.
3062 4011 3148 4065 19.
3195 4011 3308 4083 27).
3353 4011 3533 4078 Tum,

1954 4099 2158 4163 Judaie.
2187 4102 2465 4170 oportebat
2505 4111 2555 4153 te
2582 4101 2823 4168 jejunare
2842 4141 2856 4162 ,
2910 4115 3029 4154 cum
3057 4100 3285 4155 ebrietas
3331 4100 3444 4154 istis
3474 4111 3535 4163 to

1953 4190 2108 4244 malis
2135 4189 2389 4254 alliceret,
2418 4206 2536 4243 cum
2571 4190 2891 4258 impietatem
2916 4200 3120 4258 pareret
3144 4189 3380 4257 crapula,
3417 4207 3530 4250 null;

1949 4281 2080 4351 jam.
2112 4280 2260 4335 Nunc
2286 4281 2428 4336 enim
2451 4279 2711 4350 jejunium
2741 4287 2823 4334 est
2852 4279 3280 4347 intempestivum
3310 4291 3357 4334 et
3389 4282 3527 4333 alio...

1956 4371 2279 4427 minandum.
2312 4372 2426 4438 Quo
2447 4370 2701 4424 auctore?
2734 4369 2941 4432 Hesaia,
2970 4370 3061 4438 qui
3087 4385 3219 4422 voce
3244 4370 3381 4423 edita
3412 4371 3521 4422 cla.

1944 4466 2065 4517 'mat
2091 4480 2105 4516 :
2148 4460 2269 4516 Non
2298 4463 2391 4515 hoc
2415 4460 2668 4531 jejunium
2697 4461 2841 4532 elegi.
2873 4460 3008 4528 Quid
3047 4462 3159 4514 ita?
3188 4461 3316 4526 Quia
3358 4461 3409 4516 iu
3429 4468 3535 4534 ju-o.

1946 4555 2088 4610 'dicia
2113 4564 2161 4608 et
2190 4570 2385 4624 pugnas
2413 4554 2690 4623 jejunatis,
2732 4563 2777 4607 et
2807 4554 3060 4623 percutitis
3097 4571 3265 4624 pugno
3301 4550 3537 4615 subditos}

1957 4645 2157 4717 (Hesai.
2178 4646 2266 4701 58.
2302 4647 2355 4700 4.
2386 4645 2464 4715 5).
2497 4645 2645 4711 Quod
2686 4646 2753 4710 si,
2786 4660 2904 4697 cum
2951 4644 3187 4712 pulsares
3213 4628 3537 4715 censervos,L

1954 4735 2271 4792 dctcsmbile
2299 4747 2445 4790 tttum
2485 4736 2580 4790 fuit
2617 4735 2906 4804 jejunium,
2938 4735 3160 4788 Domino
3207 4734 3303 4788 ahs
3331 4746 3381 4788 te
3411 4751 3522 4794 ma.

1952 4838 2114 4892 elato,
2143 4839 2414 4896 acceptum
2445 4826 2533 4895 qui
2565 4824 2754 4880 fuerit?
2775 4842 2875 4895 qua
2906 4824 3141 4879 ratione?

2024 4918 2222 4989 Jejunii
2266 4917 2508 4985 [ructuosi
2563 4917 2760 4969 modus.
2806 4944 2880 4957 —-
2924 4916 3097 4977 Eum,
3146 4913 3233 4982 qui
3278 4912 3533 4983 jejunat,

1945 5008 2307 5076 compositum
2337 5022 2455 5061 esse
2478 5006 2650 5070 decet,
2681 5007 2988 5069 contritum,
3020 5005 3344 5058 humiliatum
3365 5045 3380 5067 ,
3414 5019 3539 5059 non.

1954 5098 2028 5152 ira
2056 5098 2301 5152 ebrium:
2341 5105 2395 5149 et
2420 5110 2709 5150 conservos
2754 5094 2965 5165 pulsas?
2990 5094 3125 5148 Olim
3168 5096 3321 5163 igitur
3358 5094 3408 5147 iu
3431 5094 3519 5162 ju-l

1953 5191 2088 5244 dicia
2116 5199 2169 5243 et
2196 5198 2397 5258 pugnas
2420 5189 2726 5258 jejunarunt
2750 5205 2763 5241 :
2794 5200 2934 5240 nunc
2962 5188 3027 5238 ad
3068 5185 3408 5255 petulantiam
3440 5195 3519 5238 θι-

1953 5300 2055 5352 que
2093 5293 2385 5336 extremam
2422 5279 2907 5349 intemperantiam,
2937 5277 3061 5331 dum
3107 5277 3259 5330 nudis
3300 5276 3521 5346 pedibus

1948 5375 2005 5428 in
2035 5374 2146 5426 l‘oro
2172 5371 2579 5439 saltant,jejunii
2606 5370 2814 5439 quidem
2842 5376 3118 5437 prwtcxtu,
3140 5366 3235 5421 sed
3253 5366 3522 5423 ebriorum

1952 5482 2119 5518 more.
2150 5464 2284 5518 Audi
2307 5478 2412 5533 quo
2435 5472 2587 5531 pacto
2623 5461 2870 5529 propheta
2888 5456 3129 5528 jejunare
3149 5458 3349 5525 jttheat.
3385 5452 3522 5531 Sang

1949 5557 2164 5623 cli/irate
2192 5555 2467 5623 jejunium,
2494 5552 2685 5621 inquit,
2719 5566 2822 5605 non
2853 5566 2969 5605 cum
3011 5548 3253 5618 tripudiis
3279 5546 3536 5605 celebri...

1950 5657 2000 5701 le
2028 5664 2041 5701 :
2076 5645 2355 5733 Prwt/iirate
2387 5643 2596 5707 cultum,
2625 5653 2920 5712 congregata
2955 5658 3094 5695 senes
3126 5640 3267 5711 (Joel
3319 5641 3370 5696 1.
3406 5641 3519 5716 ii).

268 5727 432 5815 bimo
481 5731 629 5800 leges
670 5728 965 5796 dumtaxat,
993 5727 1087 5784 sed
1127 5738 1183 5785 et
1223 5730 1590 5802 intempestim
1630 5748 1844 5790 servare
1949 5738 2016 5792 At
2056 5737 2112 5792 hi
2141 5727 2333 5791 choros
2368 5735 2601 5789 mollium
2646 5743 2869 5805 cogunt,
2901 5735 3293 5801 colluviemque
3323 5732 3532 5802 stupro.
