4084 6186
511 297 616 356 8Π

511 427 905 498 inquinatarum
935 421 1252 485 mulierum;
1282 419 1548 475 theatrum
1575 417 1880 472 universum
1909 425 1962 471 et
1991 415 2080 469 ho-

511 519 688 574 mines
709 515 946 570 scenicos
975 512 1040 568 ad
1066 510 1396 582 Syuagogam
1428 507 1737 578 pertrahunt
1757 548 1772 572 ,
1800 522 1922 560 nam
1951 509 2086 559 inter

511 607 777 662 theatrum
799 613 852 659 et
878 605 1111 672 ipsorum
1141 601 1470 672 Synagogam
1499 598 1627 651 nihil
1663 599 1901 651 interest.
1929 595 2087 666 Equi-

510 697 632 752 dem
658 695 794 761 scio,
822 693 936 749 fore
960 692 1048 762 qui
1077 707 1159 745 me
1190 689 1502 745 temeritatis
1523 696 1764 757 arguant,
1783 686 1923 756 quod
1952 686 2090 740 inter

513 787 778 844 theatrum
817 794 979 854 atque
1017 781 1346 852 Synagogam
1387 777 1674 848 quidquam
1709 777 1964 831 interesse
1992 790 2088 830 ne-

512 879 711 946 garim,
731 884 786 929 at
808 887 907 943 ego
933 872 1052 927 illos
1071 871 1305 925 audacia:
1320 869 1638 933 condemno,
1670 868 1723 921 ni
1753 867 1822 921 ita
1840 868 2087 920 sentiant.

513 967 736 1031 Damna,
757 965 801 1019 si
824 979 888 1018 ex
904 978 990 1017 me
1006 962 1191 1019 isthmc
1211 961 1528 1031 pronuntio;
1549 960 1630 1015 sin
1644 957 1915 1030 prophetae
1931 957 2090 1012 verba

509 1057 654 1125 dico,
679 1055 1008 1111 enuntiatqu
1030 1054 1284 1124 approba.

581 1148 636 1202 3.
659 1145 827 1212 Multi,
854 1143 1000 1211 scio,
1031 1153 1340 1198 reverentur
1372 1141 1612 1208 Judzeos,
1644 1156 1934 1212 eorumque
1964 1141 2094 1196 ritus

508 1237 804 1295 hodiernos
825 1243 1046 1291 censent
1069 1249 1189 1292 esse
1210 1234 1498 1300 honestos;
1528 1249 1634 1304 quo
1664 1234 1780 1303 ipso
1812 1233 1879 1288 ad
1919 1234 2102 1304 perni-.

509 1330 714 1384 ciosam
745 1328 899 1382 istam
921 1325 1224 1396 opinionem
1255 1324 1508 1380 radicitus
1532 1323 1858 1379 evellendam
1883 1324 2094 1378 incitor.

510 1418 710 1490 Negavi
741 1416 948 1473 theatro
980 1415 1268 1487 quidquam
1310 1423 1567 1484 priestare
1601 1412 1971 1484 Synagogam;
2000 1412 2098 1467 ad-

511 1510 706 1566 ducam
737 1507 1012 1578 prophetae
1043 1506 1403 1562 testimonium
1430 1523 1444 1559 :
1472 1521 1578 1560 non
1619 1513 1742 1560 sunt
1774 1503 1942 1560 Judazi
1972 1519 2099 1574 pro-

513 1599 692 1671 phetis
713 1597 816 1654 ﬁde
831 1597 1120 1668 digniores.
1146 1595 1283 1662 Quid
1303 1595 1461 1666 igitur
1485 1594 1613 1650 ille?
1635 1592 1804 1648 Frons
1831 1595 2101 1649 meretricis

515 1691 655 1762 facta
665 1691 838 1746 esttibi
855 1689 1073 1754 ;desiisti
1085 1688 1365 1742 erubescere
1379 1688 1517 1758 apud
1533 1704 1702 1742 omnes
1715 1686 1927 1758 (Jerem.
1948 1688 2001 1742 ’5.
2022 1685 2099 1759 ⁵5).

523 1782 621 1839 Ubi
641 1797 768 1838 vero
782 1791 1015 1837 scortum
1030 1781 1381 1852 prostituitur,
1399 1781 1444 1835 is
1462 1781 1610 1835 locus
1629 1788 1710 1835 est
1732 1779 2100 1850 prostibulum.

522 1875 632 1931 lmo
661 1889 767 1930 non
797 1874 1147 1945 prostibulum
1177 1873 1451 1928 dumtaxat
1489 1875 1857 1943 theatrumque
1890 1881 1972 1927 est
1999 1871 2101 1942 Sy-

521 1981 742 2038 nagoga,
771 1981 954 2022 verum
975 1965 1134 2020 etiam
1163 1965 1414 2034 spelunca
1440 1963 1725 2030 latronum,
1753 1972 1808 2017 et
1828 1961 2106 2016 latibulum

523 2060 776 2120 ferarum.
799 2057 930 2113 Nam
960 2058 1200 2128 spelunca
1229 2057 1423 2126 hyaenae
1457 2059 1594 2126 facta
1637 2064 1709 2108 est
1737 2055 1878 2119 mihi,
1912 2054 2101 2124 inquit,

523 2150 703 2203 domus
748 2157 911 2202 vestra
956 2145 1069 2217 (Id.
1114 2147 1168 2200 7.
1207 2147 1296 2215 11)
1347 2163 1360 2200 :
1402 2160 1501 2199 nec
1539 2145 1851 2214 simpliciter
1891 2144 2105 2210 bestize,

524 2238 621 2294 sed
672 2238 858 2292 bestia:
903 2237 1144 2306 impurae.
1185 2236 1255 2289 At
1307 2249 1556 2300 rursum,
1606 2233 1860 2302 Dereliqui
1905 2233 2108 2287 domum

525 2345 711 2395 meam,
757 2327 958 2387 deserui
998 2326 1324 2381 hereditatem
1362 2342 1525 2379 meam
1571 2324 1679 2395 (Id.
1705 2326 1790 2380 12.
1839 2327 1913 2396 7).
1958 2325 2108 2393 Quod

527 2422 574 2476 si
602 2422 745 2476 Deus
771 2420 1136 2490 dereliquerit,
1167 2435 1287 2489 quae
1315 2419 1501 2474 salutis
1529 2434 1652 2490 spes
1675 2420 1914 2491 reliqua?
1940 2419 1995 2476 Si
2019 2421 2110 2477 de-

527 2512 758 2568 seruerit
783 2513 942 2579 Deus,
976 2512 1125 2568 locus
1169 2512 1258 2568 ille
1297 2512 1355 2567 ﬁt
1397 2512 1651 2568 habitatio
1691 2513 2013 2569 dzemonum.
2041 2515 2112 2569 At

526 2603 746 2658 omnino
771 2618 830 2658 se
854 2617 1063 2673 quoque
1086 2603 1253 2658 Deum
1280 2602 1506 2661 adorare
1525 2604 1726 2658 dicunt.
1755 2605 1860 2660 Sed
1888 2606 2028 2661 absit
2052 2615 2110 2661 ut

529 2692 632 2748 hoc
684 2693 960 2747 dicamus:
996 2707 1152 2747 nemo
1177 2692 1392 2748 Iudaeus
1435 2694 1597 2749 Deum
1629 2694 1835 2750 adorat.
1881 2696 2008 2763 Quis
2036 2697 2110 2752 ait

529 2781 778 2838 hociDei
801 2782 992 2838 Filius.
1019 2782 1080 2836 Si
1104 2784 1236 2837 enim
1271 2781 1668 2838 Patremmeum
1693 2787 1932 2853 nossetis,
1961 2796 2007 2840 et
2035 2803 2114 2843 me

529 2872 740 2926 nossetis
767 2887 787 2927 :
811 2889 968 2942 neque
986 2889 1098 2929 vero
1115 2891 1192 2928 me
1209 2875 1381 2941 nostis,
1404 2891 1493 2928 nec
1510 2874 1712 2928 Patrem
1725 2875 1904 2947 (Joan.
1925 2877 1978 2932 8.
2001 2878 2110 2949 19).

529 2962 682 3030 Quod
714 2965 1072 3020 testimonium
1099 2965 1200 3021 hoc
1231 2967 1334 3021 fide
1361 2966 1569 3037 dignius
1595 2967 1896 3024 adducam?

601 3055 879 3130 Synagoga
925 3057 1228 3112 Iudaeorum
1263 3059 1571 3112 diversorum
1609 3059 2019 3115 dwmonium.—
2057 3063 2112 3118 Si

528 3143 741 3200 Patrem
790 3161 894 3202 non
941 3158 1164 3215 norunt,
1209 3148 1402 3202 Filium
1449 3149 1858 3218 cruciﬁxerunt,
1887 3151 2115 3221 Spiritus

527 3236 781 3291 auxilium
803 3239 1132 3307 repulerunt,
1163 3239 1280 3308 quis
1301 3239 1476 3295 locum
1500 3239 1657 3294 istum
1681 3256 1798 3296 esse
1813 3242 2114 3297 daemonum

529 3325 881 3383 diversorium
911 3329 1181 3384 afﬁrmare
1227 3344 1333 3384 non
1381 3330 1558 3384 ausit?
1599 3331 1715 3386 Non
1751 3331 2006 3388 aduratur
2047 3333 2118 3388 ibi

530 3416 695 3484 Deus,
728 3417 906 3473 absit:
936 3417 1031 3473 sed
1073 3417 1386 3474 idololatria:
1423 3419 1675 3490 deinceps
1709 3421 1855 3477 locus
1887 3432 1968 3477 est
1998 3438 2013 3476 :
2065 3430 2118 3478 et

531 3515 707 3562 tamen
734 3507 894 3578 aliqui
920 3507 1024 3562 illis
1057 3517 1321 3578 tamquam
1351 3511 1596 3565 sacrariis
1636 3511 1931 3568 adhzerent.

603 3595 833 3650 Historia
857 3597 950 3650 viri
977 3597 1250 3652 Christiani
1283 3600 1539 3654 mulierem
1567 3601 1618 3654 in
1639 3601 1797 3656 eadem
1824 3602 2118 3657 Jttdworum

532 3686 602 3740 ad
619 3686 904 3756 jurandum
933 3686 1122 3742 intrare
1150 3691 1392 3759 cogentis.
1417 3693 1680 3762 —Atque
1705 3691 1819 3748 htee
1849 3710 1954 3749 non
1981 3709 2115 3750 con-

533 3776 756 3848 jectnris
794 3776 1053 3833 adductus
1088 3778 1236 3845 dico,
1271 3781 1364 3835 sed
1393 3781 1505 3851 ipsa
1530 3781 1749 3838 edoctus
1771 3787 2116 3854 experientia.

535 3865 668 3922 Nam
709 3875 833 3922 ante
861 3866 960 3922 hoc
1005 3867 1257 3936 triduum,
1290 3869 1416 3925 mihi
1460 3871 1680 3940 credite,
1723 3889 1827 3928 non
1868 3878 2117 3944 utentior,

534 3965 832 4012 matronam
850 3957 1130 4027 quamdam
1153 3958 1454 4027 honestam,
1470 3961 1771 4031 ingenuam,
1795 3965 2113 4034 modestam,

538 4055 598 4102 et
626 4045 838 4102 ﬁdelem
876 4047 1013 4116 vidi,
1039 4063 1196 4118 quam
1237 4048 1397 4105 homo
1425 4051 1639 4120 quidam
1678 4053 1939 4123 impurus,
1967 4057 2120 4112 stoli-

539 4135 680 4202 dus,
729 4137 977 4206 opinione
1022 4137 1388 4206 Christianus,
1447 4138 1605 4214 (talia
1653 4144 1796 4199 enim
1837 4147 2119 4202 audentem

540 4227 808 4284 sincerum
857 4228 1218 4286 Christianum
1276 4246 1380 4286 non
1435 4233 1720 4307 dixerim),
1775 4237 2121 4294 llehrzeorum

541 4319 712 4376 tndem
762 4321 994 4386 intrare,
1039 4322 1216 4394 ibique
1255 4323 1624 4395 jusjurandum
1667 4327 1736 4383 de
1761 4329 1986 4400 negotiis
2021 4331 2123 4387 sibi

545 4413 909 4467 controversis
936 4411 1065 4469 dare
1089 4415 1332 4486 cogebat.
1363 4415 1433 4472 Ut
1470 4433 1596 4472 vero
1627 4418 1713 4473 illa
1741 4434 1898 4490 opem
1928 4421 2122 4491 implo-

539 4502 714 4568 rabat,
736 4511 791 4558 et
816 4504 918 4557 vim
945 4505 1254 4561 sceleratam
1286 4508 1495 4563 amoliri
1523 4510 1800 4579 cupiebat;
1827 4511 1926 4566 sibi
1952 4513 2118 4582 enim,

543 4607 664 4662 qua:
705 4591 1007 4649 divinorum
1039 4599 1413 4667 mysteriorum
1459 4599 1724 4668 particeps
1767 4599 1904 4656 facta
1943 4611 2120 4668 esset,

542 4683 693 4740 illum
723 4683 896 4740 locum
917 4684 1066 4741 adire
1085 4685 1232 4741 nefas
1257 4701 1378 4742 esse
1401 4705 1414 4741 :
1442 4687 1690 4744 incensus
1709 4705 1808 4760 ego
1830 4692 1943 4747 zelo
1963 4702 2123 4762 atque

541 4773 737 4830 ardens
761 4775 999 4839 surrexi,
1040 4789 1138 4830 nec
1173 4775 1315 4830 illam
1343 4791 1501 4846 porro
1541 4777 1606 4832 ad
1636 4780 2123 4848 praevaricationem

543 4865 682 4923 trahi
708 4881 823 4921 sum
850 4880 1058 4936 passus,
1080 4867 1354 4937 eripuique
1373 4869 1440 4923 ab
1462 4869 1636 4939 iniqua
1665 4871 1762 4925 ista
1782 4872 2120 4929 abductione.

545 4959 738 5015 Postea
761 4972 905 5023 eum,
939 4957 1029 5027 qui
1069 4965 1301 5013 traxerat
1333 4958 1500 5026 illam,
1530 4957 1930 5017 Christianusne
1957 4972 2120 5031 esset,

543 5049 749 5120 rogavi.
786 5048 884 5102 Cui
916 5049 1186 5104 conﬁtenti
1225 5049 1454 5120 graviter
1489 5051 1674 5114 institi,
1711 5051 2004 5110 fatuitatem
2032 5071 2125 5110 ex-

545 5140 809 5210 probrans
850 5149 1253 5210 extremamque
1295 5140 1647 5211 dementiam,
1680 5151 1735 5199 et
1774 5145 1938 5200 asinis
1977 5146 2123 5202 illum

541 5232 828 5302 quidquam
871 5241 1124 5300 pratstare
1153 5231 1375 5302 negavi,
1407 5233 1452 5287 si
1494 5231 1762 5289 Christum
1810 5250 1869 5291 se
1897 5237 2122 5296 adorare

543 5320 838 5390 protitens,
870 5319 938 5374 ad
978 5317 1321 5388 Judaaorum,
1361 5321 1450 5392 qui
1493 5323 1665 5393 ipsum
1701 5327 2085 5383 cruciﬁxissent

542 5409 827 5477 speluncas
856 5423 1172 5479 quemquam
1219 5410 1473 5466 traheret.
1507 5411 1876 5485 Productoque
1915 5416 2124 5488 longius

547 5513 800 5554 sermone
824 5499 1050 5569 primum
1080 5515 1297 5570 prorsus
1316 5517 1421 5556 non
1445 5501 1606 5558 licere
1627 5503 1808 5573 jurare
1825 5547 1841 5574 ,
1864 5522 2035 5577 neque
2058 5509 2125 5565 ad

544 5587 918 5658 jusjurandum
939 5606 1257 5661 quemquam
1284 5593 1508 5649 incitare
1529 5633 1544 5659 ,
1571 5609 1636 5650 ex
1663 5611 1814 5651 sacro
1841 5598 2124 5670 Evangelio

545 5675 761 5746 (Matth.
793 5679 848 5736 ὅ.
893 5679 988 5751 54)
1013 5679 1187 5738 docui.
1215 5683 1444 5752 Deinde,
1477 5698 1584 5742 non
1614 5684 1822 5744 ﬁdelem
1856 5698 1909 5746 et
1943 5691 2120 5748 initia-

1253 310 1309 365 S.
1348 304 1624 364 JOANNIS
1651 302 2120 362 CllRYSOSTOMl
2160 301 2474 359 ARCIIIEP.
2517 300 3046 359 CONSTANTINOP.

2105 5370 2192 5414 ’δ

3661 290 3770 360 848

2195 425 2340 481 tam,
2389 416 2515 486 quin
2552 430 2723 485 neque
2769 430 2926 481 eum,
2981 413 3071 484 qui
3111 411 3343 467 nondum
3389 413 3458 468 sit
3498 412 3762 481 initiatus,

2191 505 2244 560 in
2265 506 2417 560 istam
2440 508 2809 561 necessitatem
2827 504 3138 560 trahendum
3166 503 3347 560 fuisse.
3373 505 3653 574 Pestquam
3673 505 3764 559 diu

2193 596 2526 666 multumque
2573 597 3095 667 loquutusanimum
3141 595 3258 665 ejus
3307 594 3374 649 ab
3420 611 3603 649 errore
3648 597 3766 665 opi-

2195 687 2370 742 nionis
2400 688 2638 755 liberavi,
2667 703 2880 743 causam
2907 687 3207 741 sciscitatus
3237 702 3374 750 sum,
3408 701 3503 740 cur
3534 685 3770 740 Ecclesia

2197 778 2384 833 relicta
2409 780 2477 832 ad
2516 777 2822 833 Iudaeorum
2859 777 3080 847 collegia
3129 777 3270 831 illam
3309 777 3546 831 traxerit.
3590 778 3652 830 At
3685 778 3773 831 ille

2199 869 2397 924 multos
2426 868 2526 923 sibi
2555 868 2752 924 dixisse
2782 868 3083 938 inquiebat,
3112 867 3502 938 jusjurandum,
3535 868 3674 937 quod
3701 868 3772 922 ibi

2197 961 2431 1027 daretur,
2460 961 2626 1030 magis
2647 959 3031 1014 formidandum
3052 975 3190 1015 esse.
3211 960 3291 1016 Ob
3319 975 3436 1029 qum
3464 961 3774 1030 ingemisce-

2197 1053 2340 1119 bam,
2386 1052 2566 1122 iraque
2613 1051 2952 1118 incendebar,
2989 1051 3243 1120 deinceps
3282 1067 3468 1107 rursus
3512 1051 3771 1106 ridebam.

2198 1142 2433 1198 Ceruens
2468 1143 2608 1197 enim
2653 1142 2849 1196 diaboli
2887 1143 3170 1208 astutiam,
3201 1142 3466 1212 ingemui,
3494 1141 3638 1212 quod
3678 1141 3772 1196 ho-

2199 1233 2428 1289 minibus
2447 1233 2497 1288 id
2517 1233 2837 1303 persuadere
2863 1243 3070 1302 posset:
3093 1232 3424 1288 considerata
3449 1248 3572 1288 vero
3592 1249 3777 1289 eorum

2200 1323 2292 1394 qui
2317 1324 2687 1395 deciperentur
2723 1324 2998 1388 socordia,
3045 1324 3303 1378 excandui
3332 1342 3346 1378 :
3377 1334 3430 1379 et
3470 1326 3777 1380 eorumdem

2202 1424 2401 1486 quanta
2445 1426 2587 1471 esset
2632 1418 2862 1471 amentia
2903 1432 3112 1470 meeum
3160 1427 3450 1485 reputans,
3495 1417 3607 1471 risi.
3657 1419 3778 1473 llaec

2203 1505 2357 1561 vobis
2385 1506 2493 1562 dixi
2519 1515 2572 1562 et
2600 1507 2807 1561 narravi
2833 1549 2848 1573 ,
2876 1509 2996 1577 quia
3023 1508 3202 1561 animo
3238 1522 3359 1576 erga
3387 1522 3482 1563 eos
3501 1549 3514 1570 ,
3543 1509 3630 1578 qui
3657 1508 3778 1562 talia

2204 1605 2259 1653 et
2283 1607 2592 1667 perpetrant
2626 1607 2679 1652 et
2708 1598 3086 1667 experiuntur,
3117 1598 3246 1651 estis
3276 1598 3429 1667 plane
3471 1599 3779 1664 inhumano,

2206 1703 2306 1742 nec
2332 1688 2614 1758 quidquam
2639 1689 2700 1744 iis
2726 1691 3008 1744 movemini
3033 1707 3048 1746 :
3069 1691 3219 1761 sique
3239 1691 3455 1746 fratrem
3481 1692 3782 1762 quempiam

2205 1779 2533 1834 vestrumin
2579 1779 2879 1848 hujusmodi
2926 1791 3197 1850 peccatum
3247 1782 3483 1836 incidere
3527 1783 3784 1850 videatis,

2213 1868 2482 1936 alienam,
2529 1886 2633 1924 non
2676 1872 2946 1942 propriam
2999 1873 3354 1928 calamitatem
3399 1889 3517 1930 esse
3563 1874 3780 1929 ducitis.

2211 1957 2427 2028 Vosque
2447 1961 2713 2014 accusanti
2737 1971 2984 2032 purgatos
3001 1963 3336 2030 existimatis,
3362 1963 3586 2019 dicendo
3613 1984 3623 2017 :
3650 1966 3787 2034 Quid

2212 2048 2342 2104 mihi
2370 2064 2513 2104 cura:
2550 2052 2667 2105 est?
2695 2067 2812 2120 qua:
2849 2052 2984 2106 ratio
3025 2054 3300 2108 mihicum
3339 2054 3431 2108 illo
3457 2057 3790 2111 communis?

2209 2141 2340 2208 Quae
2364 2143 2524 2198 verba
2561 2145 2783 2213 capitale
2821 2146 2998 2199 odium
3033 2146 3086 2200 in
3124 2146 3365 2203 homines
3404 2157 3452 2203 et
3498 2150 3790 2204 satanieam

2209 2233 2572 2288 crudelitatem
2602 2244 2811 2289 sonant.
2843 2236 2978 2302 Quid
3019 2239 3116 2301 a's,
3155 2236 3315 2292 homo
3353 2226 3471 2292 eum
3516 2241 3609 2302 sis,
3638 2241 3785 2309 ejus-

2211 2322 2438 2395 demque
2475 2335 2677 2380 natura:
2706 2328 3006 2397 particeps,
3037 2329 3304 2398 quinimo,
3337 2331 3379 2384 si
3414 2339 3612 2385 natura‘
3638 2349 3790 2386 com-

2212 2418 2394 2472 munio
2436 2417 2659 2473 dicenda
2699 2427 2811 2483 est,
2855 2421 2940 2473 cui
2984 2436 3146 2474 unum
3191 2431 3350 2490 eaput
3391 2432 3473 2476 est
3516 2424 3793 2489 Christus;

2217 2506 2397 2562 dicere
2415 2507 2601 2577 audes,
2635 2508 2765 2564 nihil
2794 2510 2884 2563 tibi
2911 2526 3030 2565 cum
3070 2512 3325 2566 membris
3364 2514 3467 2568 tuis
3495 2529 3612 2568 esse
3645 2531 3796 2568 eom-

2213 2598 2421 2654 mune?
2469 2599 2745 2666 Quomodo
2799 2601 2958 2671 igitur
3003 2599 3271 2656 Christum
3324 2603 3575 2657 Ecclesia:
3629 2614 3797 2674 caput

2214 2689 2525 2745 confiteris?
2548 2690 2680 2744 Nam
2707 2700 2864 2760 caput
2885 2701 3070 2746 natura
3103 2693 3279 2747 omnia
3306 2695 3539 2748 membra
3560 2696 3794 2764 copulat,

2215 2788 2270 2835 et
2294 2780 2360 2834 ad
2412 2795 2470 2835 se
2519 2781 2800 2851 diligenter
2828 2784 3132 2847 convertit,
3181 2785 3517 2855 eolligatque.
3569 2786 3623 2840 Si
3666 2786 3797 2841 nihil

2218 2873 2311 2927 tibi
2357 2888 2639 2929 commune
2690 2883 2770 2928 est
2809 2890 2928 2929 cum
2983 2876 3221 2930 membro
3272 2885 3391 2944 tuo,
3445 2894 3616 2946 neque
3661 2893 3784 2932 eum

2217 2963 2383 3019 fratre
2429 2963 2555 3035 quid
2606 2980 2887 3020 commune
2931 2967 3176 3031 esttibi,
3223 2982 3395 3036 neque
3436 2977 3594 3038 caput
3635 2968 3800 3022 habes

2217 3055 2508 3110 Christum.
2539 3055 2707 3110 Judaﬁ
2745 3072 2840 3111 vos
2868 3067 3133 3126 tamquam
3181 3058 3432 3126 parvulos
3469 3074 3656 3126 pueros
3684 3068 3799 3112 ter-

2218 3155 2368 3212 rent,
2422 3156 2480 3202 et
2526 3161 2632 3201 non
2682 3147 3121 3202 auimadvertitis.
3170 3148 3300 3203 Nam
3352 3152 3800 3220 quemadmodum

2218 3236 2455 3306 parvulis
2501 3235 2604 3291 illis
2645 3237 2796 3290 multi
2839 3238 3081 3292 scelerati
3117 3240 3254 3293 servi
3301 3240 3473 3294 larvas
3512 3243 3804 3295 ostendunt

2222 3327 2486 3382 terribiles
2512 3336 2574 3399 et
2592 3327 2870 3389 ridiculas,
2903 3345 3021 3399 quae
3056 3337 3242 3383 natura
3286 3346 3388 3384 non
3417 3339 3542 3386 sunt
3586 3333 3799 3397 terrmi,

2220 3417 2316 3472 sed
2362 3417 2691 3487 simplicibus
2731 3418 2920 3472 animis
2965 3419 3097 3473 tales
3142 3418 3404 3487 videntur,
3445 3436 3805 3491 magnumque

2219 3509 2385 3563 risum
2419 3517 2635 3563 movent
2666 3527 2679 3564 :
2711 3509 2787 3563 sic
2817 3508 2984 3564 Judaei
3022 3510 3262 3565 rudiares
3286 3511 3613 3566 Christianos
3639 3513 3805 3568 larvis

2219 3602 2331 3656 suis
2371 3601 2640 3655 territant.
2697 3601 2974 3669 Quomodo
3019 3603 3160 3658 enim
3215 3605 3458 3658 terricula
3509 3606 3614 3659 sint
3658 3608 3802 3674 apud

2220 3691 2364 3760 ipsos
2389 3706 2470 3755 ea,
2500 3707 2616 3762 quae
2640 3707 2832 3762 magno
2856 3693 3120 3749 dedecore
3145 3703 3198 3748 et
3221 3695 3329 3748 risu
3356 3696 3511 3764 plena
3533 3737 3547 3759 ,
3577 3713 3807 3766 qumque

2223 3779 2513 3835 hominum.
2537 3781 2976 3852 impiugentium,
3017 3797 3137 3838 cum
3169 3784 3454 3854 ignominia
3484 3785 3806 3854 rejeetorutn

2223 3881 2278 3928 et
2305 3872 2672 3926 damnatorum
2698 3874 2860 3928 sunt?
3201 3895 3206 3899 Α

2218 3968 2223 3974 ’
2291 3965 2346 4019 4.
2376 3964 2564 4019 Nostra
2603 3965 2743 4020 haud
2790 3975 2912 4021 sunt
2958 3968 3080 4022 talia
3115 3984 3130 4021 :
3162 3967 3254 4022 sed
3297 3983 3482 4024 revera
3523 3969 3805 4034 terribilia,

2223 4065 2277 4113 ct
2318 4056 2554 4112 horroris
2595 4058 2770 4128 plena.
2810 4057 2913 4114 Ubi
2954 4061 3096 4114 enim
3144 4061 3284 4115 Deus
3326 4070 3406 4116 est
3452 4062 3537 4131 qui
3581 4061 3700 4115 vita:
3739 4079 3812 4116 ac

2223 4148 2368 4202 necis
2409 4157 2720 4217 potestatem
2763 4149 2940 4216 habet,
2968 4150 3016 4204 is
3050 4149 3195 4204 locus
3219 4162 3300 4206 est
3328 4151 3809 4223 terribilis(Matth.

2224 4241 2313 4297 10.
2358 4240 2450 4312 28)
2479 4259 2492 4295 :
2525 4242 2613 4296 ubi
2659 4257 2934 4298 sermones
2981 4242 3240 4298 habentur
3282 4243 3471 4299 inﬁniti
3518 4245 3585 4300 de
3630 4249 3814 4315 ptenis

2223 4331 2461 4396 aeternis,
2489 4331 2556 4386 de
2581 4331 2884 4387 [luminibus
2929 4331 3130 4402 igneis,
3177 4333 3244 4388 de
3287 4345 3544 4391 venenato
3582 4352 3767 4391 verme
3791 4379 3810 4404 ,

2223 4421 2290 4477 de
2319 4422 2540 4477 vinculis
2580 4423 2750 4492 rumpi
2796 4424 3010 4488 nesciis,
3035 4423 3102 4478 de
3142 4423 3380 4480 tenebris
3434 4428 3811 4485 exterioribus

2225 4511 2353 4583 (Id.
2383 4511 2474 4566 22.
2507 4514 2576 4568 15
2601 4514 2640 4583 ).
2690 4513 2768 4568 llli
2808 4529 2936 4568 vero
2983 4513 3113 4567 nihil
3155 4514 3342 4569 horum
3382 4531 3448 4569 ne
3491 4517 3816 4570 somniando

2227 4604 2442 4675 quidem
2473 4605 2676 4670 sciunt,
2710 4604 2878 4660 ventri
2908 4604 3070 4661 dediti
3090 4648 3116 4682 ,_
3137 4608 3487 4676 prmsentibus
3514 4609 3808 4674 inhiantes,

2226 4697 2403 4766 porcis
2427 4697 2697 4767 hireisque
2723 4697 2891 4750 nihilo
2912 4697 3157 4753 meliores
3180 4714 3285 4768 pra:
3305 4699 3517 4754 lascivia
3537 4699 3814 4768 nimiaque

2225 4788 2459 4858 crapula.
2497 4787 2712 4858 llocque
2741 4803 2903 4843 unum
2943 4798 3158 4854 norunt,
3186 4789 3360 4844 ventri
3406 4789 3626 4853 servire,
3670 4791 3816 4846 ebrii

2225 4894 2364 4946 esse,
2395 4894 2492 4948 pro
2517 4879 2855 4936 saltatoribus
2878 4881 3149 4948 contundi,
3177 4897 3272 4952 pro
3300 4883 3498 4954 aurigis
3517 4885 3814 4938 vulnerari.

2226 4970 2473 5025 Haeecine
2514 4980 2636 5026 sunt
2674 4972 2852 5041 gravia
2880 4981 2934 5028 et
2960 4973 3254 5027 terribilia?
3285 4972 3414 5040 Quis
3442 4973 3543 5028 hoc
3574 4973 3815 5028 dixerit?

2229 5061 2380 5118 Unde
2423 5077 2550 5133 ergo
2588 5062 2740 5116 nobis
2775 5062 2886 5116 visa
2933 5071 3057 5117 sunt
3105 5063 3380 5131 terribilia,
3411 5064 3510 5119 nisi
3537 5073 3590 5119 et
3618 5080 3814 5120 servos

2227 5151 2512 5220 ignominia
2537 5161 2767 5217 notatos,
2791 5152 2981 5222 quibus
3010 5153 3153 5208 nulla
3177 5163 3260 5208 est
3284 5155 3532 5224 loquendi
3562 5156 3808 5218 libertas,

2226 5243 2423 5313 quique
2443 5242 2603 5297 domo
2631 5244 2784 5298 herili
2810 5244 3142 5313 exciderunt,
3173 5246 3366 5301 terrori
3390 5261 3511 5302 esse
3539 5247 3686 5302 dicas
3717 5248 3810 5312 iis,

2227 5333 2314 5402 qui
2359 5341 2485 5387 sunt
2533 5335 2775 5389 honorati
2799 5343 2852 5389 et
2878 5335 3120 5392 libertate
3163 5339 3420 5393 utuntur?
3458 5337 3654 5394 Verum
3691 5340 3815 5398 lucc

2226 5439 2332 5476 non
2351 5423 2418 5477 ita
2433 5438 2491 5478 se
2513 5423 2728 5489 habent,
2746 5439 2850 5480 non
2873 5425 2942 5481 ita
2964 5442 3092 5482 sane
3106 5442 3164 5483 se
3187 5429 3458 5484 habent.Si
3473 5430 3687 5500 quidem
3706 5447 3815 5488 nec

2226 5528 2480 5582 caupona:
2517 5515 2681 5585 regiis
2715 5516 2852 5571 aulis
2885 5517 3154 5588 digniores
3176 5528 3334 5585 sunt;
3361 5519 3485 5590 quin
3511 5520 3817 5578 diversorio

2227 5606 2414 5674 quovis
2459 5606 2606 5663 locus
2642 5607 2934 5679 Synagogze
2987 5609 3314 5666 inhonestior
3355 5621 3460 5673 est.
3497 5611 3614 5667 Non
3662 5615 3816 5672 enim

2232 5695 2518 5762 latronum,
2565 5713 2735 5770 neque
2777 5715 3072 5773 cauponum
3117 5701 3443 5774 simpliciter,
3471 5703 3566 5759 sed
3610 5705 3821 5765 damo-
