4084 6186
288 322 393 380 847

291 431 472 501 μένων
497 429 776 500 γυναικῶν
801 430 1090 504 συρφετὸν,
1111 432 1174 487 τὸ
1203 431 1429 506 θέατρον
1457 435 1604 491 ἅπαν
1623 438 1720 492 καὶ
1746 440 1871 505 τοὺς

283 511 395 563 ἀπὸ
424 513 526 581 τῆς
557 512 763 582 σκηνῆς
782 512 866 575 είς
889 511 988 583 τὴν
1018 513 1338 585 συναγωγὴν
1369 516 1688 588 ἐπισύρουσι
1710 533 1724 548 ·
1750 517 1873 587 θεά-

280 604 416 660 τρου
447 589 558 659 γὰρ
597 588 691 642 καὶ
726 590 1050 661 συναγωγῆς
1096 590 1252 646 οὐδὲν
1290 593 1352 646 τὸ
1386 594 1568 664 μέσον.
1614 597 1724 649 Kal
1754 593 1872 650 οῖδα

285 667 390 744 μὲν
416 665 678 744 δτιτινές
704 665 910 738 τόλμαν
947 668 1420 738 καταγινώσκουσι
1446 671 1542 726 τοῦ
1582 673 1763 744 λόγου,
1790 675 1872 728 ὅτι

282 741 463 808 εἷπον,
496 743 743 823 Θεάτρου
774 746 871 800 καὶ
899 749 1227 820 συναγωγῆς
1258 749 1410 805 ούδέν
1448 752 1511 805 τὸ
1545 741 1730 823 μέσον
1761 753 1874 822 ἐγὼ

280 823 340 877 δέ
366 822 548 877 αὐτῶν
568 823 775 896 τόλμαν
798 826 1194 895 καταγινώσκω
1222 840 1270 893 ει,
1302 828 1401 883 ἐάν
1442 830 1517 903 μὴ
1546 822 1689 886 οὕτω
1713 831 1871 903 νομί-

281 903 473 966 ζωσιν.
488 903 551 955 El
567 902 668 974 μὲν
683 904 794 977 γὰρ
807 905 1018 960 οἴκοθεν
1037 906 1432 980 ἀποφαίνομαι,
1451 902 1763 980 κατάγνωθι
1781 902 1798 941 έ
1822 912 1872 964 εί

280 980 343 1033 δέ
364 979 758 1063 τοῦίπροφήτου
786 982 928 1063 λέγω
942 986 1011 1040 τὰ
1028 986 1270 1057 ῥήματα,
1285 979 1436 1055 δέξαι
1449 988 1548 1063 τὴν
1575 979 1868 1061 ἀπόφασιν.

356 1059 431 1142 γέ.
446 1057 579 1116 Οἶδα
605 1063 689 1142 ὅτι
708 1062 897 1142 πολλοὶ
916 1064 1190 1142 αἰδοῦνται
1220 1057 1526 1132 Ἰουδαίους,
1550 1071 1646 1123 καὶ
1667 1057 1872 1142 σεμνὴν

280 1138 599 1219 νομίζουσιν
628 1133 769 1219 slva;
802 1139 900 1211 τὴν
929 1140 1155 1219 ἐκείνων
1188 1142 1463 1200 πολιτείαν
1492 1144 1589 1199 νῦν
1608 1162 1622 1177 '
1664 1133 1746 1200 διὸ
1771 1133 1872 1219 τήν

281 1214 534 1297 όλεθρίαν
566 1216 837 1297 ὑπόληψιν
877 1218 1177 1291 πρόρριζον
1214 1222 1525 1277 ἀνασπάσαι
1557 1214 1868 1297 ἐπείγομαι.

282 1292 455 1350 Εἶπον
482 1298 566 1350 ὅτι
603 1296 836 1368 θεάτρου
865 1298 899 1368 ἡ
931 1300 1220 1373 συναγωγὴ
1245 1302 1396 1356 ούδέν
1419 1304 1642 1375 ἄμεινον
1667 1292 1875 1360 διάκει-

277 1390 395 1441 ται,
431 1377 526 1430 καὶ
551 1376 660 1456 ἀπὸ
686 1380 965 1448 προφήτου
998 1380 1232 1451 παράγω
1264 1382 1363 1453 τὴν
1394 1384 1699 1456 μαρτυρίαν
1723 1401 1737 1415 ·
1771 1387 1874 1440 οὐκ

278 1456 424 1509 είσὶν
458 1454 703 1509 Ἰουδαῖοι
736 1456 847 1508 τῶν
876 1457 1172 1528 προφητῶν
1207 1454 1656 1534 ἀξιοπιστότεροι.
1688 1462 1755 1516 Τί
1777 1460 1873 1518 οὗν

277 1537 310 1588 ὁ
365 1537 652 1607 προφήτης
701 1534 896 1605 φησίν;
946 1537 1124 1606 Ὀψις
1168 1541 1400 1609 πόρνης
1444 1539 1685 1611 ἐγένετό
1732 1558 1868 1598 σοι’

275 1614 874 1697 ᾀδηναιοςχύντησας
911 1615 1060 1697 πρὸς
1107 1617 1360 1688 πάντας.
1402 1620 1574 1676 Ἔνθα
1604 1621 1661 1676 δὲ
1695 1622 1871 1697 πόρνη

275 1695 512 1765 ἕστηκεν
538 1694 589 1759 h,
626 1694 876 1766 πορνεῖόν
924 1696 1073 1750 ἐστιν
1114 1699 1144 1752 6
1179 1698 1377 1763 τόπος·
1423 1701 1623 1771 μᾶλλον
1652 1702 1709 1757 δέ
1749 1694 1872 1774 οὑχὶ

278 1776 537 1845 πορνεῖον
563 1774 660 1827 καὶ
687 1775 915 1845 θέατρον
952 1775 1112 1847 μόνον
1144 1777 1294 1832 ἐστὶν
1327 1780 1361 1851 ἠ
1394 1780 1710 1854 συναγωγὴ,
1734 1782 1871 1838 ἀλλά

278 1856 379 1909 κα)⁵
406 1855 673 1925 σπήλαιον
696 1854 931 1927 λῃστῶν,
956 1856 1051 1909 καὶ
1075 1857 1420 1928 καταγώγιον
1445 1860 1652 1933 θηρίων
1670 1879 1684 1893 ο
1708 1861 1871 1931 2mi-

276 1938 460 1988 λαιον
488 1937 627 2007 γὰρ,
679 1935 844 2006 φησὶν
866 1975 881 2000 ,
929 1936 1149 2005 ὑαίνης
1193 1936 1436 2007 ἐγένετό
1478 1958 1581 2009 μοι
1630 1944 1665 1996 ὁ
1706 1938 1872 2010 οἶκος

276 2011 468 2082 ὑμῶν·
485 2013 606 2067 ούδέ
620 2012 808 2077 ἁπλῶς
821 2012 887 2083 θη
895 2013 1032 2091 ρίου,
1051 2014 1189 2067 ἀλλὰ
1204 2014 1394 2087 θηρίου
1411 2018 1742 2091 ἀκαθάρτου.
1757 2022 1871 2076 Καὶ

277 2092 466 2159 πάλιν,
502 2092 727 2162 Ἀφῆκα
753 2094 862 2147 τὸν
881 2090 1053 2147 οἶκόν
1073 2111 1218 2165 μου,
1241 2090 1719 2164 ἐγκαταλέλοιπα
1753 2100 1871 2168 τὴν

276 2173 688 2243 κληρονομίαν
713 2190 855 2242 μου.
887 2174 1055 2227 Ὅταν
1070 2173 1128 2228 δὲ
1153 2175 1182 2227 ό
1203 2174 1337 2240 Θεὸς
1361 2176 1498 2250 ἀφῇ,
1535 2179 1666 2234 ποία
1685 2180 1870 2236 λοιπὸν

278 2251 559 2323 σωτηρίας
591 2251 777 2319 ἐλπίς;
814 2252 985 2305 Ὅταν
1012 2253 1042 2305 6
1089 2252 1223 2319 Θεὸς
1260 2254 1397 2327 ἀφῇ,
1430 2256 1700 2328 δαιμόνων
1734 2276 1870 2316 κατ-

273 2332 597 2402 οικητήριον
622 2330 831 2399 γίνεται
872 2332 1050 2385 ἐκεῖνο
1084 2332 1145 2385 τὸ
1184 2334 1402 2406 χωρίον.
1447 2336 1607 2391 Ἀλλά
1648 2338 1868 2403 πάντως

272 2410 520 2481 ἐροῦσιν,
551 2411 634 2464 ὅτι
673 2409 769 2464 καὶ
802 2411 960 2464 αὐτοὶ
982 2410 1076 2484 τὸ)
1102 2412 1236 2466 Θεὸν
1266 2416 1694 2484 προσκυνοῦσιν’
1729 2418 1868 2473 ἀλλὰ

275 2466 358 2560 μὴ
388 2466 600 2559 γένοιτο
625 2488 784 2541 τοῦτο
814 2489 990 2541 εἰπεῖν
1009 2466 1247 2555 (Οὐδεὶς
1274 2466 1531 2558 Ἰουδαῖος

270 2570 369 2624 τὸν
397 2570 553 2623 Θεόν.
592 2569 690 2632 Τίς
727 2567 905 2621 ταῦτά
948 2585 1146 2638 φησιν;
1190 2571 1248 2625 '0
1278 2572 1408 2638 Υίὸς
1454 2576 1548 2628 τοῦ
1587 2576 1769 2642 Θεοῦ.)
1796 2581 1866 2633 El

271 2649 386 2703 τὸν
398 2648 633 2717 Πατέρα
658 2646 771 2717 γάρ
792 2664 915 2716 μου
946 2647 1162 2717 ᾔδειτε,
1188 2652 1512 2723 φησὶ,κάμὲ
1540 2656 1738 2725 ᾔδειτε
1765 2658 1863 2714 ἀν’

270 2730 418 2783 οὔτε
447 2728 517 2781 δὲ
543 2727 648 2797 ἐμὲ
681 2726 904 2791 οίδατε,
940 2728 1080 2782 οὔτε
1107 2730 1216 2783 τὸν
1239 2731 1473 2801 Πατέρα
1492 2752 1614 2803 μου
1640 2737 1863 2793 οἴδατε.

272 2809 443 2863 Ποίαν
455 2807 660 2878 ταύτης
686 2807 1134 2879 ἀξιοπιστοτέραν
1149 2810 1457 2883 μαρτυρίαν
1478 2816 1787 2885 παραγάγω
1805 2827 1828 2855 ο
1846 2832 1862 2877 ς

290 2915 305 2935 κ
348 2891 412 2943 El
446 2888 627 2942 τοίνυν
661 2886 753 2938 τὸν
785 2887 1006 2958 Πατέρα
1040 2889 1315 2956 ἀγνοοῦσι,
1360 2891 1455 2945 τὸν
1495 2892 1623 2948 Υίὸν
1668 2894 1866 2948 ἐσταύ-

273 2982 485 3038 ρωσαν,
525 2961 620 3016 τοῦ
658 2960 973 3042 Ιινεύματος
1010 2964 1110 3035 τὴν
1151 2963 1405 3037 βοήθειαν
1433 2968 1863 3042 ἀπεκρούσαντο,

268 3048 360 3109 τίς
387 3045 488 3099 οὐκ
514 3044 580 3097 ἂν
605 3040 824 3114 θαρρῶν
850 3042 1225 3114 ἀποφήνηται,
1250 3045 1360 3100 τῶν
1390 3040 1663 3119 δαιμόνων
1692 3040 1865 3106 καταὲ

271 3127 476 3197 γώγιον
509 3120 649 3178 εἶναι
678 3123 771 3176 τὸν
801 3122 1004 3188 τόπον;
1036 3125 1110 3176 Ού
1148 3130 1533 3197 προσκυνεῖται
1566 3128 1699 3194 Θεὸς
1728 3132 1863 3198 ἐκεῖ,

274 3205 356 3278 μὴ
410 3203 658 3283 γένοιτο-⁸
705 3201 821 3255 ἀλλ’
872 3202 1319 3283 εἰδωλολατρείας
1347 3208 1523 3261 ἐκεῖνο
1572 3207 1633 3262 τὸ
1665 3210 1866 3283 χωρίον

271 3286 463 3339 λοιπόν
494 3281 648 3355 [591]
670 3283 820 3334 ἐστιν
840 3297 853 3311 ⁸
881 3281 997 3335 ἀλλ’
1030 3283 1182 3353 ὅμως
1209 3284 1354 3348 τινὲς
1379 3285 1455 3349 ώς
1478 3291 1697 3357 σεμνοῖς
1724 3281 1868 3344 ἐκεί-

271 3383 387 3431 νοις
416 3368 529 3428 τοῖς
549 3363 738 3425 τόποις
770 3360 1123 3434 προσέχουσι.
1490 3414 1495 3417 .

290 3492 299 3499 .
346 3448 460 3500 Kal
483 3445 659 3528 ταῦτα
692 3442 815 3528 (fall
845 3444 1241 3528 στοχαζόμενος
1269 3445 1435 3516 λέγω,
1475 3449 1592 3504 ἀλλ’
1623 3452 1761 3523 αὐτῇ
1797 3456 1862 3528 τῇ

274 3528 447 3601 πείρᾳ.
469 3524 679 3598 μαθών.
700 3525 812 3606 Καὶ
828 3523 937 3606 γάρ
955 3525 1071 3597 ,πρὸ
1088 3526 1294 3581 τούτων
1323 3528 1432 3583 τῶν
1451 3531 1619 3602 τριῶν
1640 3523 1866 3606 ἡμερῶν

274 3606 650 3679 (πιστεύσατε,
662 3605 725 3657 οὐ
744 3602 1037 3676 ψεύδομαι)
1054 3606 1290 3674 γυναῖκά
1311 3624 1433 3662 τινα
1448 3611 1616 3683 εύσχή
1626 3602 1868 3682 μονακαὶ

270 3687 590 3759 ἐλευθέραν,
620 3685 856 3765 κοσμίαν
891 3685 987 3738 καὶ
1010 3687 1229 3757 πιστὴν,
1254 3683 1394 3742 εἶδον
1416 3690 1866 3765 ἀναγκαζομένην

274 3767 384 3823 ὑπό
419 3782 565 3829 τινος
602 3762 799 3835 μιαροῦ
855 3766 950 3818 καὶ
995 3766 1357 3839 ἀναισθήτου,
1394 3769 1675 3837 δοκοῦντος
1700 3762 1868 3829 ἐἶναι

270 3844 609 3918 Χριστιανοῦ
642 3843 747 3915 (οὐ
783 3842 892 3913 γὰρ
923 3843 990 3898 ἂν
1030 3846 1246 3918 εἴποιμι
1277 3846 1369 3901 τὸν
1397 3848 1467 3902 τὰ
1493 3851 1717 3905 τοιαῦτα
1749 3855 1869 3907 τολ-

276 3927 469 3998 μῶντα
506 3923 834 4004 Χριστιανὸν
867 3923 1193 3997 εἰλικρινῆ),
1225 3927 1307 3991 είς
1341 3927 1410 3981 τὰ
1450 3928 1558 3983 τῶν
1603 3932 1869 4004 Ἐϐραίων

270 4004 567 4069 εἰσελθεῖν,
600 4002 765 4083 κάκεῖ
809 4006 1113 4083 παρασχεῖν
1170 4004 1333 4075 ὅρκον
1368 4008 1497 4077 περὶ
1538 4011 1646 4064 τῶν
1697 4002 1870 4083 ἀμφι-

273 4083 667 4155 σόητουμένων
694 4080 844 4152 αὐτῷ
878 4082 1222 4154 πραγμάτων
1242 4100 1257 4115 ο
1298 4084 1375 4148 ὡς
1403 4085 1461 4139 δὲ
1494 4080 1868 4159 προσελθοῦσα

272 4167 310 4236 ἡ
343 4164 485 4234 γυνὴ
512 4163 647 4233 πρὸς
670 4162 1002 4241 »συμμαχίαν
1031 4163 1240 4241 ἐκάλει,
1262 4166 1357 4218 καὶ
1385 4165 1483 4237 τὴν
1511 4168 1710 4240 ἄνομον
1745 4170 1868 4241 βίαν

273 4241 576 4303 κωλῦσαιά
620 4239 777 4312 ἠξίου
830 4242 932 4311 (ού
963 4240 1074 4314 γὰρ
1121 4238 1260 4305 εἶναι
1307 4245 1525 4314 θεμιτὸν
1571 4238 1708 4320 αὑτῇ
1746 4238 1867 4304 *τῶν

273 4321 441 4388 θείων
502 4320 853 4394 μετασχούσῃ
908 4322 1265 4393 μυστηρίων,
1321 4325 1460 4397 πρὸς
1523 4326 1730 4382 ἐκεῖνον
1776 4329 1869 4384 τὸν

272 4403 444 4457 τόπον
469 4401 704 4472 ἐλθεῖν),
740 4401 1084 4474 ἐμπρησθεὶς
1116 4398 1212 4456 οὖν
1246 4404 1350 4457 ὑπὸ
1377 4404 1543 4475 ζήλου
1567 4409 1718 4472 ,ικαὶ
1765 4426 1870 4462 πυ-

276 4483 502 4557 ρωθεὶς,
531 4482 626 4536 καὶ
648 4481 965 4545 διαναστὰς,
996 4481 1202 4555 ταύτην
1235 4484 1334 4553 μὲν
1363 4484 1463 4536 οὑκ
1489 4485 1648 4539 εἴασα
1684 4486 1870 4543 λοιπὸν

276 4566 373 4618 ἐπὶ
400 4563 501 4633 τὴν
528 4560 876 4633 παρανομίαν
905 4561 1234 4633 ἑλκυσθῆναι
1266 4563 1501 4634 ἐκείνην,
1534 4564 1821 4636 ἐξήρπασα
1844 4578 1868 4608 ο

273 4643 333 4697 δὲ
352 4642 455 4713 τῆς
475 4641 664 4695 ἀδίκου
686 4639 891 4711 ταύτης
919 4637 1246 4713 ἀπαγωγῆς.
1280 4642 1429 4696 Ἐπεὶ
1452 4642 1510 4695 δὲ
1532 4643 1621 4698 τὸν
1643 4644 1871 4702 ἕλκοντα

275 4723 496 4796 ἠρόμην
548 4724 598 4775 εί
650 4720 978 4793 Χριστιανὸς
1017 4720 1135 4793 είη,
1186 4722 1441 4785 κάκεῖνος
1484 4722 1866 4796 ὡμολόγησεν,

276 4800 581 4872 ἐπεκείμην
632 4800 878 4872 σφοδρῶς
898 4839 914 4863 .
964 4800 1320 4871 ἀναισθησίαν
1358 4801 1609 4871 ἐγκαλῶν
1640 4806 1737 4858 καὶ
1769 4808 1871 4880 τὴν

270 4882 516 4953 ἐσχάτην
543 4882 762 4944 ἄνοιαν,
797 4881 893 4933 καὶ
932 4881 1068 4935 ὄνων
1095 4881 1249 4935 οὐδὲν
1291 4883 1515 4953 ἄμεινον
1565 4884 1869 4939 διακεῖσθαι

274 4966 484 5034 ελεγον,
507 4965 557 5017 εί
580 4964 673 5017 τὸν
701 4964 937 5035 Χριστὸν
958 4963 1132 5033 λέγων
1154 4970 1500 5037 προσκυνεῖν.
1527 4968 1620 5021 ἐπὶ
1639 4967 1710 5021 τά
1731 4970 1871 5040 σπή-

272 5047 407 5101 λαια
431 5043 543 5098 τῶν
584 5043 875 5106 Ἰουδαίων,
906 5044 1017 5097 τῶν
1050 5048 1481 5117 σταυρωσάντων
1511 5048 1696 5113 αὑτὸν,
1722 5048 1870 5102 ἕλκοι

268 5124 428 5180 τινα·
453 5123 551 5177 καὶ
568 5123 779 5194 μακρὸν
804 5123 1090 5178 κατέτεινα
1111 5126 1246 5195 πρὸς
1271 5126 1433 5179 αὐτὸν
1455 5126 1630 5197 λόγον,
1655 5127 1870 5199 πρῶτον

278 5206 402 5273 μὲν,
426 5205 509 5256 ὅτι
535 5203 596 5255 οὐ
626 5201 784 5274 θέμις
809 5203 945 5267 ὅλως
969 5204 1350 5274 όμνύναι,οὐδέ
1374 5206 1620 5279 ἀνάγκην
1641 5208 1871 5277 ἐπάγειν

266 5282 763 5357 ὅρκων,δῶάσκων
795 5282 905 5337 ἀπὸ
930 5284 1040 5338 τῶν
1069 5284 1229 5339 θείων
1253 5284 1601 5355 Εὑαγγελίων
1619 5304 1633 5318 ο
1656 5288 1866 5357 ἔπειτα,

264 5413 279 5491 ξ
336 5496 353 5506 ,
382 5436 493 5506 [ζυο
513 5449 630 5488 mss.
643 5414 830 5506 habent
846 5413 1025 5501 τόλμαν
1044 5438 1221 5501 μᾶλλον
1240 5456 1406 5503 καταγ.
1420 5477 1433 5501 ,
1454 5441 1629 5492 elSav.
1647 5441 1697 5490 ιιι
1716 5455 1868 5506 marg.

336 5496 368 5564 ξ
393 5499 658 5564 'l‘ljesAmss.
682 5496 968 5564 προέστηκε.

1488 322 1864 381 ADVERSUS
1898 322 2208 387 IUDIEOS.
2224 330 2265 388 1.

3456 337 3562 394 848

1972 446 2056 498 ὅτι
2079 446 2142 498 οὺ
2173 447 2337 518 μόνον
2358 444 2377 485 ί
2405 446 2529 520 οὐχὶ
2549 448 2750 522 πιστὴν
2773 447 2868 505 καὶ
2898 448 3281 522 μεμνημένην.
3304 449 3420 505 ἀλλ’
3439 452 3563 508 οὐδέ

1971 525 2222 595 ἀμύητόν
2242 538 2364 580 τινα
2387 527 2525 598 πρὸς
2545 527 2752 600 ταύτην
2773 528 2952 584 ἐλκειν
2972 530 3140 600 ἐχρῆν
3166 529 3267 601 τὴν
3282 526 3563 603 ἀνάγκην.

1984 603 2156 682 Ὠςδέ
2193 604 2446 669 ἐξέϐαλον
2483 606 2572 661 διά
2616 607 2828 661 πολλῶν
2858 607 2952 662 καὶ
2992 606 3222 679 μακρῶν
3258 607 3433 678 λόγων
3462 608 3566 682 τὴν

1974 681 2402 760 πεπλανημένην
2432 685 2691 741 ὑπόνοιαν
2722 687 2822 758 τῆς
2852 687 3065 741 ἐκείνου
3096 686 3294 758 ψυχῆς,
3331 681 3565 760 ἠρώτων

1970 758 2070 837 τὴν
2096 761 2299 826 αἰτίαν,
2331 763 2400 817 δι’
2420 764 2489 833 ἢν
2515 764 2616 837 τὴν
2649 765 2980 837 Ἐκκλησίαν
3019 766 3201 835 ἀφεὶς,
3231 765 3326 820 ἐπὶ
3356 758 3427 822 τὰ
3451 765 3564 824 τῶν

1984 835 2251 918 Ἑϐραίων
2283 839 2430 896 εἷλκε
2458 844 2484 884 ε
2519 835 2792 915 συνέδρια.
2831 835 2890 900 Ὅ
2916 846 2976 900 δέ
3015 845 3247 910 πολλοὺς
3285 845 3391 917 ἐφη
3423 846 3564 918 πρὸς

1971 916 2133 997 αὐτὸν
2166 920 2471 997 εἰρηκέναι,
2499 920 2909 996 φοϐερωτέρους
2941 925 3066 989 τοὺς
3096 925 3214 978 ἐκεῖ
3240 916 3563 997 γινομένους

1970 994 2168 1076 όρκους
2205 993 2368 1053 εῖναι.
2403 1000 2527 1053 Ἐπὶ
2550 1000 2763 1065 τούτοις
2783 993 3073 1068 ἐστέναξα,
3100 1005 3194 1057 καὶ
3216 993 3563 1076 ἐνεπρήσθην

1972 1075 2079 1155 ὑπὸ
2109 1075 2307 1148 θυμοῦ,
2346 1079 2441 1132 καὶ
2478 1078 2619 1150 μετά
2645 1078 2820 1135 ταῦτα
2859 1081 3066 1150 ἐγέλων
3099 1082 3283 1140 πάλιν.
3318 1075 3430 1155 Τὴν
3462 1082 3562 1155 μὲν

1970 1153 2081 1227 γάρ
2124 1155 2219 1209 τοῦ
2256 1157 2506 1212 διαϐόλου
2549 1159 2886 1231 κακουργίαν
2917 1160 3095 1232 ὁρῶν,
3123 1153 3440 1226 ἐστέναζον,
3466 1153 3561 1216 οἷα

1970 1234 2097 1313 τοὺς
2118 1233 2219 1313 ἀνθ
2229 1234 2444 1306 ρώπους
2468 1236 2784 1292 ἀναπείθειν
2819 1238 3007 1311 ῐσχυσε
3027 1256 3042 1272 ·
3075 1240 3174 1313 τὴν
3206 1240 3262 1294 δέ
3285 1239 3561 1312 ρᾳθυμίαν

1969 1311 2484 1393 τῶνάπατωμένων
2504 1315 2871 1389 λογιζόμενος,
2891 1311 3319 1393 ἐνεπιμπράμην
3332 1311 3444 1373 ύπὸ
3463 1316 3558 1375 τοῦ

1971 1389 2146 1462 θυμοῦ
2165 1410 2180 1424 ο
2211 1393 2304 1447 καὶ
2346 1394 2453 1471 τὴν,
2490 1396 2675 1451 ἀνοιαν
2702 1398 2864 1453 πάλιν
2892 1399 3002 1454 τῶν
3039 1389 3429 1471 ἀπατηθέντων
3455 1399 3558 1469 ὅση

1969 1472 2067 1525 καὶ
2097 1471 2261 1544 ἡλίκη
2293 1491 2379 1539 τις
2422 1469 2494 1546 ῆν
2526 1477 2747 1531 σκοπῶν
2766 1517 2784 1545 ,
2818 1478 3041 1548 ἐγέλων.
3084 1469 3273 1533 Ταῦτα
3298 1478 3356 1532 δέ
3406 1472 3561 1531 εἷπον

1970 1550 2118 1630 πρὸς
2139 1551 2283 1623 ὑμᾶς
2325 1553 2421 1608 καὶ
2479 1554 2832 1629 διηγησάμην
2860 1600 2875 1624 ,
2924 1557 3112 1630 ἐπειδὴ
3165 1558 3304 1630 πρὸς
3337 1557 3464 1623 τοὺς
3490 1556 3564 1611 τὰ

1967 1626 2194 1685 τοιαῦτα
2227 1631 2324 1686 καὶ
2352 1626 2642 1697 ποιοῦντας
2680 1626 2798 1687 καῖ’
2818 1626 3129 1707 πάσχοντας
3175 1626 3563 1706 ἀῖπανθρώπῶζ
3600 1642 3631 1651 ..

1970 1710 2065 1764 xal
2094 1710 2415 1783 ἀναλγήτως
2442 1711 2720 1767 διάκεισθε
2740 1729 2754 1743 ·
2797 1712 2903 1770 κᾶν
2937 1713 3086 1785 ἴδητέ
3117 1731 3241 1769 τινα
3272 1714 3382 1769 τῶν
3407 1713 3562 1768 ἀδελ·-

1971 1788 2089 1858 φῶν
2114 1788 2222 1843 τῶν
2252 1790 2536 1862 ὑμετέρων
2574 1792 2654 1855 είς
2703 1793 3053 1864 παρανομίας
3108 1793 3365 1856 τοιαύτας
3397 1792 3562 1864 ἐμπί-

1971 1884 2196 1946 πτοντα,
2213 1867 2522 1941 ἀλλοτρίαν,
2547 1870 2648 1923 οὐκ
2670 1871 2878 1926 οἰκείαν
2905 1872 3125 1943 ἡγεῖσθε
3149 1872 3249 1945 τὴν
3274 1889 3336 1926 συ
3346 1872 3560 1946 μφοράν

1968 1938 2135 2010 εἶναιζ
2153 1947 2251 2001 καὶ
2282 1938 2419 2018 πρὸς
2446 1948 2574 2012 τοὺς
2598 1938 2971 2017 ἐγκαλοῦντας
2997 1938 3382 2020 ἀπολογεῖσθαι
3399 1938 3562 2022 ’νόμε-

1968 2025 2114 2093 ζετε,
2144 2025 2415 2095 λέγοντες,
2453 2025 2608 2098 Ἐμοὶ⁵
2640 2028 2749 2099 γὰρ
2777 2029 2829 2081 τί
2866 2028 3049 2100 μέλει;
3071 2029 3155 2093 τίς
3174 2030 3230 2084 δέ
3260 2048 3352 2101 μοι
3380 2029 3559 2101 κοινὸς

1968 2103 2106 2174 πρὸς
2135 2103 2338 2158 ἐκεῖνόν
2363 2105 2481 2156 ἐστι
2516 2102 2674 2173 λόγος
2699 2122 2714 2169 ;
2741 2107 2979 2176 ἐσχάτης
3017 2107 3435 2180 μισανθρωπίας
3464 2109 3561 2163 καὶ

1968 2182 2275 2254 Σατανικῆς
2314 2181 2598 2253 ὠμότητος
2633 2181 2999 2255 φθεγγόμενοι
3032 2187 3060 2225 h
3091 2188 3332 2259 ῥήματα.
3373 2188 3440 2245 Τί
3472 2186 3561 2240 λέ-

1966 2276 2121 2329 γεις;
2158 2259 2446 2332 ἄνθρωπος
2466 2260 2563 2320 ὢν.
2588 2263 2684 2315 καὶ
2704 2263 2807 2333 τῆς
2830 2264 3002 2337 αὐτῆς
3023 2266 3297 2321 κοινωνῶν
3321 2265 3558 2336 φύσεως,

1971 2338 2174 2411 μᾶλλον
2202 2337 2278 2405 δὲ,
2314 2338 2363 2390 εί
2394 2338 2475 2416 δεῖ
2511 2338 2729 2409 φύσεως
2762 2346 3055 2401 κοινωνίαν
3083 2345 3281 2411 είπεῖν,
3314 2343 3559 2416 κεφαλὴν

1969 2416 2098 2489 μίαν
2130 2416 2270 2488 ἐχων
2302 2416 2395 2470 τὸν
2430 2415 2687 2490 Χριστὸν,
2716 2419 2923 2492 τολμᾷς
2955 2422 3152 2487 εἰπεῖν,
3186 2422 3266 2474 ὄτι
3293 2421 3445 2475 οὐδέν
3475 2415 3560 2477 σοι

1967 2497 2145 2552 κοινόν
2178 2498 2295 2550 ἐστι
2329 2496 2466 2568 πρὸς
2493 2497 2563 2552 τά
2596 2496 2733 2571 μέλη
2765 2499 2838 2553 τά
2877 2500 2987 2569 σάς
3015 2499 3138 2565 Πῶς
3168 2495 3261 2555 οὖν
3295 2500 3387 2554 τὸν
3417 2502 3559 2574 Χρι-

1970 2575 2096 2631 στὸν
2138 2575 2423 2647 ὁμολογεῖς
2463 2577 2528 2631 σὺ
2567 2576 2808 2651 κεφαλὴν
2852 2575 2998 2635 ε’ίναι
3044 2580 3144 2649 τῆς
3191 2579 3557 2650 Ἐκκλησίας;

1969 2656 2064 2710 καὶ
2091 2655 2201 2727 γὰρ
2230 2658 2263 2724 ὴ
2294 2654 2505 2727 κεφαλὴ
2537 2657 2715 2711 πάντα
2737 2657 2807 2711 τά
2838 2657 2973 2730 μέλη
3001 2659 3294 2733 συνάπτειν
3321 2659 3559 2728 πέφυκε,

1967 2733 2225 2803 καὶπρὸς
2267 2733 2440 2787 ἐαυτὰ
2471 2734 2611 2804 μετά
2640 2736 2927 2809 ἀκριϐείας
2974 2737 3326 2810 ἐπιστρέφειν
3361 2753 3423 2790 τε
3462 2738 3559 2792 καὶ

1969 2812 2197 2866 συνδεῖν.
2230 2811 2294 2863 El
2319 2810 2375 2864 δὲ
2410 2813 2577 2881 μηδὲν
2607 2815 2788 2867 κοινὸν
2812 2814 2957 2886 ἔχεις
2989 2816 3126 2883 πρὸς
3148 2815 3212 2869 τὸ
3249 2813 3409 2886 μέλος
3438 2831 3558 2879 σου⁹

1964 2893 2086 2947 οὐδὲ
2111 2889 2247 2962 πρὸς
2282 2889 2373 2943 τὸν
2408 2889 2637 2961 ἀδελφόν
2673 2909 2768 2946 σου
2807 2893 2954 2965 ἔχεις
2985 2911 3039 2947 τι
3071 2895 3275 2960 κοινὸν,
3314 2894 3435 2947 οὐδὲ
3461 2910 3557 2947 κε-

1967 2970 2143 3041 φαλὴν
2176 2969 2319 3041 ἔχεις
2345 2969 2436 3022 τὸν
2469 2970 2726 3042 Χριστόν.
2763 2969 2850 3036 Ὠς
2878 2972 3065 3027 παιδία
3101 2973 3274 3046 μικρὰ
3300 2970 3559 3042 φοϐοῦσιν

1966 3046 2112 3123 ὑμᾶς
2144 3048 2420 3117 Ἰουδαῖοι,
2452 3052 2550 3103 καὶ
2594 3053 2696 3105 οὐκ
2747 3052 3088 3108 αἰσθάνεσθε.
3140 3053 3408 3124 Καθάπερ
3447 3051 3558 3123 γὰρ

1952 3122 2076 3193 ’τοῖς
2128 3129 2363 3192 παιδίοις
2406 3127 2639 3193 ἐκείνοις
2690 3134 3011 3202 προσωπεῖα
3049 3130 3204 3204 [592]
3247 3122 3557 3192 δεικνύντες

1967 3208 2175 3282 φοϐερά
2204 3207 2299 3261 κα)⁵
2328 3207 2713 3277 καταγέλαστα
2741 3208 2851 3264 τῶν
2874 3209 3088 3281 μιαρῶν
3114 3207 3341 3261 οἰκετῶν
3370 3206 3557 3260 πολλοὶ

1967 3289 2068 3359 (ού
2102 3289 2210 3357 γάρ
2243 3289 2361 3338 ἐστι
2409 3284 2572 3356 φύσει
2606 3285 2850 3359 φοϐερὰ,
2884 3286 3020 3343 ἀλλά
3068 3287 3155 3341 διά
3192 3287 3251 3340 τὸ
3285 3285 3502 3348 εὐτελὲς
3532 3284 3551 3327 ἰ

1964 3368 2066 3439 τῆς
2084 3366 2322 3429 διανοίας
2340 3365 2564 3419 τοιαῦτα
2581 3366 2860 3435 φαίνεται)
2882 3368 3049 3422 πολὺν
3086 3365 3297 3422 κινοῦσι
3318 3364 3553 3434 γέλωταο

1964 3447 2107 3500 οὕτω
2131 3446 2194 3518 δὴ
2224 3446 2467 3506 καὶτοὺς
2498 3444 2892 3519 ἀτελεστέρους
2920 3444 3030 3499 τῶν
3057 3442 3399 3516 Χριστιανῶν
3431 3459 3558 3514 μορ-

2014 3525 2326 3579 ολύττονται
2362 3524 2624 3579 Ἰουδαῖοι.
2661 3524 2786 3589 Πῶς
2821 3526 2929 3598 γὰρ
2957 3524 3027 3580 τά
3072 3526 3203 3597 παρ’
3238 3524 3420 3584 αὐτοῖς
3459 3537 3556 3591 φο-

2014 3544 2326 3579 οΛυττονται
2368 3544 2624 3579 ιουοαιοι.
2662 3544 2786 3589 ιιως
2821 3544 2929 3598 γαρ
2957 3544 3027 3580 τα
3072 3544 3200 3597 παρ
3238 3544 3420 3584 αυτοις
3459 3544 3556 3591 φο-

1968 3544 2129 3675 ἓερά,
2168 3604 2236 3655 τὰ
2271 3602 2473 3674 πολλῆς
2505 3602 2769 3676 αἰσχύνης
2797 3605 2894 3658 καὶ
2920 3603 3158 3671 γέλωτος
3190 3603 3452 3674 γέμοντα,
3487 3599 3558 3656 τά

1968 3680 2077 3738 τῶν
2106 3682 2651 3754 προσκεκρουκότων,
2691 3683 2760 3738 τά
2784 3682 2894 3736 τῶν
2923 3683 3310 3755 ῆτιμωμένων,
3343 3680 3414 3735 τά
3446 3680 3555 3736 τῶν

1970 3764 2277 3819 καταδίκων
2304 3778 2319 3829 ;
3528 3814 3533 3819 .

2040 3845 2103 3899 δ’.
2140 3841 2279 3897 Ἀλλ’
2305 3842 2366 3896 οὐ
2396 3841 2464 3897 τά
2493 3842 2739 3915 ἡμέτερα
2759 3842 3002 3913 τοιαῦτα,
3027 3843 3143 3899 ἀλλ’
3160 3841 3328 3909 ὅντως
3355 3846 3562 3919 φοϐερά

1972 3925 2067 3981 καὶ
2094 3925 2293 3995 φρίκης
2327 3924 2630 3994 ἀνάμεστα.
2654 3923 2824 3977 Ἔνθα
2846 3923 2955 3995 γὰρ
2977 3924 3109 3988 Θεός
3144 3925 3262 3977 ἐστι
3296 3923 3441 3994 ζωῆς
3461 3922 3556 3976 καὶ

1969 4004 2203 4073 θανάτου
2233 4001 2480 4069 ἐξουσίαν
2506 4001 2668 4072 ἐχων,
2701 3997 2856 4066 οὗτος
2887 4002 3118 4073 φοϐερὸς
3150 4004 3179 4056 6
3207 4002 3369 4065 τόπος
3388 4020 3402 4034 ο
3427 4001 3556 4055 ἔνθα

1972 4084 2159 4155 μυρίοι
2186 4082 2317 4154 περὶ
2350 4079 2622 4134 κολάσεων
2649 4079 2934 4136 ἀθανάτων
2956 4081 3126 4150 λόγοι,
3157 4081 3287 4153 περὶ
3314 4081 3423 4133 τῶν
3454 4096 3557 4133 πυ-

1970 4163 2133 4238 ρίνων
2181 4159 2445 4231 ποταμῶν
2467 4198 2483 4223 ,
2521 4161 2652 4232 περὶ
2695 4159 2791 4214 τοῦ
2843 4159 3127 4233 σκώληκος
3169 4160 3266 4213 τοῦ
3323 4157 3555 4223 ίοϐόλου,

1968 4245 2098 4314 περὶ
2131 4240 2241 4295 τῶν
2272 4239 2489 4312 δεσμῶν
2522 4239 2634 4294 τῶν
2668 4241 2995 4313 ἀρρήκτων,
3028 4239 3156 4311 περὶ
3183 4238 3279 4292 τοῦ
3328 4238 3555 4302 σκότους

1967 4323 2063 4377 τοῦ
2091 4319 2382 4393 ἐξωτέρου.
2421 4320 2650 4378 Ἐκεῖνοι
2674 4320 2732 4374 δὲ
2753 4319 2960 4374 τούτων
2988 4320 3087 4391 μὲν
3117 4317 3268 4372 οὐδὲν
3298 4317 3403 4372 οὐδ’
3423 4318 3557 4388 ὄναρ

1970 4402 2135 4469 ῐσασι,
2155 4403 2219 4472 τῇ
2246 4399 2447 4471 γαστρὶ
2479 4399 2704 4464 ζῶντες,
2725 4399 2863 4469 πρὸς
2882 4399 2951 4451 τὰ
2972 4398 3214 4470 παρόντα
3248 4398 3558 4471 κεχηνότες,

1969 4483 2080 4536 ὑῶν
2110 4483 2204 4536 καὶ
2230 4482 2449 4551 τράγων
2480 4479 2633 4533 οὐδὲν
2660 4479 2881 4550 ἄμεινον
2910 4478 3265 4551 διακείμενοι,
3291 4480 3431 4534 κατὰ
3461 4479 3555 4535 τὸν

1968 4563 2067 4633 τῆς
2100 4560 2393 4629 ἀσελγείας
2435 4558 2592 4627 λόγον
2638 4558 2734 4612 καὶ
2775 4559 2875 4630 τὴν
2906 4558 3005 4630 τῆς
3041 4559 3351 4633 ἀδηφαγίας
3382 4561 3554 4632 ὑπερ-

1970 4642 2169 4713 ϐολήνο
2224 4639 2282 4693 ἐν
2328 4638 2387 4692 δέ
2422 4639 2742 4695 ἐπίστανται
2793 4640 2977 4712 μόνον,
3020 4641 3413 4713 γαστρίζεσθαι
3459 4643 3557 4697 καὶ

1972 4720 2215 4793 μεθύειν,
2246 4719 2387 4789 ὑπὲρ
2418 4718 2702 4791 ὀρχηστῶν
2733 4721 3196 4787 κατακόπτεσθαι,
3233 4722 3373 4793 ὑπὲρ
3405 4721 3554 4792 ηνιό-

1969 4818 2080 4873 χων
2104 4798 2596 4872 τραυματίζεσθαι.
2632 4799 2820 4855 Ταῦτα
2863 4796 2980 4866 οὖν⁹
3020 4801 3147 4854 εἰπέ
3207 4817 3329 4872 μοι,
3380 4798 3557 4873 σεμνά

1970 4884 2065 4936 καὶ
2093 4881 2336 4954 φοϐερά;
2361 4882 2457 4935 καὶ
2480 4880 2562 4945 τίς
2587 4880 2653 4936 ἂν
2676 4882 2837 4936 τοῦτο
2857 4883 3037 4948 εῐποι;
3064 4881 3233 4937 Πόθεν
3254 4878 3347 4936 οὖν
3374 4885 3543 4954 ἡμῖνι

1968 4961 2153 5029 ἔδοξαν
2194 4958 2334 5015 εἶναι
2364 4960 2593 5033 φοϐερά,
2634 4961 2775 5035 πλὴν
2797 4964 2847 5017 εί
2882 4962 2959 5035 μὴ
2988 4962 3083 5017 καὶ
3116 4965 3243 5027 τοὺς
3272 4964 3556 5035 ἠτιμωμέ-

1969 5059 2091 5103 νους
2120 5042 2229 5096 τῶν
2261 5041 2509 5110 οἰκετῶν,
2527 5043 2622 5096 καὶ
2650 5044 2777 5107 τοὺς
2799 5043 3305 5115 ἀπαρρησιάστους,
3333 5042 3427 5095 καὶ
3450 5044 3554 5115 τῆς

1968 5125 2297 5196 δεσποτικῆς
2348 5125 2525 5189 οἰκίας
2557 5124 2926 5192 ἐκπεσόντας,
2977 5128 3243 5200 φοϐερούς
3284 5146 3368 5194 τις
3408 5123 3553 5197 εἶναι
3592 5180 3633 5187 ,.

1968 5206 2116 5274 λέγοι
2142 5206 2252 5269 τοῖς
2284 5204 2633 5276 εὐδοκιμοῦσι
2659 5204 2756 5259 καὶ
2785 5208 3101 5277 παρρησίαν
3124 5209 3371 5278 ἐχουσιν;
3411 5209 3551 5264 Ἀλλ’

1968 5287 2069 5340 οὐκ
2097 5284 2212 5338 ἐστι
2236 5283 2429 5350 ταῦτα,
2459 5284 2561 5337 οὐκ
2592 5283 2770 5337 ἐστιν⁹
2801 5285 2922 5357 ἐπεὶ
2951 5286 3085 5356 μηδέ
3123 5288 3415 5360 πανδοκεῖα
3442 5291 3553 5344 τῶν

1960 5366 2273 5439 βασιλικῶν
2305 5363 2486 5420 αὐλῶν
2519 5363 2852 5435 σεμνότερα,
2886 5365 3087 5435 μᾶλλον
3129 5366 3188 5420 δέ
3223 5368 3317 5422 καὶ
3352 5370 3551 5426 πανδο·

1966 5446 2115 5519 χείου
2142 5444 2342 5508 παντὸς
2375 5444 2702 5527 ἀτιμότερον
2731 5444 2793 5498 τὸ
2842 5446 2943 5515 τῆς
2986 5445 3311 5518 συναγωγῆς
3351 5449 3552 5522 χωρίον

265 5560 279 5574 '
310 5561 367 5592 ’⁸
388 5561 490 5610 ‘Slc
514 5550 745 5625 Saélliiﬁ
771 5550 932 5625 ιειιὶι,
976 5550 1173 5612 λίπει(
1197 5567 1250 5611 et
1272 5554 1495 5625 maxima'
1518 5577 1631 5625 pars
1649 5577 1762 5613 mss.
1783 5578 1796 5624 ;
1820 5563 1869 5614 in
1923 5587 1962 5620 ι,

270 5634 432 5688 φατε.
460 5623 881 5688 τυιεωίεετίιηθι
894 5626 995 5688 δυο
1013 5626 1362 5688 φειᾼπαράξω.
1389 5623 1731 5687 [οτι-ε’(ιυιόυω
1751 5623 1867 5676 ωδε.

273 5684 656 5754 ἀποφήναβομὸ
677 5684 935 5757 δαιμόνιον.
974 5686 1099 5735 Infra
1123 5685 1153 5732 2
1173 5684 1286 5736 mks.
1312 5688 1476 5743 τόποις
1499 5703 1534 5735 π
1551 5684 1866 5797 ἰοπρὲγλογσι.

291 5808 299 5812 _
339 5749 366 5785 α
394 5747 460 5812 S_a
496 5746 551 5793 Il.
596 5754 650 5812 ει
684 5759 904 5812 (ιψιιριιε
940 5760 1054 5812 mss.
1080 5748 1489 5812 xal‘rﬁvavoglov
1526 5703 1629 5812 ἕιαν
1651 5765 1725 5798 κω
1756 5766 1866 5812 υσαι

339 5749 366 5785 d
394 5748 460 5795 Sa
496 5748 551 5793 il.
580 5748 650 5795 ’el
684 5748 904 5808 quinque
940 5760 1054 5801 mss.
1080 5748 1163 5796 καὶ
1203 5750 1289 5806 τὴν
1312 5750 1489 5809 avom»;
1526 5748 1629 5812 βίαν
1651 5748 1868 5798 κωλῦσαι

281 5808 435 5872 (quod
459 5807 769 5872 fgcepimuy).
810 5809 977 5872 Morel.
1021 5816 1073 5859 el
1109 5810 1193 5859 alii
1239 5810 1318 5859 καὶ
1352 5812 1439 5867 τὴν
1465 5810 1663 5872 ἀνομίαν
1705 5808 1864 5859 κωλῦ-

266 5869 936 5947 ⁴λ²ξ⁴Εέ¹9η¹ίοεί¹ίί⁸ίΨ.)..,
1423 5934 1434 5947 ,
1620 5920 1651 5947 .-
1690 5933 1710 5947 .

342 5934 362 5957 ‘
380 5932 483 5986 Alii
509 5931 707 5992 ἐκείνηνο
737 5934 841 5983 ἀλλ’
863 5932 1120 5998 ἐξήρπασα.
1159 5931 1279 5985 Ibid.
1306 5933 1388 5997 alii
1416 5933 1493 5983 ἐπὶ
1515 5934 1566 5983 δέ
1586 5932 1665 5985 τὸν
1688 5933 1789 5982 an.

2032 5622 2052 5662 ἲ
2077 5625 2159 5691 εἰς
2180 5638 2325 5691 unus_
2344 5625 2458 5691 ch._
2482 5626 2538 5676 In
2556 5626 2668 5678 aliis
2690 5626 2918 5679 omnibus
2937 5634 3039 5679 tum
3060 5630 3198 5691 edd.,
3222 5634 3326 5680 tum
3348 5643 3465 5681 ποτε.
3490 5634 3549 5686 οὐ

1968 5687 2109 5753 μόνον
2120 5689 2280 5753 θεεει.
2295 5686 2395 5753 8εᾴ
2410 5689 2496 5753 illo
2508 5702 2568 5753 εκ
2577 5697 2760 5751 puncto
2770 5693 2928 5753 oratio
2941 5706 3143 5753 prorsus
3150 5686 3319 5746 nianca
3333 5694 3544 5745 videtur.

2032 5752 2058 5789 8
2081 5747 2180 5798 Alii
2208 5762 2317 5798 cum
2342 5749 2514 5799 Morel.
2542 5747 2619 5800 ἐπὶ
2642 5753 2702 5801 τὰ
2726 5752 2907 5801 τούτων
2927 5747 3070 5805 είλκε.

2026 5810 2057 5878 1}
2080 5810 2195 5878 έιίἱς
2205 5812 2527 5878 φθεγγόμενος,
2550 5814 2631 5863 alil
2651 5815 2969 5878 φθεγγόμενοι.

2033 5872 2054 5935 ί
2083 5871 2234 5935 δανὶι.
2261 5871 2535 5935 εὶιιιιίόαιιι
2563 5871 2679 5926 mss'.
2702 5871 2782 5925 δια
2799 5871 2855 5926 τὸ
2876 5878 3056 5933 ἀτελές.

2036 5934 2049 5987 i
2083 5934 2184 5983 Alii
2210 5934 2427 5998 ὑμῖν,ίῆ
2449 5950 2558 5989 mox
2585 5939 2795 6003 φοϐεροί,
2816 5952 2905 6002 pro
2926 5941 3116 6009 φοῦ·ρὼ
3216 5994 3224 6003 ,
