4084 6186
309 318 413 374 849

312 458 441 501 num
483 451 568 498 est
611 439 888 497 habitatio.
917 438 1029 496 lmo
1077 455 1180 494 non
1231 437 1522 512 Synagogue
1567 439 1759 503 solum,
1803 438 1898 493 sed

312 535 443 604 ipsa:
467 533 626 588 etiam
652 531 956 586 .ludreorum
984 530 1173 585 animae
1206 547 1220 583 :
1247 530 1388 600 quod
1415 529 1670 583 orationis
1690 530 1899 600 epilogo

312 622 552 680 conabor
577 622 962 677 demonstrare.
989 621 1163 690 Quare
1186 636 1281 676 vos
1307 620 1511 686 hortor,
1539 630 1594 676 ut
1620 619 1775 691 hujus
1801 637 1897 692 po.

319 717 584 772 tissimum
628 714 1026 784 disceptationis
1066 713 1434 768 memineritis.
1484 712 1602 768 Non
1645 713 1787 768 enim
1833 712 1900 768 ad

310 808 746 873 ostentationem,
779 820 951 875 neque
995 815 1210 875 propter
1253 804 1563 875 applausum
1596 819 1737 858 nunc
1761 803 1898 858 dici-

313 915 437 954 mus
463 917 478 954 :
505 899 599 954 sed
628 909 681 953 ut
711 898 1020 955 medeamur
1045 898 1236 957 animis
1265 898 1474 953 vestris.
1514 896 1646 952 Nam
1676 897 1794 967 quis
1821 905 1904 952 est

314 992 466 1045 vobis
488 1003 667 1045 sermo
689 989 1046 1045 excusationis
1081 989 1346 1060 reliquus,
1379 991 1423 1046 si
1455 991 1506 1044 in
1539 998 1682 1044 tanta
1729 989 1899 1045 medi-

313 1098 499 1136 Cnntm
528 1080 682 1149 copia
708 1080 868 1150 aliqui
899 1080 1193 1150 aegrotent?

390 1174 562 1244 Major
583 1189 701 1243 pars
729 1172 865 1226 urbis
892 1172 1173 1226 Antiochia:
1200 1171 1484 1242 Christiana
1511 1181 1637 1224 erat.
1660 1202 1731 1212 —
1755 1172 1899 1226 Duo-

315 1265 490 1318 decim
540 1273 690 1319 erant
731 1264 978 1335 apostoli,
1008 1272 1061 1319 et
1085 1265 1391 1318 universum
1423 1263 1674 1318 mundum
1703 1264 1904 1318 allexe-

317 1365 445 1412 runt
472 1375 485 1411 :
518 1356 688 1426 major
731 1372 854 1426 pars
879 1357 1025 1411 urbis
1050 1367 1133 1411 est
1157 1356 1482 1423 Christiana,
1514 1365 1566 1410 et
1590 1355 1763 1410 adhuc
1783 1357 1902 1426 qui-

316 1450 441 1504 dam
495 1449 684 1506 morbo
727 1447 984 1503 .ludaismi
1043 1447 1309 1502 laborant.
1359 1449 1421 1502 Et
1465 1463 1565 1517 qua
1629 1462 1728 1501 nos
1789 1448 1904 1502 sani

317 1540 630 1594 defensione
653 1538 898 1594 utemur?
927 1540 1074 1609 Digni
1107 1555 1235 1594 sane
1275 1540 1431 1594 etiam
1473 1539 1656 1609 mgroti
1687 1539 1756 1593 illi
1783 1549 1905 1594 sunt

317 1630 542 1687 crimine
587 1648 599 1684 :
642 1629 735 1684 sed
782 1645 953 1698 neque
999 1647 1098 1684 nos
1135 1645 1386 1684 vacamus
1431 1631 1624 1700 eulpa,
1675 1630 1804 1701 ipsis
1851 1632 1902 1686 in

319 1723 509 1777 morbo
533 1721 806 1791 neglectis.
829 1712 925 1775 Vix
957 1723 1096 1776 enim
1123 1737 1184 1776 ac
1214 1738 1282 1776 ne
1313 1723 1396 1776 vix
1424 1722 1635 1792 quidem
1668 1724 1710 1776 si
1741 1723 1905 1778 multa

319 1826 505 1870 nostra
533 1830 656 1870 cura
689 1815 1007 1881 fruerentur,
1033 1815 1226 1869 infirmi
1257 1830 1376 1870 esse
1407 1827 1702 1886 pergerent.
1723 1815 1899 1882 Quare

319 1905 616 1975 anticipans
658 1905 772 1960 lucc
797 1921 938 1960 nunc
968 1905 1106 1970 dico,
1137 1917 1194 1959 ut
1220 1905 1442 1975 quilibet
1465 1915 1698 1958 vestrum
1739 1915 1905 1958 attra-

321 1996 413 2050 hat
443 1995 679 2060 fratrem,
710 1997 870 2051 etiam
898 1995 941 2049 si
969 1995 1256 2050 necessitas
1287 1995 1602 2064 imponenda
1632 1996 1718 2060 sit,
1746 1997 1904 2049 etiam

321 2087 366 2142 si
415 2088 500 2142 vis
537 2087 794 2152 facienda,
825 2088 983 2143 etiam
1023 2088 1068 2142 si
1103 2088 1438 2143 contumeliis
1475 2097 1530 2142 et
1564 2087 1906 2142 contentione

322 2180 480 2235 fuerit
508 2194 641 2250 opus
673 2197 687 2235 :
717 2195 929 2236 omnem
975 2188 1185 2235 moveto
1223 2179 1476 2252 lapidem,
1507 2179 1676 2249 ipsum
1706 2189 1762 2234 ut
1790 2179 1907 2233 dia-

322 2273 430 2326 boli
469 2273 658 2342 laqueo
683 2272 904 2335 eximas,
949 2271 1246 2340 liberesque
1277 2286 1304 2323 a
1335 2270 1655 2324 commercio
1697 2285 1902 2334 eorum,

323 2364 414 2434 qui
459 2363 727 2418 Christum
769 2362 884 2418 neci
930 2363 1208 2417 dederunt.
1237 2362 1291 2418 Si
1323 2364 1532 2417 videres
1559 2363 1610 2416 in
1638 2363 1752 2418 foro
1782 2362 1904 2418 duci

319 2455 625 2524 quempiam
652 2454 716 2508 ad
759 2455 1094 2524 supplicium,
1143 2454 1347 2508 calculo
1382 2453 1527 2524 justo
1573 2453 1904 2521 damnatum,

321 2546 524 2614 tibique
565 2546 786 2601 liberum
829 2553 972 2600 esset
1013 2543 1081 2598 de
1128 2544 1392 2599 carnificis
1442 2544 1690 2599 manibus
1734 2545 1906 2613 ipsum

321 2651 531 2704 rapere,
563 2651 737 2690 annon
769 2633 1230 2708 quidvisgfacercs,
1265 2644 1322 2688 ut
1347 2633 1734 2690 abduceretur?
1758 2634 1908 2690 Nunc

319 2744 442 2781 eum
475 2743 664 2782 cernas
692 2728 904 2781 fratrem
929 2711 1076 2781 tuum
1104 2743 1210 2780 non
1235 2741 1261 2777 a
1291 2725 1496 2792 lictore,
1523 2726 1615 2781 sed
1642 2740 1670 2779 a
1698 2725 1907 2780 diabolo

326 2821 391 2875 ad
423 2821 735 2890 perditionis
778 2820 1084 2874 barathrum
1114 2831 1297 2874 contra
1320 2818 1407 2889 jus
1437 2827 1491 2874 et
1517 2818 1594 2872 fas
1623 2819 1793 2882 trahi,
1823 2818 1907 2873 vel

321 2915 618 2979 symbolam
650 2916 883 2984 gravaris
909 2914 1058 2975 dare,
1087 2929 1188 2984 qua
1239 2914 1410 2983 ipsutn
1458 2912 1745 2981 iniquitatis
1788 2913 1906 2965 vin-

320 3008 443 3060 culo
483 3007 702 3060 cximas.
739 3006 802 3059 Et
843 3004 1109 3074 quomodo
1148 3003 1300 3058 venia
1330 3002 1404 3055 sis
1432 3002 1654 3072 dignus?
1671 3001 1776 3058 Sed
1805 3016 1900 3055 va-

321 3101 518 3156 lentior
558 3110 608 3154 te
649 3107 751 3164 est,
787 3107 839 3152 et
866 3097 1152 3167 potentior.
1204 3095 1327 3150 Mihi
1375 3095 1547 3164 ipsum
1590 3094 1900 3148 ostendito:

324 3190 618 3260 perieulum
664 3189 852 3258 capitis
892 3187 1082 3242 subibo
1121 3186 1316 3256 potius,
1346 3201 1503 3255 quam
1532 3195 1584 3239 ut
1616 3185 1785 3254 patiar
1814 3198 1902 3238 sa-

322 3296 536 3334 crorum
583 3279 728 3332 illum
785 3278 984 3348 ingredi
1033 3276 1329 3342 vestibula,
1373 3275 1417 3330 si
1463 3275 1806 3346 pertinaciter
1855 3275 1907 3330 in

323 3373 600 3443 proposito
646 3371 917 3425 manserit.
943 3367 1080 3436 Quid
1121 3368 1264 3422 enim
1296 3366 1391 3420 tibi
1420 3382 1540 3421 cum
1566 3367 1755 3426 libera,
1785 3381 1906 3420 cum

323 3463 525 3517 caelesti
567 3460 861 3516 Jerusalem
901 3457 1221 3513 commune?
1266 3457 1518 3527 Delegisti
1569 3465 1905 3523 terrestrem;

322 3568 444 3608 cum
477 3567 536 3606 ea
593 3550 790 3605 servito
821 3567 835 3604 :
864 3563 984 3602 nam
1011 3554 1066 3602 et
1102 3547 1214 3616 ipsa
1258 3562 1380 3602 cum
1424 3546 1546 3602 ﬁliis
1587 3546 1696 3602 suis
1741 3547 1908 3602 servit

323 3644 619 3700 secundum
651 3641 892 3713 Apostoli
921 3640 1080 3695 verba
1109 3639 1304 3710 (Galat.
1333 3641 1385 3697 4.
1406 3638 1522 3710 25).
1542 3639 1758 3710 Jejunas
1785 3656 1906 3695 cum

322 3733 807 3802 .lndmis?Depone
853 3733 1028 3786 soleas
1074 3746 1286 3802 quoque
1337 3745 1458 3785 cum
1502 3729 1637 3798 istis,
1657 3741 1710 3808 et
1752 3732 1908 3787 nudis

325 3829 375 3880 in
409 3828 522 3880 foro
549 3826 768 3894 pedibus
793 3825 1004 3880 ambula
1049 3827 1326 3896 particeps
1358 3823 1592 3880 indecori
1636 3835 1818 3896 gestus
1852 3834 1909 3881 et

325 3921 460 3973 risus
491 3934 696 3974 eorum.
726 3918 838 3973 lloc
879 3918 1018 3973 haud
1069 3918 1244 3973 facere
1283 3917 1476 3988 gesties
1506 3936 1519 3973 :
1552 3918 1715 3987 pudet
1740 3919 1904 3986 enim,

323 4020 376 4062 et
407 4010 602 4063 rubore
624 4007 963 4062 sull‘underis.
984 4006 1100 4062 Jam
1131 4007 1363 4076 gestibus
1393 4022 1576 4062 eorum
1600 4007 1676 4061 uti
1701 4007 1863 4077 pudet
1889 4019 1905 4064 ':

325 4100 614 4167 impietatis
644 4113 770 4152 vero
795 4097 1105 4153 eorumdem
1137 4098 1311 4152 socius
1341 4112 1458 4152 esse
1486 4112 1590 4152 non
1612 4097 1906 4154 erubescis.

323 4191 462 4256 Quid
508 4199 686 4243 autem
712 4190 887 4244 veniae
911 4188 1240 4258 impetrabis,
1272 4203 1391 4243 cum
1420 4188 1494 4242 sis
1522 4188 1906 4243 semichristia-

324 4281 461 4335 nus?
500 4280 555 4333 lu
584 4279 769 4349 capitis
808 4279 1095 4334 discrimen
1143 4279 1290 4350 prius
1335 4278 1610 4348 adducar,
1655 4280 1858 4335 credite
1888 4322 1904 4347 ,

324 4388 484 4443 quam
528 4372 692 4426 ullum
737 4371 1030 4426 istiusmodi
1060 4371 1246 4425 morbo
1275 4386 1586 4441 oppressum
1618 4373 1902 4442 negligam,

326 4465 370 4518 si
403 4463 623 4527 videro;
647 4463 726 4517 siu
754 4478 840 4517 me
869 4462 1073 4530 latebit,
1109 4462 1248 4520 Deus
1274 4463 1764 4533 omninoignoscet.
1785 4463 1908 4518 Haec

325 4567 509 4608 secum
537 4553 761 4622 quisque
802 4554 961 4608 etiam
1006 4561 1239 4608 vestrum
1287 4559 1514 4621 reputet,
1543 4567 1642 4608 nec
1679 4568 1792 4608 rem
1837 4554 1907 4607 ita

325 4645 500 4700 levem
528 4643 779 4714 quasique
796 4643 968 4699 obiter
987 4643 1273 4698 curandam
1297 4643 1580 4699 existimet.
1604 4643 1717 4699 Non
1739 4653 1911 4699 atten-

327 4735 482 4789 distis
512 4733 636 4802 quid
655 4735 707 4787 in
734 4747 882 4788 saera
910 4734 1106 4806 Synaxi
1134 4734 1397 4789 Diaconus
1428 4732 1654 4790 subinde
1679 4735 1910 4790 clamet?

327 4827 584 4881 Aliivzlioa
614 4827 798 4879 noscite
825 4842 843 4879 :
870 4825 1136 4897 quomodo
1166 4827 1218 4881 in
1247 4826 1436 4882 fratres
1468 4826 1704 4882 studiose
1734 4827 1909 4896 inqui-

326 4915 477 4971 rendi
510 4916 810 4971 facultatem
836 4916 982 4971 vobis
1006 4917 1271 4986 pratbeat?
1304 4917 1447 4972 Idem
1465 4917 1515 4971 in
1536 4917 1638 4974 illis
1664 4918 1907 4974 observa.

325 5008 379 5062 Si
409 5022 568 5078 quem
598 5008 842 5078 cognoris
859 5006 1217 5078 judaizautem
1238 5050 1252 5074 ,
1277 5007 1568 5078 prehende,
1593 5017 1773 5064 notum
1805 5007 1905 5074 fac,

327 5113 393 5151 ne
409 5097 549 5151 idem
568 5097 679 5166 ipse
693 5113 902 5167 quoque
921 5098 1208 5167 periculum
1225 5098 1436 5153 subeas.
1448 5098 1577 5152 Nam
1591 5109 1642 5154 et
1660 5098 1711 5153 in
1725 5100 1912 5154 castris
1933 5149 1940 5159 ,

326 5199 654 5251 exterorum,
684 5189 727 5241 si
757 5189 873 5256 quis
922 5188 1076 5244 miles
1109 5188 1536 5258 deprehendatur
1565 5190 1908 5245 barbarorum

328 5281 718 5349 Persarumque
749 5279 938 5346 fautor,
973 5297 1078 5334 non
1107 5281 1218 5350 ipse
1243 5281 1415 5336 solum
1442 5280 1614 5351 capite
1640 5283 1908 5353 periclita-

327 5382 432 5433 tur.
459 5371 557 5425 sed
604 5371 822 5440 quilibet
863 5371 978 5442 ejus
1003 5371 1080 5427 rei
1128 5376 1392 5438 conscius,
1417 5387 1516 5428 nec
1539 5373 1661 5427 duci
1708 5373 1912 5428 exerci-

327 5479 410 5522 tus
440 5469 592 5523 illum
623 5468 870 5538 prodens.
904 5470 1034 5524 Cum
1064 5469 1222 5541 igitur
1245 5479 1301 5525 et
1327 5484 1422 5526 vos
1441 5471 1558 5534 sitis
1591 5469 1788 5528 Christi
1815 5489 1910 5528 ex-

327 5559 557 5623 ercitus,
605 5558 816 5615 curiose
859 5574 922 5614 ac
966 5560 1247 5631 diligenter
1290 5561 1571 5632 inquirite,
1621 5577 1745 5618 num
1793 5564 1911 5632 quis

328 5651 621 5720 alienigena
653 5653 803 5707 vobis
822 5654 886 5708 sit
907 5653 1196 5720 admixtus,
1222 5654 1443 5726 ejusque
1473 5671 1666 5711 nomen
1688 5655 1908 5723 deferte,

331 5758 432 5798 non
459 5755 518 5800 ut
543 5743 871 5804 accidamus,
898 5744 1040 5801 velut
1080 5745 1190 5814 illi;
1219 5759 1387 5814 neque
1419 5755 1474 5800 ut
1503 5761 1658 5817 paena
1705 5747 1908 5816 suppli-

1525 323 1878 382 onensus
1916 316 2215 384 mimos.
2257 329 2298 384 ι.

3480 345 3589 398 850

2006 441 2158 496 ciove
2184 441 2478 499 afficiamus
2502 463 2516 500 :
2539 445 2633 501 sed
2665 457 2918 504 utcrrore
2950 457 3106 520 atque
3127 449 3396 520 impietate
3416 451 3590 521 ipsum
3627 462 3642 478 ‘

2006 529 2311 596 liberemus,
2363 534 2676 605 penitusque
2724 549 2965 592 nostrum
3013 540 3316 596 reddamus.
3357 542 3507 610 Quod
3539 545 3589 599 si

2006 623 2207 687 nolitis,
2248 624 2583 696 scientesque
2630 627 2832 694 celetis,
2885 632 3099 686 easdem
3128 650 3255 698 vos,
3299 651 3431 704 quas
3479 636 3588 703 illi,

2008 728 2192 782 pinnas
2218 715 2436 772 daturos
2452 733 2589 780 esse,
2617 722 2780 788 probe
2806 721 2972 776 nostis
2998 766 3013 781 .
3041 724 3239 784 Paulus
3259 729 3588 801 (Romus?)

2007 807 2203 862 etenim
2234 824 2339 862 non
2367 824 2462 864 eos
2504 812 2696 876 solum,
2727 813 2815 882 qui
2860 814 2999 869 mala
3047 826 3372 886 perpetrant,
3401 833 3587 874 verum

2007 907 2061 952 et
2101 899 2483 969 approbatores
2539 917 2710 972 poma:
2749 915 2805 959 et
2839 907 3100 976 supplicio
3137 908 3369 978 subjicit.
3415 909 3590 980 Atque

2007 993 2165 1045 etiam
2197 993 2450 1062 propheta
2471 993 2796 1063 (Psalm.49.
2820 997 2910 1068 18)
2943 1014 3045 1053 non
3079 998 3222 1055 fures
3249 1011 3474 1071 tantum,
3493 1003 3591 1058 sed

2007 1093 2060 1139 et
2105 1100 2224 1139 cum
2268 1086 2370 1139 illis
2412 1096 2687 1143 currentes
2732 1089 2904 1144 eidem
2955 1106 3126 1162 poenae
3168 1094 3384 1162 addicit,
3431 1096 3592 1165 idque

2009 1180 2218 1232 merito.
2250 1179 2379 1234 Nam
2403 1183 2490 1251 qui
2517 1183 2728 1252 culpam
2773 1184 2992 1239 alterius
3030 1189 3275 1242 conscius
3314 1189 3508 1245 occulit
3535 1199 3591 1246 et

2010 1270 2157 1340 tegit,
2185 1271 2437 1340 majorem
2481 1273 2554 1326 illi
2599 1274 2687 1328 dat
2727 1277 2986 1330 socordiae
3015 1292 3221 1346 ansam,
3249 1289 3407 1351 atque
3431 1295 3592 1338 secu-

2011 1362 2210 1416 riorem
2240 1364 2291 1416 iu
2319 1365 2714 1421 committendis
2741 1365 2950 1422 delictis
2977 1368 3173 1422 reddit.

2080 1452 2134 1506 5.
2165 1452 2357 1506 Verum
2389 1453 2454 1509 ad
2483 1465 2716 1523 aegrotos
2756 1471 2943 1510 rursus
2971 1457 3320 1512 redeundum.
3353 1458 3593 1531 Cogitate

2009 1541 2186 1611 igitur,
2215 1543 2524 1612 quibuscum
2553 1544 2588 1598 ii
2618 1547 2997 1599 commercium
3043 1546 3293 1611 habeant,
3325 1549 3414 1619 qui
3454 1565 3595 1606 nunc

2008 1636 2254 1704 jejunaut
2281 1655 2293 1690 :
2320 1653 2441 1690 eum
2466 1638 2534 1692 iis
2556 1641 2646 1706 qui
2668 1640 2995 1704 clamarunt,
3020 1639 3306 1710 Cruciﬁge,
3330 1642 3583 1710 cruci/iga

2013 1726 2165 1797 (Luc.
2186 1727 2500 1796 25,21';qui
2517 1730 2792 1793 dixerunt,
2815 1731 3044 1802 Sanguis
3067 1732 3180 1800 ejus
3213 1748 3368 1800 super
3395 1748 3515 1795 nos,
3531 1739 3583 1785 et

2009 1817 2778 1888 superﬁliosnostros(Matt/t.
2821 1820 2912 1876 27.
2943 1822 3030 1878 23.
3080 1821 3583 1895 95.)Siquityran~

2008 1909 2152 1964 nidis
2177 1909 2441 1963 affectata:
2458 1911 2785 1964 reidamnati
2823 1920 3029 1976 essent,
3052 1912 3298 1982 nunquid
3321 1913 3583 1968 accedere

2007 2009 2062 2055 et
2096 2016 2401 2055 sermonem
2426 2017 2548 2054 cum
2571 2002 2677 2056 illis
2693 2002 2947 2057 conferre
2967 2002 3241 2060 auderes?
3272 2003 3389 2057 Non
3421 2003 3580 2074 equi-

2005 2087 2126 2145 dem
2147 2097 2298 2159 puto.
2331 2090 2527 2144 Annon
2555 2092 2723 2161 igitur
2743 2093 3068 2158 absurdum,
3101 2110 3195 2149 eos
3218 2093 3313 2164 qui
3338 2095 3390 2148 in
3411 2093 3584 2149 homi-

2003 2194 2126 2234 nem
2164 2181 2466 2250 peccarint,
2497 2189 2607 2234 tam
2642 2181 2890 2238 studiose
2921 2183 3145 2254 fugere;
3172 2201 3295 2239 cum
3321 2185 3390 2240 iis
3424 2199 3576 2249 vero,

2002 2270 2093 2340 qui
2113 2271 2496 2326 contumeliosi
2516 2271 2571 2328 in
2595 2273 2776 2344 ipsum
2797 2273 2966 2329 Deum
2991 2274 3234 2336 fuerunt.
3257 2275 3580 2330 societatem

2011 2358 2145 2413 inire
2176 2375 2190 2412 :
2218 2367 2272 2412 ct
2313 2357 2622 2412 crucifixum
2669 2358 2954 2413 adorantes
2979 2399 2994 2426 ,
3046 2375 3165 2414 cum
3213 2360 3276 2414 iis
3317 2361 3408 2430 qui
3454 2361 3598 2420 cruci

2010 2449 2157 2503 illum
2184 2448 2403 2504 affixere
2429 2448 2644 2504 feriari?
2671 2449 2825 2517 Quod
2849 2465 2952 2504 non
2981 2449 3264 2506 dementiae
3290 2451 3482 2518 solum,
3503 2452 3598 2508 sed

2009 2547 2261 2592 extremae
2287 2539 2445 2592 etiam
2473 2546 2556 2594 est
2577 2539 2814 2593 insaniic.
2845 2538 3104 2606 Quoniam
3153 2554 3283 2595 vero
3328 2541 3602 2602 nonnullis

2011 2631 2286 2703 Synagbga
2307 2647 2518 2702 quoque
2538 2632 2852 2688 venerabilis
2877 2633 3026 2687 locus
3043 2632 3270 2701 videtur,
3293 2635 3600 2691 necessario

2012 2737 2177 2792 pauca
2200 2723 2359 2776 etiam
2378 2731 2561 2776 contra
2580 2723 2695 2777 illos
2712 2722 2956 2778 dicenda.
2978 2724 3082 2780 Cur
3097 2724 3237 2779 enim
3256 2713 3430 2781 locum
3452 2725 3600 2780 illum

2013 2813 2365 2878 veneramini,
2382 2813 2469 2882 qui
2488 2814 2928 2880 contemnendus,
2958 2813 3366 2882 abominandus,
3386 2824 3442 2871 et
3457 2815 3609 2875 unde

2011 2905 2354 2959 resiliendum
2401 2905 2586 2960 esset?
2622 2904 2754 2971 Lex,
2801 2906 2997 2974 inquis,
3042 2908 3278 2978 reposita
3319 2908 3392 2964 ibi
3416 2917 3522 2977 est,
3545 2918 3603 2964 et

2011 2994 2129 3048 libri
2160 2992 2474 3063 prOphetici.
2524 2993 2660 3063 Quid
2707 2995 2857 3050 tum?
2900 2995 3117 3053 Librinc
3157 2998 3478 3066 istiusmodi,
3509 2996 3608 3052 ubi

2011 3095 2152 3150 sunt,
2181 3087 2300 3141 loco
2339 3088 2674 3144 sanctitatem
2720 3087 3034 3144 conferunt?
3076 3090 3443 3161 Nequaquam.
3489 3092 3604 3163 Ego.

2011 3193 2140 3232 vero
2164 3178 2233 3232 ob
2260 3177 2362 3235 hoc
2390 3179 2560 3249 ipsum
2593 3179 2760 3249 magis
2785 3179 2873 3235 odi
2895 3179 3226 3252 Synagogam
3251 3197 3603 3254 aversorque,

2010 3269 2150 3339 quod
2179 3269 2464 3338 prophetas
2491 3271 2722 3339 habent,
2751 3286 2852 3328 nec
2898 3273 2964 3327 iis
2999 3273 3224 3329 credunt
3253 3292 3266 3328 :
3295 3275 3479 3334 literas
3516 3289 3605 3331 sa-

2011 3373 2129 3415 cras
2150 3361 2349 3430 legunt,
2370 3375 2468 3416 nec
2483 3361 2788 3416 testimonia
2816 3371 3094 3433 acceptant
3120 3383 3133 3418 :
3155 3364 3299 3435 quod
3323 3365 3605 3422 hominum

2010 3462 2093 3508 cst
2140 3467 2298 3523 supra
2348 3453 2564 3508 modum
2612 3454 3009 3524 injuriosorum.
3052 3455 3184 3511 Nam
3209 3457 3331 3524 ,dic
3367 3457 3520 3524 mihi,
3553 3458 3610 3515 si.

2011 3546 2372 3600 venerabilem
2405 3546 2710 3615 quemdam,
2739 3546 3023 3618 insignem,
3051 3558 3212 3619 atque
3237 3549 3499 3605 illustrem
3520 3551 3602 3606 vis

2011 3653 2128 3692 rum
2152 3639 2204 3693 in
2231 3652 2524 3706 cauponam
2569 3638 2712 3706 duci,
2755 3650 2846 3696 aut
2883 3640 2934 3695 in
2962 3641 3268 3712 speluncam
3309 3642 3603 3711 latronum,

2011 3740 2194 3800 postea
2233 3732 2588 3796 contumeliis,
2628 3733 2969 3802 verberibus,
3001 3745 3163 3805 atque
3212 3737 3420 3806 injuriis
3459 3732 3605 3796 affici.

2011 3824 2263 3878 extremis
2311 3839 2563 3880 cerneres
2599 3843 2613 3880 :
2657 3825 3039 3882 admirandane
3089 3827 3181 3882 tibi
3226 3842 3468 3898 caupona
3507 3837 3604 3885 aut

2010 3915 2260 3985 spelunca
2298 3915 2584 3979 videretur,
2628 3931 2693 3971 eo
2731 3917 2872 3985 quod
2919 3918 3202 3986 prmclarus
3230 3918 3321 3973 ille
3347 3934 3604 3988 magnus-

2011 4024 2115 4077 que
2161 4009 2304 4062 intus
2349 4007 2575 4072 steterit,
2608 4014 2664 4062 et
2693 4009 3081 4064 contumeliose
3119 4018 3376 4065 tractatus
3409 4010 3606 4066 fuerit?

2009 4097 2124 4154 Non
2161 4098 2393 4154 arbitror
2417 4096 2700 4166 equidem;
2733 4098 2825 4153 sed
2855 4097 2954 4152 bac
3001 4099 3111 4168 ipsa
3142 4098 3208 4154 de
3249 4114 3408 4157 causa
3454 4101 3600 4157 illam

2010 4190 2342 4259 potissimum
2364 4187 2570 4244 odisses
2586 4197 2965 4258 aversatusque
2981 4204 3150 4244 esses.
3171 4188 3312 4245 idem
3341 4189 3613 4260 judicium

2010 4280 2076 4335 de
2101 4279 2375 4352 Synagoga
2405 4288 2543 4336 esto.
2569 4279 2702 4334 Nam
2736 4279 3021 4351 prophetas
3058 4288 3113 4333 et
3155 4280 3370 4352 Moysen
3415 4296 3598 4337 secum

2011 4369 2136 4426 illuc
2156 4372 2526 4440 importarunt,
2558 4382 2667 4423 non
2694 4377 2751 4422 ut
2773 4368 3119 4434 honorarent,
3143 4369 3237 4424 sed
3263 4380 3319 4425 ut
3344 4370 3612 4441 injuriose

2009 4477 2238 4533 cumque
2258 4461 2542 4532 ignominia
2566 4467 2870 4515 tractarent.
2893 4458 3028 4514 Cum
3048 4459 3190 4514 enim
3212 4475 3308 4516 eos
3328 4461 3599 4518 Christum

2014 4553 2248 4617 novisse,
2273 4560 2326 4606 et
2346 4551 2414 4606 de
2436 4550 2552 4621 ejus
2575 4550 2806 4606 adventu
2833 4549 3122 4620 quidquam
3153 4549 3354 4607 dixisse
3381 4561 3600 4622 negent,

2013 4661 2113 4716 qua
2146 4644 2348 4716 majore
2372 4643 2563 4714 injuria
2588 4651 2786 4714 queant
2813 4651 3028 4698 sanctos
3046 4643 3164 4698 illos
3185 4643 3420 4710 afficere,
3440 4659 3600 4713 quam

2014 4737 2346 4801 accusando,
2396 4751 2550 4793 suum
2593 4737 2736 4806 ipsos
2778 4734 3058 4789 Dominum
3102 4735 3393 4802 ignorasse,
3422 4743 3477 4789 et
3497 4734 3599 4789 im-

2015 4823 2226 4894 pietatis
2267 4821 2442 4878 socios
2469 4819 2759 4876 asserenda
2783 4819 2806 4874 ?
2834 4820 3013 4886 Quare
3039 4818 3160 4874 ideo
3185 4817 3354 4889 magis
3376 4826 3431 4873 et
3455 4817 3602 4889 ipsos

2014 4925 2068 4972 et
2093 4916 2422 4986 Synagogam
2465 4913 2760 4979 oderimus,
2791 4912 2933 4982 quod
2964 4913 3016 4967 in
3045 4919 3258 4967 sanctos
3299 4911 3421 4968 illos
3463 4911 3601 4966 adeo

2013 5007 2430 5062 debacchentur.
2449 5005 2518 5060 At
2539 5004 2664 5074 quid
2680 5004 2747 5060 de
2762 5003 2910 5059 libris
2930 5018 2994 5058 ac
3010 5003 3140 5059 locis
3156 5003 3277 5058 dico
3292 5003 3317 5056 ‘l
3331 5002 3600 5072 Tempore

2013 5098 2483 5170 persequutionum
2511 5096 2789 5152 carnifices
2814 5111 3038 5166 corpora
3067 5105 3356 5165 martyrum
3381 5102 3596 5161 tenent,

2016 5189 2268 5255 lacerant,
2297 5187 2517 5258 flagellis
2545 5187 2754 5243 caedunt
2787 5201 2953 5242 :num
2995 5185 3156 5255 igitur
3182 5197 3368 5240 [nanus
3407 5198 3595 5240 eorum

2015 5290 2211 5336 sanctas
2234 5321 2250 5347 ,
2299 5279 2443 5350 quod
2480 5288 2774 5351 martyrum
2813 5291 3037 5346 corpora
3097 5276 3415 5332 tenuerint?
3453 5275 3598 5332 Nihil

2015 5377 2206 5429 minus.
2237 5373 2353 5429 .lam
2402 5386 2612 5438 manus,
2641 5385 2760 5440 quae.
2799 5377 3102 5424 sanctorum
3142 5383 3363 5438 corpora
3408 5377 3595 5424 tenue—

2016 5479 2158 5534 runt,
2177 5467 2351 5537 impiae
2371 5471 2608 5530 manent,
2623 5462 2744 5517 ideo
2763 5461 2941 5532 utique
2957 5460 3094 5532 quod
3115 5461 3274 5531 impie
3289 5469 3593 5529 tenuerunt;

2015 5573 2068 5619 et
2096 5563 2152 5626 ii,
2177 5562 2266 5632 qui
2291 5560 2484 5630 scripta
2520 5563 2823 5613 sanctorum
2854 5563 3080 5610 tractant
3098 5568 3218 5609 cum
3241 5555 3428 5624 injuria
3447 5597 3464 5620 ,
3487 5571 3599 5611 non

2017 5654 2191 5708 minus
2215 5665 2372 5721 quam
2397 5647 2674 5704 carnifices
2703 5653 2995 5718 martyrum
3023 5660 3242 5718 corpora
3262 5685 3278 5711 ,
3305 5645 3601 5699 venerandi

2019 5753 2294 5816 propterea
2325 5737 2516 5799 erunt?
2545 5739 2734 5796 Annon
2763 5745 3021 5813 extrema:
3037 5723 3139 5793 hoc
3154 5734 3314 5792 fuerit
3336 5730 3600 5793 insania?
