4084 6186
428 342 525 398 ﬂii!

430 473 484 527 Si
517 467 656 524 enim
686 474 886 519 tantum
935 459 1103 520 abest,
1131 455 1165 508 ii
1192 450 1356 506 sancti
1384 456 1440 500 ιιι
1467 446 1613 506 ﬁant,
1657 438 1744 508 qui
1785 443 2006 527 corpora
2060 476 2072 484 .

434 521 595 628 hitpie
641 562 943 613 tenttcrnnt,
972 559 1029 602 ut
1067 542 1232 612 magis
1270 541 1426 594 etiam
1473 534 1815 602 polluantur:
1849 521 2014 628 multp

436 612 612 706 tniints
636 647 825 714 scripta
853 643 967 696 siue
995 639 1095 692 lide
1125 637 1256 689 lecta
1280 629 1564 684 lectoribus
1589 612 2019 715 tnnquam-prod-

436 759 556 799 esse
582 708 848 811 poterunt.
883 735 991 786 lloc
1041 731 1208 798 ipsum
1250 724 1406 792 igitur
1434 716 1665 811 majoris
1687 711 1805 765 illos
1832 708 2018 811 impie-

444 797 902 888 tatis-convincit,
948 821 1110 876 libros
1136 833 1200 872 eo
1228 811 1449 869 censi-lio
1495 804 1784 876 possidere.
1831 797 2008 896 Neque

442 925 583 978 enim
616 928 815 975 tantum
842 919 1168 967 mererentur
1183 905 1402 961 crimen,
1422 899 1465 952 si
1499 894 1868 966 prephetarum
1886 894 2020 940 scri-

445 1014 550 1083 ptis
588 1009 915 1065 caruissent;
960 1015 1064 1054 non
1109 1007 1214 1050 tam
1259 989 1448 1059 impuri
1487 979 1776 1083 et-pro-flani
1822 982 2019 1083 essent,

447 1073 544 1157 nisi
574 1100 735 1153 libros
781 1093 1052 1166 legissent.
1096 1087 1248 1142 Nunc
1287 1081 1426 1136 nulla
1456 1075 1582 1146 ipsis
1607 1073 1908 1170 reliquaest

447 1192 556 1256 nia,
579 1160 854 1258 praecones
869 1179 1105 1235 veritatis
1121 1189 1240 1230 cum
1268 1171 1594 1258 habeant,ret
1619 1171 1723 1216 tam
1747 1160 1854 1258 illis.
1869 1166 2024 1224 quain

448 1257 656 1335 veritati
683 1275 859 1330 hostili
885 1271 1061 1326 animo
1088 1269 1354 1322 resistant.
1376 1257 1629 1325 Quocirca
1643 1269 1707 1308 eo
1724 1257 1888 1317 magis
1910 1259 2030 1314 pro-

449 1373 552 1425 fani
577 1381 734 1438 atque
763 1366 952 1434 impuri
998 1369 1139 1421 sunt,
1170 1355 1308 1426 quod
1347 1349 1631 1438 prophetas
1650 1343 1876 1438 habent,
1906 1349 2028 1438 eos-

448 1480 550 1536 que
601 1432 861 1515 hostiliter
907 1460 1149 1508 tractant.
1188 1448 1361 1514 Quare
1385 1450 1442 1496 ut
1483 1437 1691 1508 fugiatis
1727 1433 1953 1536 hor-tor,r
1977 1432 2033 1479 et

450 1517 518 1610 a‘b
536 1567 722 1609 eorum
747 1543 1124 1603 conventiculis
1140 1536 1406 1594 resiliatis.
1430 1531 1542 1586 Non
1566 1538 1780 1597 parvum
1801 1520 1919 1574 hinc
1932 1517 2034 1570 fra-

455 1647 624 1700 tribus
643 1637 1018 1695 inﬁrmioribus
1036 1632 1304 1689 damnum,
1323 1639 1421 1679 nec
1442 1618 1644 1675 modica
1667 1615 1769 1670 illis
1807 1612 1930 1664 hinc
1948 1621 2036 1660 su-

457 1733 650 1803 perbia:
675 1744 822 1783 ansa.
848 1726 974 1780 Nam
997 1723 1040 1776 si
1058 1718 1287 1775 viderint
1303 1727 1418 1778 vos,
1433 1711 1519 1781 qui
1536 1701 2036 1803 adoratisChristum

457 1795 522 1877 ab
550 1821 678 1890 ipsis
713 1816 1042 1876 crucifixum,
1087 1804 1414 1864 ceremonias
1453 1801 1661 1890 illorum
1707 1795 1948 1890 persequi
1985 1795 2041 1842 et

465 1883 592 1968 tanti
624 1911 797 1964 facere
825 1923 840 1960 :
867 1899 1137 1973 quomodo
1167 1913 1268 1951 non
1297 1889 1699 1964 praeclarissime
1725 1883 1900 1937 omnia
1924 1894 1953 1933 a
1983 1893 2042 1932 se

461 2011 606 2072 gesta
629 2013 745 2053 esse
773 1996 1052 2066 putabunt,
1081 1999 1363 2055 nostraque
1391 1980 1582 2036 nullius
1609 1977 1762 2046 pretii
1785 1987 1951 2072 ,-cum_
1977 1984 2041 2025 ea

464 2061 646 2146 colatis
670 2097 723 2142 et
750 2061 1042 2140 observetis
1084 2078 1316 2147 quidem,
1343 2072 1437 2128 sed
1471 2085 1592 2124 eum
1621 2069 1706 2132 iis,
1738 2064 1829 2134 qui
1857 2061 2041 2116 eadem

466 2184 761 2241 destruunt,
794 2171 1053 2230 carratis?
1080 2170 1140 2224 Si
1183 2168 1315 2238 quis,
1345 2163 1512 2233 inquit
1540 2159 1842 2228 Apostolus,
1868 2154 2046 2208 viderit

470 2285 517 2328 te
559 2272 644 2341 qui
690 2268 839 2321 habes
880 2263 1137 2319 scientiam
1173 2261 1222 2312 in
1254 2254 1419 2309 idolio
1449 2252 1812 2307 recuntbentem
1840 2264 1858 2302 :
1884 2262 2048 2341 nonne

471 2338 768 2418 conscientia
799 2359 926 2429 ejus,
952 2355 1036 2424 qui
1055 2352 1286 2419 inﬁrmus
1306 2354 1412 2410 est,
1442 2342 1773 2412 tediﬁcubitur
1809 2341 1875 2396 ad
1894 2338 2046 2392 eden-

473 2457 593 2509 dum
621 2470 678 2507 ea
719 2465 830 2521 qua:
869 2456 984 2501 sunt
1029 2442 1179 2496 idolis
1217 2432 1476 2492 immolata
1504 2434 1580 2502 (l.
1612 2432 1730 2487 Cor.
1829 2429 1958 2521 i0)?
1985 2429 2049 2521 Et

474 2560 574 2614 ego
611 2516 750 2602 dico,
778 2540 818 2593 si
844 2537 960 2608 quis
998 2532 1188 2588 viderit
1217 2539 1290 2593 te,
1331 2527 1419 2596 qui
1445 2522 1716 2578 scientiam
1758 2517 1940 2582 babes,
1982 2516 2049 2614 ad

474 2612 802 2708 sptiagogatn
846 2629 1012 2691 abire,
1034 2625 1184 2678 tubas
1225 2627 1500 2688 spectare:
1531 2626 1704 2672 nonne
1724 2612 2049 2708 conscientia

477 2704 614 2796 eius,
642 2738 760 2777 cum
805 2720 1046 2774 inﬁrmus
1083 2715 1172 2780 sit,
1195 2720 1494 2766 exstruentr
1516 2707 1581 2761 ad
1607 2721 1780 2762 rerum
1803 2704 2048 2759 Judaica—

479 2833 599 2872 rum
616 2811 1012 2868 admirationem
1031 2808 1055 2860 τ
1078 2806 1174 2872 Qui
1197 2804 1355 2865 cadit,
1376 2816 1478 2856 non
1501 2801 1676 2867 lapsus
1694 2797 1850 2851 modo
1871 2808 2052 2862 poenas

481 2907 590 2971 dat,
622 2905 714 2959 sed
739 2901 858 2973 quia
880 2901 1012 2953 alios
1036 2887 1588 2958 ctiamsupplantavit,
1607 2884 1851 2952 punitur:
1870 2895 2057 2950 quem-

481 2994 774 3050 admodum
825 2996 998 3050 stans,
1057 2994 1160 3034 non
1209 2986 1425 3048 propter
1447 2977 1693 3031 virtutem
1735 2983 1935 3030 tantum
1962 2989 2054 3029 co-

478 3084 723 3135 ronatur;
751 3072 842 3126 sed
866 3072 986 3141 quia
1009 3069 1255 3124 eumdem
1283 3071 1336 3122 in
1366 3068 1482 3122 aliis
1505 3067 1676 3122 zelum
1703 3065 1968 3130 excitavit,
1999 3065 2050 3118 in

477 3165 827 3221 admiratione
866 3170 965 3216 est.
1007 3161 1221 3215 Illorum
1268 3158 1425 3228 igitur
1471 3166 1523 3211 et
1543 3165 1831 3210 conventus
1860 3163 1913 3209 et
1935 3155 2050 3209 loca

478 3257 673 3328 fugite;
703 3269 798 3308 nec
848 3253 1123 3322 quisquam
1172 3259 1386 3319 propter
1411 3247 1575 3302 libros
1601 3247 1929 3317 Synagogam
1958 3259 2052 3298 ve-

480 3355 734 3408 neretur,
780 3342 876 3397 sed
921 3350 1136 3410 propter
1190 3340 1307 3393 illos
1351 3338 1488 3391 hanc
1529 3336 1652 3391 odio
1708 3343 2057 3405 prosequatur

481 3435 841 3502 fastidiatque.
886 3430 1016 3484 Nam
1063 3431 1114 3484 in
1151 3426 1524 3483 contumeliam
1569 3434 1782 3480 sanctos
1835 3433 2055 3490 tenent,

481 3527 602 3596 quia
632 3525 806 3579 verbis
830 3522 1036 3576 illorum
1064 3519 1218 3574 ﬁdem
1238 3518 1510 3588 derogant,
1530 3517 1651 3586 quia
1669 3524 1919 3571 extremm
1940 3514 2058 3570 illos

482 3615 768 3685 impietatis
791 3628 910 3667 reos
938 3611 1154 3665 faciunt.
1493 3626 1495 3628 ·

555 3705 609 3758 6.
664 3702 850 3756 Veteris
902 3701 1205 3754 Testamenti
1258 3701 1600 3770 interpretatio
1649 3701 1740 3754 sub
1784 3699 2060 3754 Ptolenueo

490 3793 852 3862 Philadelpho.
875 3792 1030 3845 —At
1069 3800 1126 3844 ut
1166 3791 1524 3859 cognoscatis,
1573 3790 1734 3844 libros
1773 3790 1901 3844 nihil
1944 3790 2062 3844 loco

493 3883 788 3940 sanctitatis
815 3880 1077 3945 conferre,
1109 3880 1200 3934 sed
1230 3880 1390 3949 pollui
1421 3881 1576 3933 istum
1605 3895 1810 3946 eorum,
1844 3880 1932 3949 qui
1959 3880 2064 3934 illic

495 3971 817 4029 conveniunt
841 4012 854 4036 ,
903 3970 1141 4024 instituto
1166 3987 1178 4023 :
1205 3969 1477 4024 historiam
1505 3979 1734 4024 veterem
1765 3969 1913 4023 vobis
1941 3985 2066 4023 nara

489 4064 643 4118 rabo.
692 4061 826 4115 Cum
855 4060 1172 4114 Ptolemmus
1207 4058 1610 4127 Philadelphus,
1658 4059 1806 4114 libris
1835 4059 2066 4128 undique

491 4152 754 4218 collectis,
798 4151 1162 4221 cognovisset,
1215 4150 1348 4219 apud
1394 4149 1604 4206 Judaeos
1651 4151 1808 4206 etiam
1858 4159 2066 4206 exstare

487 4243 682 4312 scripta
704 4283 718 4306 ,
750 4257 870 4311 qua:
907 4240 974 4295 de
1015 4239 1123 4292 Deo
1147 4248 1305 4309 atque
1334 4240 1531 4308 optima
1561 4239 1866 4310 reipublicae
1899 4241 2066 4294 forma

487 4339 725 4399 agerent,
745 4329 1016 4385 accersitis
1031 4344 1061 4384 e
1077 4328 1258 4383 Iudaea
1289 4329 1416 4383 viris
1441 4329 1491 4382 in
1518 4344 1747 4398 grmcum
1767 4345 2066 4385 sermonem

491 4423 578 4476 illa
611 4422 722 4490 ipsa
755 4436 850 4490 per
869 4435 962 4475 eos
988 4419 1345 4476 convertenda
1367 4423 1601 4486 curavit,
1643 4431 1798 4492 atque
1828 4423 1879 4476 in
1908 4422 2068 4476 Sera-

493 4512 632 4581 pidis
663 4512 860 4580 templo
897 4512 1164 4582 reposuit:
1184 4520 1299 4567 erat
1327 4513 1467 4568 enim
1498 4513 1656 4569 homo
1680 4530 1899 4584 graecus,
1933 4525 1986 4570 et
2015 4516 2068 4570 in

493 4601 636 4655 hunc
673 4599 815 4654 diem
849 4616 1016 4671 usque
1045 4601 1301 4656 librorum
1348 4603 1777 4672 propheticorum
1807 4605 2068 4675 interpre-

493 4691 627 4744 tatio
656 4690 726 4744 ibi
755 4699 1016 4744 servatur.
1051 4691 1256 4760 Ergone
1283 4693 1533 4760 templum
1563 4693 1830 4761 Serapidis
1857 4703 2072 4763 prepter

495 4779 662 4834 libros
688 4787 928 4834 sanctum
957 4779 1092 4833 erit?
1118 4780 1289 4834 Absit.
1315 4779 1419 4836 Sed
1440 4795 1534 4835 sua
1562 4782 1664 4835 illis
1692 4793 1774 4836 est
1797 4785 2067 4850 sanctitas,

495 4883 654 4939 quam
682 4883 801 4924 cum
829 4869 947 4923 loco
974 4884 1079 4922 non
1101 4871 1497 4924 communicant
1526 4881 1740 4940 propter
1765 4887 1949 4927 eorum
1980 4875 2070 4944 qui

495 4959 604 5014 illic
651 4958 978 5013 conveniunt
1019 4957 1399 5028 impuritatem.
1453 4961 1592 5015 Idem
1620 4962 1769 5018 etde
1798 4963 2071 5034 Synagoga

495 5049 822 5105 censendum
855 5059 954 5103 est.
985 5048 1203 5104 Etiamsi
1248 5053 1388 5106 enim
1417 5053 1615 5108 nullum
1644 5055 1712 5110 ibi
1743 5056 1940 5112 Idolum
1967 5059 2070 5126 sit,

504 5149 680 5195 tamen
707 5139 978 5194 dmmones
1005 5140 1177 5194 locum
1207 5141 1459 5196 incolunt.
1489 5143 1636 5209 Quod
1665 5161 1769 5200 non
1796 5147 1862 5201 de
1890 5163 1951 5202 ea
1983 5165 2074 5203 so-

494 5234 603 5288 lum
651 5232 926 5301 Synagoga
975 5230 1133 5296 dico,
1185 5232 1439 5301 quarhic
1483 5244 1603 5299 est;
1653 5237 1744 5291 sed
1790 5247 1844 5293 et
1887 5239 1975 5292 illa
2019 5241 2072 5295 in

495 5321 743 5391 Daphne,
772 5322 862 5376 ubi
891 5320 1194 5376 barathrum
1215 5321 1469 5386 deterius,
1501 5325 1640 5395 quod
1663 5325 1912 5383 Matrona:
1933 5330 1948 5360 ⁸
1973 5345 2083 5411 νοτ

556 5454 573 5485 ι
596 5459 802 5502 matrona
821 5453 958 5512 cujus
979 5452 1137 5521 cultus
1158 5454 1205 5502 in
1244 5455 1498 5521 Antiochia:
1531 5457 1760 5506 suburbio
1783 5460 1978 5521 Daphne
1999 5462 2077 5514 hic

495 5521 788 5585 meimratur
814 5521 867 5585 et
886 5516 1114 5575 carpitur,
1139 5515 1275 5585 _apud
1299 5517 1528 5585 quosdam
1550 5515 2072 5585 Junointelligebatur,

494 5575 793 5639 cujnserant
814 5573 1005 5622 diversa
1028 5577 1152 5636 apud
1177 5573 1331 5625 varias
1351 5584 1531 5639 gentes
1555 5582 1746 5629 nomina
1767 5596 1780 5629 :
1805 5573 2025 5632 nimirum
2049 5573 2076 5636 εἰ

495 5635 885 5701 ςιιιξεῑξειλιειηδ,
912 5635 1132 5701 matrona,
1155 5639 1332 5701 Regina
1355 5635 1640 5701 etOpigena
1665 5643 1936 5691 vocabatur.
1965 5635 2078 5696 Hinc

498 5693 624 5745 [σιω
645 5692 754 5742 loco
775 5706 984 5757 nomen;
1009 5697 1095 5746 sed
1119 5698 1208 5746 hac
1223 5692 1290 5748 de
1307 5709 1365 5747 re
1382 5692 1598 5762 pluribus
1617 5705 1791 5752 iterum
1813 5715 2004 5767 agetur.

1178 338 1232 394 S.
1264 327 1541 390 JUANNlS
1579 308 2051 379 CllRYSOSTOMi
2091 299 2408 362 ARCIIIEP.
2447 295 2980 357 CONSTANTINOP.

3575 273 3700 330 85?.

2118 435 2260 474 cant.
2303 419 2433 472 Nam
2481 416 2673 470 multos
2704 414 2887 468 ﬁdeles
2917 413 3041 466 illuc
3078 408 3372 463 ascendere
3400 408 3606 474 audivi,
3639 418 3697 466 et

2115 511 2261 579 juxta
2305 511 2479 562 locnm
2517 507 2770 560 dormire.
2815 504 2918 559 Sed
2965 503 3136 568 absit,
3188 503 3307 555 illos
3347 517 3595 570 umquam
3637 511 3699 555 ut

2120 600 2301 654 ﬁdeles
2322 597 2606 666 appellem.
2639 594 2761 648 Mihi
2789 603 2838 647 cl
2873 593 3242 658 Matrona:,,et
3266 593 3524 660 Apollinis
3555 603 3698 647 tem-

2121 692 2288 759 plum,
2317 690 2427 757 pari
2451 688 2655 741 ratione
2677 689 2937 754 impurum
2960 693 3060 738 est.
3085 683 3231 749 Quod
3259 685 3302 737 si
3330 699 3416 738 me
3437 685 3699 752 quispiam

2121 782 2355 836 audacia:
2381 780 2718 844 condemnet,
2749 793 2867 832 eum
2901 792 3001 845 ego
3028 776 3257 830 vicissim
3284 786 3536 830 extrema:
3559 777 3701 830 insa-

2126 877 2225 926 niae
2252 872 2636 927 condemnabo.
2667 871 2820 931 Nam,
2849 869 2940 923 dic
2967 868 3116 936 tnihi,
3148 870 3235 923 ubi
3261 869 3530 924 daemones
3552 870 3699 925 habia

2130 973 2278 1024 tant,
2319 977 2496 1016 nonne
2541 961 2822 1029 impietatis
2872 960 2959 1013 ille
3001 959 3167 1023 locus,
3214 959 3418 1013 etiamsi
3460 960 3600 1014 nulla
3629 961 3702 1016 ibi

2127 1064 2298 1110 statua
2335 1053 2440 1107 sit?
2469 1053 2566 1108 Ubi
2601 1053 2796 1108 Christi
2844 1050 3210 1106 interfectores
3249 1052 3659 1121 c0ngrediuntur
3685 1095 3702 1117 ,

2131 1143 2218 1198 ubi
2266 1158 2396 1198 crux
2427 1142 2772 1206 exturbatur,
2825 1142 2912 1194 ubi
2964 1141 3100 1194 Deus
3141 1140 3567 1210 blasphematur,
3617 1143 3705 1196 ubi

2131 1236 2289 1290 Pater
2315 1235 2588 1303 ignoratur
2611 1274 2625 1296 ,
2657 1232 2745 1286 ubi
2773 1232 2934 1286 Filius
2965 1232 3299 1287 contumeliis
3327 1232 3587 1299 afﬁcitur,
3617 1233 3708 1288 ubi

2137 1326 2368 1396 Spiritus
2395 1325 2561 1394 gratia
2593 1323 2828 1394 rejicitur
2847 1342 2859 1376 :
2881 1325 3005 1393 quin
3027 1365 3041 1387 ,
3081 1339 3200 1378 cum
3237 1324 3333 1394 ipsi
3362 1340 3570 1394 quoque
3595 1325 3709 1380 da:-

2134 1432 2320 1472 mones
2366 1417 2503 1481 sint,
2565 1431 2747 1474 annon
2798 1415 2966 1486 majus
3011 1417 3132 1470 hinc
3163 1416 3712 1474 detrimentum?lllic

2136 1510 2276 1565 enim
2305 1509 2443 1563 nuda
2471 1515 2553 1564 est
2580 1517 2633 1562 et
2659 1508 2940 1576 conspicua
2972 1508 3236 1576 impietas,
3263 1525 3382 1579 qua:
3413 1526 3517 1564 non
3555 1509 3712 1567 facile

2138 1609 2315 1655 mente
2342 1599 2617 1670 praeditum
2656 1609 2709 1653 et
2747 1615 2931 1654 satnun
2975 1599 3248 1668 pellexerit
3293 1609 3382 1654 aut
3419 1601 3709 1671 deceperit.

2141 1693 2238 1749 ilic
2262 1708 2410 1757 vero,
2439 1708 2560 1747 cum
2586 1707 2643 1747 se
2665 1693 2886 1746 adorare
2913 1693 3090 1746 dicant
3122 1693 3286 1746 Deum
3315 1703 3368 1747 et
3398 1693 3534 1746 idola
3561 1710 3714 1748 aver-

2141 1786 2282 1851 sari,
2332 1785 2617 1856 prophetas
2663 1785 2860 1840 habere
2910 1795 2964 1840 et
3010 1786 3303 1853 honorare,
3347 1787 3524 1842 verbis
3569 1787 3715 1843 hisce

2145 1877 2368 1932 multum
2398 1891 2534 1932 esca:
2581 1885 2896 1946 praeparant,
2941 1885 2994 1931 et
3036 1878 3381 1946 simpliciores
3423 1887 3579 1948 atque
3616 1879 3717 1932 im-

2146 1968 2434 2038 prudentes
2461 1967 2698 2021 incautos
2729 1968 2990 2022 irretiunt.
3033 1968 3205 2034 Quare
3248 1969 3488 2037 impietas
3517 1979 3599 2022 est
3621 1985 3715 2022 ea-

2147 2061 2264 2116 dem
2284 2068 2337 2113 et
2359 2060 2484 2128 ipsis
2504 2069 2557 2114 et
2573 2059 2768 2114 Gnecis
2789 2061 3104 2128 :impostura
3129 2070 3302 2115 autem
3331 2069 3544 2114 tttuntur
3563 2060 3719 2130 longe

2149 2151 2546 2222 perniciosiore.
2595 2151 2723 2206 Nam
2766 2167 2910 2206 aram
2944 2152 3142 2207 fraudis
3183 2153 3378 2207 habent
3417 2169 3520 2208 non
3561 2168 3730 2226 aspe:

2150 2241 2396 2297 etabiletn
2443 2242 2540 2312 ipsi
2586 2257 2795 2313 quoque
2818 2283 2833 2306 ,
2872 2243 2958 2298 ubi
3003 2259 3105 2298 non
3133 2259 3259 2298 oves
3288 2254 3342 2301 et
3362 2245 3585 2310 vitulos,
3625 2245 3718 2300 sed

2155 2334 2361 2388 animas
2405 2333 2672 2387 hominum
2717 2343 2968 2388 mactant.
3023 2335 3256 2404 Denique
3301 2336 3344 2389 si
3385 2335 3599 2390 Judaica
3628 2336 3721 2390 tibi

2154 2425 2554 2479 admirationem
2577 2434 2808 2488 movent,
2835 2441 2952 2492 qua:
2980 2425 3072 2480 tibi
3098 2427 3234 2480 ratio
3263 2428 3536 2481 nobiscum
3566 2442 3720 2481 com-

2157 2513 2378 2569 munis?
2405 2511 2539 2565 Nam
2562 2511 2610 2568 si
2657 2514 2742 2570 illa
2776 2513 3077 2570 Judaaorum
3104 2516 3402 2570 veneranda
3432 2527 3486 2572 et
3531 2534 3718 2586 magna

2155 2614 2298 2672 sunt,
2331 2615 2510 2660 nostra
2539 2618 2693 2662 erunt
2721 2606 2871 2672 falsa,
2903 2604 2983 2662 sin
3019 2604 3128 2662 haec
3164 2621 3308 2670 vera,
3337 2606 3507 2678 qualia
3541 2609 3725 2684 utique

2124 2775 2128 2780 1
2161 2709 2286 2752 sunt
2308 2737 2322 2763 ,
2371 2697 2459 2752 illa
2488 2707 2642 2752 erunt
2675 2697 2873 2752 fraudis
2898 2699 3072 2767 plena.
3112 2699 3226 2753 Non
3255 2705 3428 2759 divina
3455 2707 3574 2761 dico
3602 2721 3727 2760 οη-

2158 2787 2303 2852 cula;
2347 2787 2518 2852 absit.
2564 2787 2676 2841 hinc
2703 2789 2842 2842 enim
2873 2804 2958 2842 me
2983 2789 3048 2849 ad
3074 2789 3341 2848 Christum
3381 2797 3527 2865 quasi
3569 2812 3729 2850 manu

2160 2877 2426 2933 duxerunt
2460 2897 2474 2934 :
2507 2879 2598 2933 sed
2650 2881 2970 2949 impietatem
3021 2884 3230 2940 illorum
3265 2897 3316 2941 ct
3347 2887 3602 2941 insaniam
3631 2888 3726 2942 lto-

2161 2968 2420 3024 diernam.
2467 2972 2534 3024 At
2573 2972 2711 3026 enim
2760 2983 2966 3040 tempus
3015 2977 3266 3045 requirit,
3318 2987 3376 3032 ut
3417 2977 3728 3043 ostendam,

2161 3062 2430 3117 daemones
2471 3061 2630 3116 etiam
2674 3061 2742 3117 ibi
2785 3063 3055 3133 habitare,
3089 3083 3259 3137 neque
3303 3068 3354 3121 in
3395 3068 3486 3123 illo
3531 3079 3731 3124 tantum

2161 3152 2317 3218 loco,
2362 3151 2455 3206 sed
2498 3159 2554 3206 ει
2587 3155 2638 3206 in
2685 3153 2810 3223 ipsis
2848 3153 3152 3211 Jttdtcorum
3183 3158 3392 3212 animis.
3437 3158 3574 3213 Nam
3617 3177 3732 3214 cum

2165 3243 2456 3297 immundus
2482 3244 2706 3313 spiritus,
2736 3244 2905 3316 inquit
2924 3247 3197 3313 Christus,
3227 3250 3402 3303 exierit
3427 3251 3487 3302 ab
3515 3251 3733 3318 homine,

2167 3333 2388 3387 ambulat
2418 3351 2504 3402 per
2529 3333 2674 3387 arida
2709 3333 2848 3402 loca,
2891 3354 3115 3406 quarens
3143 3340 3358 3408 requiem
3383 3381 3397 3404 ,
3427 3351 3474 3395 et
3499 3357 3610 3394 cum
3636 3358 3736 3397 non

2163 3422 2375 3481 invenit:
2417 3434 2654 3492 revertar,
2694 3425 2889 3498 inquit,
2932 3429 2985 3482 in
3026 3428 3232 3482 domum
3279 3446 3458 3484 meam.
3510 3431 3578 3484 Et
3623 3448 3738 3486 cum

2167 3517 2318 3580 venit,
2348 3517 2532 3570 invenit
2559 3532 2667 3570 eam
2687 3527 2966 3586 vacantem,
2995 3521 3159 3589 scopis
3185 3522 3493 3586 mundatam,
3522 3532 3567 3575 et
3586 3539 3740 3575 oma-

2169 3612 2291 3657 tam.
2315 3603 2457 3657 Tunc
2479 3606 2632 3670 vadit,
2654 3615 2701 3658 et
2725 3608 2931 3661 assumit
2959 3618 3142 3678 septem
3170 3610 3298 3662 alios
3323 3611 3528 3679 spiritus
3547 3626 3738 3677 secum,

2167 3696 2424 3764 nequiores
2452 3712 2524 3762 se,
2556 3708 2604 3750 et
2629 3699 2928 3768 ingreditur,
2961 3711 3008 3754 et
3036 3711 3183 3754 erunt
3213 3702 3481 3756 novissima
3526 3703 3738 3756 hominis

2166 3787 2306 3840 illius
2359 3788 2532 3857 pejora
2583 3790 2851 3859 prioribus.
2909 3791 2999 3846 Sic
3047 3793 3138 3845 erit
3177 3803 3224 3846 et
3269 3794 3574 3863 generationi
3625 3795 3742 3849 huic

2173 3874 2383 3947 (Matth.
2417 3877 2503 3940 12,
2531 3878 2726 3944 45-45;
2758 3879 2882 3933 Luc.
2914 3881 2998 3936 11.
3027 3877 3259 3945 24-26),

2237 3968 2431 4023 Anima:
2455 3969 2750 4024 Iudaeorum
2771 3972 3053 4026 daemonum
3080 3974 3384 4029 habitacula.
3407 4005 3478 4016 —
3498 3974 3658 4031 Vides
3687 3976 3742 4032 in

2169 4061 2402 4130 ipsorum
2433 4063 2620 4117 animis
2643 4079 2781 4118 nunc
2801 4063 3035 4120 habitare
3061 4066 3330 4121 daemones
3359 4068 3618 4137 prioribus
3641 4067 3742 4123 de-

2172 4153 2429 4207 teriores?
2457 4169 2627 4223 neque
2667 4154 2719 4208 id
2763 4155 2974 4223 injuria.
3006 4155 3155 4211 Tunc
3182 4157 3323 4212 enim
3365 4159 3418 4212 in
3460 4159 3744 4229 prophetas

2172 4243 2492 4312 peccabant,
2526 4261 2665 4300 nunc
2694 4246 2864 4316 ipsum
2896 4248 3268 4317 prophetarum
3310 4249 3582 4305 dominum
3609 4265 3743 4305 con-

2173 4335 2384 4388 tumelia
2422 4335 2785 4406 insequuntur.
2829 4337 2958 4392 Cum
3001 4339 3301 4393 hominibus
3345 4340 3522 4409 igitur,
3562 4339 3742 4407 dicite,

2173 4423 2534 4492 daamouiacis,
2566 4426 2756 4495 quibus
2776 4434 2855 4482 tot
2882 4437 3004 4482 sunt
3033 4429 3222 4498 impuri
3251 4429 3485 4498 spiritus,
3515 4429 3566 4484 in
3591 4429 3746 4499 jugu-

2174 4516 2331 4570 lando
2375 4525 2430 4572 et
2462 4518 2753 4574 occidendo
2795 4519 3038 4574 enutritis
3066 4529 3224 4590 atque
3260 4520 3526 4588 educatis,
3557 4521 3744 4577 eodem

2174 4606 2292 4662 loco
2317 4609 2728 4677 cungregamini,
2759 4623 2931 4678 neque
2959 4607 3299 4664 horrescitis?
3325 4609 3459 4663 Num
3485 4610 3626 4664 enim
3655 4624 3747 4664 sa-

2175 4698 2444 4754 lutationis
2465 4700 2652 4753 horum
2677 4699 2953 4770 participes
2975 4715 3114 4767 esse,
3138 4711 3191 4755 et
3211 4701 3521 4772 simpliciter
3543 4714 3750 4757 sermo-

2178 4805 2297 4843 nem
2324 4790 2564 4844 conl’erre
2589 4799 2812 4860 oportet,
2840 4806 2903 4847 ac
2929 4807 3034 4847 non
3075 4793 3248 4862 potius
3283 4808 3376 4848 eos
3415 4802 3473 4848 ιιι
3511 4807 3748 4848 commu-

2177 4894 2297 4933 nem
2345 4879 2486 4934 luem
2531 4889 2585 4935 et
2631 4881 2872 4936 morbum
2923 4883 3084 4937 totius
3134 4883 3280 4938 orbis
3320 4883 3592 4939 aversari?
3633 4882 3752 4949 Quo

2177 4973 2394 5028 sceleris
2433 4987 2628 5042 genere
2669 4988 2775 5028 non
2821 4985 2944 5028 sunt
2985 4973 3253 5030 defuncti?
3288 4975 3475 5032 Nonne
3516 4975 3752 5031 omnium

2179 5064 2554 5134 prophetarum
2581 5065 2866 5121 conciones
2892 5066 3090 5121 crebra:
3110 5078 3162 5122 et
3183 5063 3402 5137 prolixae
3429 5069 3479 5122 in
3508 5067 3572 5121 iis
3592 5080 3753 5122 accu-

2179 5155 2360 5210 sandis
2387 5165 2712 5226 consumptre
2732 5157 2888 5212 sunt?
2912 5157 3078 5224 Quam
3111 5159 3445 5228 tragoediam,
3476 5157 3614 5228 quod
3650 5159 3756 5212 ini-

2179 5247 2394 5315 quitatis
2437 5247 2738 5316 exemplum
2783 5249 2894 5303 suis
2941 5250 3016 5304 illi
3061 5249 3274 5307 nefariis
3315 5250 3611 5306 homicidiis
3646 5265 3757 5306 non

2119 5400 2137 5422 χ
2180 5337 2570 5391 obscurarum?
2615 5337 2958 5393 lmmolarunt
3009 5340 3143 5395 ﬁlios
3187 5349 3242 5395 et
3293 5341 3430 5394 ﬁlias
3475 5340 3756 5395 daemoniis

2185 5424 2353 5496 (Psal.
2386 5427 2506 5480 105.
2537 5427 2648 5498 57),
2690 5437 2929 5482 naturam
2973 5439 3249 5493 exuerunt,
3296 5429 3537 5484 dolorum
3572 5438 3758 5498 partus

2182 5516 2330 5571 obliti
2379 5527 2534 5583 sunt,
2589 5517 2956 5572 educationem
3004 5519 3291 5574 liberorum
3339 5519 3754 5589 proculcarunt,

2182 5607 2324 5675 leges
2339 5607 2806 5677 consanguinitatis
2823 5607 3054 5664 funditus
3073 5617 3394 5674 everterunt,
3415 5608 3760 5663 imman’tores

2187 5697 2330 5752 omni
2361 5697 2529 5752 bestia
2559 5697 2677 5753 facti
2705 5708 2846 5754 sunt.
2866 5699 3005 5818 tNam
3033 5699 3216 5756 bestia:
3245 5711 3614 5770 saepenumero
3640 5697 3759 5753 aui-

3762 5295 3841 5334 ./
