4084 6186
386 386 495 442 853

378 522 521 562 mam
548 503 706 561 etiam
744 500 962 570 dedunt,
995 501 1289 572 posthabita
1324 500 1406 556 sui
1431 501 1863 567 conservatione,
1896 511 1953 556 ιιι

378 596 517 652 fetus
566 592 849 650 defendant
891 611 904 646 :
952 601 1006 647 at
1048 591 1126 661 hi,
1172 590 1312 647 nulla
1355 599 1575 662 urgente
1615 592 1949 658 necessitate,

380 698 537 743 natos
574 701 644 740 ex
676 699 796 739 sese
838 698 994 738 manu
1025 697 1121 737 sua
1146 691 1462 750 mactarunt,
1504 677 1562 737 tit
1603 683 1721 737 vita:
1758 693 1953 738 nostra:

380 778 581 840 hostes,
614 775 835 830 infestus
862 773 1150 837 daemones,
1186 773 1442 828 colerent.
1467 772 1583 841 Quo
1607 788 1789 828 eorum
1813 773 1952 827 facto

378 870 499 939 plus
550 867 757 922 attoniti
808 865 1127 920 reddamur?
1176 866 1477 935 impietate,
1529 880 1596 919 an
1642 865 1952 922 crudelitate

374 961 537 1030 atque
558 956 973 1013 inhumanitate?
998 956 1137 1026 quod
1170 957 1303 1011 ﬁlios
1330 958 1672 1025 immolarint,
1696 968 1784 1011 aut
1810 958 1950 1028 quod

374 1052 656 1109 dzemoniis
707 1050 826 1104 illos
870 1047 1256 1103 sacriﬁcarint?
1293 1048 1397 1103 Sed
1442 1064 1618 1103 annon
1669 1048 1949 1103 immodica

373 1142 591 1198 lascivia
641 1150 695 1196 et
747 1139 1035 1210 petulantia
1094 1138 1365 1194 libidinem
1411 1155 1622 1210 quoque
1672 1139 1949 1194 brutorum

370 1232 661 1287 maximam
709 1228 1090 1285 obscurarunt?
1132 1229 1270 1284 Audi
1314 1230 1662 1300 prophetam,
1707 1230 1834 1300 quid
1881 1229 1948 1286 de

375 1324 612 1392 ipsorum
643 1321 987 1376 immoderata
1009 1320 1148 1375 dicat
1172 1321 1575 1391 intemperantia
1601 1340 1615 1375 :
1638 1321 1771 1392 Equi
1800 1324 1949 1377 emis-

372 1414 493 1468 sarii
531 1413 654 1483 facti
690 1421 828 1478 sunt,
869 1413 1201 1479 unusquisque
1242 1412 1310 1464 ad
1354 1428 1557 1466 uxorem
1601 1414 1816 1482 proximi
1866 1415 1946 1467 sui

368 1506 627 1559 'ltinniebat
666 1504 879 1574 (Jerem.
912 1504 965 1557 5.
997 1503 1074 1574 8).
1112 1503 1224 1557 Non
1268 1502 1423 1570 dixit,
1465 1504 1690 1573 proximi
1727 1520 1943 1560 uxorem

369 1596 594 1664 quisque
634 1593 1054 1662 concupiscebat,
1098 1592 1191 1647 sed
1232 1593 1627 1648 evidentissime
1668 1594 1941 1651 brutorum

366 1686 745 1741 vociferatione
774 1684 1004 1740 libidinis
1034 1685 1270 1754 ipsorum
1302 1683 1557 1738 insaniam
1585 1686 1867 1754 expressit.

440 1779 490 1831 7.
520 1777 654 1845 Quid
676 1777 815 1831 aliud
844 1776 1018 1831 dicam
1049 1776 1235 1831 vobis?
1258 1777 1488 1847 rapinas,
1514 1779 1783 1846 avaritias,
1808 1793 1940 1848 pau-

364 1882 555 1936 perum
587 1866 930 1935 proditiones,
963 1864 1120 1930 furta,
1143 1875 1283 1920 artes
1310 1867 1698 1935 cauponarias?
1723 1866 1803 1922 Ad
1826 1867 1941 1922 hmo

363 1958 627 2014 narranda
667 1974 732 2013 ne
757 1958 871 2013 dies
899 1957 1109 2028 quidem
1135 1956 1336 2027 integer
1363 1956 1650 2012 suﬂ‘ccerit.
1671 1959 1739 2013 At
1768 1958 1935 2023 feriis,

360 2050 563 2118 inquis,
607 2048 813 2102 illorum
858 2047 1054 2117 aliquid
1099 2063 1260 2117 grave
1306 2055 1362 2102 et
1403 2062 1646 2116 maguum
1691 2047 1934 2103 habent:

362 2139 508 2210 atqui
560 2148 613 2193 et
659 2137 754 2191 bas
797 2139 952 2207 ipsas.
976 2137 1210 2208 impurus
1251 2146 1753 2193 commonstrarunt.
1797 2139 1937 2195 Audi

362 2228 683 2299 prophetas;
709 2229 836 2297 quin
866 2227 1028 2282 Deum
1070 2227 1212 2294 audi,
1244 2241 1401 2296 quam
1441 2227 1784 2284 vehementer
1817 2229 1936 2287 illas

358 2321 693 2375 abominetur
717 2340 729 2375 :
757 2319 875 2386 Odi,
906 2320 1094 2391 projeci
1119 2321 1273 2389 ferias
1298 2330 1483 2376 uestras
1509 2320 1684 2389 (Amos
1729 2324 1782 2379 5.
1813 2322 1930 2395 2i).

363 2410 506 2464 Deus
529 2409 657 2474 odit,
684 2421 738 2465 et
777 2418 831 2464 tu
862 2408 1164 2478 participas.
1195 2408 1373 2479 Neque
1402 2410 1535 2465 dixit
1571 2410 1667 2469 has
1698 2413 1780 2467 vel
1814 2412 1934 2469 illas

358 2498 539 2562 ferias,
576 2498 669 2553 sed
709 2499 760 2553 iu
807 2499 1109 2553 universum
1145 2514 1353 2555 omnes.
1396 2500 1555 2556 Visne
1587 2516 1930 2573 cognoscere,

356 2588 501 2659 quod
529 2589 667 2643 Deus
698 2589 846 2644 illunt
872 2589 1032 2643 etiam
1069 2588 1270 2644 cultum
1295 2589 1485 2657 oderit,
1513 2591 1600 2661 qui
1640 2590 1696 2646 ﬁt
1724 2600 1931 2663 tympa-

356 2683 461 2745 nis,
492 2679 725 2741 cithara.
758 2679 1022 2749 psalteriis
1060 2688 1115 2735 et
1152 2680 1270 2735 aliis
1298 2681 1548 2751 organis?
1576 2680 1734 2752 Aufer
1760 2698 1794 2735 a
1830 2699 1927 2749 me,

357 2771 547 2840 inquit,
578 2770 796 2825 sonitum
819 2771 1128 2823 canticorum
1153 2779 1372 2834 tuorum,
1395 2780 1441 2823 et
1467 2771 1716 2842 psalmum
1736 2772 1930 2826 instru-

355 2870 636 2913 mentorum
680 2870 879 2913 tuorum
923 2875 1024 2912 non
1060 2859 1265 2912 audiam
1297 2857 1456 2932 (Ibid.
1486 2876 1537 2915 υ.
1565 2859 1681 2933 23).
1718 2861 1876 2932 Aufer
1900 2878 1932 2916 a

353 2965 453 3015 me,
483 2949 650 3018 inquit
670 2949 806 3003 Deus
835 2966 849 3004 :
882 2958 935 3002 tu
965 2948 1239 3004 auditurus
1261 2951 1415 3005 tubas
1443 2951 1659 3006 curris?
1681 2951 1785 3007 Sed
1816 2953 1932 3009 haec

354 3040 609 3095 sacrificia
638 3050 692 3096 et
718 3040 798 3094 ba:
819 3040 1111 3095 oblationes
1146 3056 1322 3096 nonne
1363 3054 1487 3097 sunt
1516 3042 1931 3099 abominabiles?

355 3131 416 3184 Si
442 3130 667 3196 o/I'eratis
689 3131 810 3185 mihi
833 3132 1187 3201 similaginem,
1216 3136 1439 3202 frustra;
1465 3135 1722 3188 incensum
1740 3116 1931 3189 abomi-

354 3223 490 3276 natio
510 3231 579 3276 est
602 3222 724 3274 mihi
748 3220 951 3292 (Hcsai.
981 3224 1031 3277 1.
1062 3222 1172 3293 13).
1204 3222 1481 3278 lueensum
1501 3224 1851 3289 abominatio;
1876 3235 1931 3281 et

354 3317 499 3370 locus
532 3330 636 3369 non
656 3298 1083 3368 ’ahominandus?
1109 3314 1171 3368 Et
1201 3313 1411 3384 quando
1435 3316 1758 3373 abominatio
1776 3316 1799 3367 ?
1820 3320 1930 3371 An-

354 3416 565 3473 tequam
594 3420 858 3459 summum
885 3405 1059 3459 scelus
1082 3403 1427 3465 admiserant,
1464 3413 1745 3474 antequam
1773 3420 1927 3461 suum

356 3496 588 3563 ipsorum
636 3495 914 3549 Dominum
964 3495 1309 3559 Sustulerant,
1357 3504 1481 3550 ante
1524 3510 1756 3563 crucem,
1802 3506 1927 3553 ante

351 3587 547 3639 Christi
571 3600 774 3650 necem,
797 3585 1135 3639 abominatio.
1162 3589 1349 3639 Annon
1373 3586 1538 3638 multo
1559 3586 1725 3657 magis
1751 3588 1928 3642 nunc?

357 3679 418 3731 lit
443 3693 571 3731 sane
594 3678 718 3747 quid
739 3686 823 3732 est
850 3675 1163 3732 sulﬁmentis
1185 3677 1540 3746 fragrantins?
1566 3676 1760 3732 Verum
1792 3680 1928 3735 Deus

356 3785 461 3824 non
500 3771 881 3824 sacriﬁciorum
912 3779 1177 3832 naturam,
1213 3769 1303 3823 sed
1349 3769 1581 3823 animum
1624 3786 1807 3824 eorum
1839 3772 1927 3841 qui

353 3858 583 3914 oﬂ'erunt
608 3858 875 3922 observat,
907 3856 1113 3927 hocque
1144 3856 1439 3912 oblationes
1468 3857 1704 3912 metitur.
1735 3860 1924 3914 Atten-

354 3951 432 4006 dit
464 3950 530 4004 ad
553 3951 685 4005 Abel
710 3958 764 4004 et
791 3949 856 4003 ad
886 3964 1101 4004 munera
1129 3948 1244 4017 ejus
1276 3966 1289 4001 :
1319 3949 1447 4003 vidit
1469 3946 1687 4005 Caintttn
1710 3992 1724 4016 ,
1755 3959 1809 4005 et
1837 3965 1927 4004 sa-

351 4042 551 4097 criﬁcia
577 4043 691 4111 ejus
721 4051 831 4096 tum
861 4051 1131 4096 aversatus
1158 4053 1255 4094 est.
1289 4040 1417 4094 Nam
1446 4042 1514 4094 ad
1546 4040 1699 4105 Cain,
1736 4043 1923 4113 inquit,

352 4144 399 4187 et
424 4134 493 4187 ad
513 4132 812 4186 oblationem
832 4132 940 4201 ejus
965 4148 1064 4185 non
1087 4131 1296 4183 attendit
1330 4130 1479 4198 (Gen.
1512 4132 1561 4185 4.
1596 4132 1673 4201 5).
1703 4130 1813 4186 Noe
1839 4146 1928 4186 sa-

351 4223 550 4277 criﬁcia
574 4223 772 4287 ovium,
795 4222 1100 4284 vitulorum,
1124 4230 1177 4275 et
1199 4221 1373 4274 avium
1403 4220 1510 4275 Deo
1531 4219 1757 4275 obtulit:
1790 4221 1927 4274 Odo-

351 4326 594 4383 ratusque
619 4324 692 4367 est
730 4313 975 4368 Dominus
1001 4312 1207 4367 odorem
1232 4313 1511 4377 suavitatis,
1552 4313 1718 4382 inquit
1743 4314 1925 4385 Scrip-

355 4416 471 4459 tura
497 4402 608 4476 (Id.
637 4403 688 4459 8.
731 4402 841 4474 2i),
870 4402 922 4457 id
963 4412 1063 4469 est,
1087 4400 1261 4456 oblata
1288 4401 1545 4471 probavit.
1579 4400 1759 4469 Neque
1784 4404 1928 4458 enim

356 4496 466 4549 Deo
495 4486 650 4548 nares
678 4501 819 4558 sunt,
853 4491 945 4547 sed
972 4506 1165 4545 numen
1196 4500 1277 4544 est
1306 4491 1696 4560 incorporeum.
1727 4492 1929 4558 Quam-

352 4602 509 4657 quam
536 4601 619 4647 ea,
648 4602 764 4657 qua:
794 4600 858 4640 ex
888 4584 1037 4639 altari
1066 4598 1277 4639 sursum
1304 4582 1561 4642 feruntur,
1587 4581 1740 4637 nidor
1766 4591 1822 4637 et
1850 4582 1929 4635 fu-

338 4692 471 4731 'mtts
500 4685 624 4732 sunt
660 4675 1054 4730 combustorum
1083 4687 1363 4742 corporum
1392 4688 1404 4724 :
1435 4688 1539 4741 quo
1569 4671 1759 4727 faetore
1796 4672 1927 4726 nihil

353 4768 543 4823 tetrius
568 4775 669 4822 est.
704 4765 895 4820 Verum
927 4774 983 4818 ut
1009 4764 1200 4845 discas,
1230 4763 1392 4818 Deum
1419 4762 1643 4831 probare
1668 4762 1924 4817 sacriﬁcia

352 4868 405 4912 et
425 4859 684 4923 aversari,
711 4871 807 4925 pro
833 4855 1023 4909 affectu
1053 4854 1341 4917 oﬂ‘erentis,
1378 4852 1613 4906 nidorem
1642 4863 1694 4906 et
1725 4852 1925 4907 fumum

351 4950 572 5006 odorem
602 4961 757 5004 vocat
781 4948 1074 5012 suavitatis,
1106 4947 1403 5009 incensum,
1434 4945 1879 5000 abominatiouem
1910 4962 1923 4998 :

350 5042 474 5111 quia
502 5040 671 5094 multo
699 5038 887 5094 faetore
912 5052 1064 5092 mens
1088 5037 1424 5092 offerentium
1462 5037 1661 5106 repleta
1692 5035 1803 5090 fuit.
1836 5035 1915 5089 Li-

338 5132 513 5186 ~betne
542 5144 884 5198 cognoscere,
914 5127 1057 5198 quod
1095 5127 1348 5198 templum
1376 5128 1535 5181 etiam
1573 5140 1694 5179 cum
1721 5125 1923 5180 sacriﬁ-

347 5224 468 5288 ciis,
490 5223 725 5293 organis,
744 5222 906 5286 feriis,
926 5230 980 5276 et
998 5220 1224 5276 incensis
1239 5228 1512 5275 aversetur
1535 5219 1691 5282 Deus,
1712 5226 1927 5291 propter

353 5328 446 5370 eos
473 5314 562 5383 qui
596 5313 720 5367 illuc
749 5313 1153 5381 ingrediuntur?
1179 5310 1233 5364 ld
1263 5311 1373 5378 ipsa
1400 5325 1457 5364 re
1486 5309 1716 5363 maxime
1744 5318 1926 5363 osten-

348 5407 449 5474 dit,
478 5405 604 5460 olim
635 5403 980 5458 barbarorum
1006 5402 1247 5456 manibus
1278 5400 1403 5455 illud
1432 5399 1711 5465 tradendo,
1742 5407 1926 5468 postea

353 5510 577 5566 pr0rsus
604 5494 855 5549 delenda.
885 5493 1259 5549 Verumtamen
1288 5499 1412 5544 ante
1436 5489 1768 5544 eversionem
1796 5504 1930 5558 quo-

349 5600 455 5654 que
484 5586 628 5640 illius
654 5600 746 5655 per
776 5584 1087 5655 prophetam
1116 5582 1327 5646 clamat,
1355 5580 1606 5649 dicitque.
1646 5577 1729 5632 Ne
1762 5579 1927 5647 conﬁ-

348 5676 481 5729 datis
509 5677 561 5729 in
599 5675 762 5728 verbis
788 5674 1067 5739 mendacii,
1095 5672 1213 5743 quia
1246 5688 1346 5725 non
1381 5670 1652 5739 proderunt
1680 5669 1814 5724 vobis
1843 5670 1926 5723 di-

346 5767 573 5821 centibus
595 5782 613 5821 :
631 5763 871 5835 templum
892 5762 1116 5829 Domini,
1139 5761 1380 5833 tmplum
1399 5760 1605 5819 Domini
1625 5760 1917 5831 est(1erern.

1635 387 1990 445 ADVERSUS
2026 387 2324 449 JUDAEOS.
2362 392 2403 448 Ι.

3518 400 3623 454 ιιι-4

2065 503 2116 556 7.
2143 502 2220 572 4).
2252 502 2367 558 Non
2411 505 2683 574 templum,
2713 506 2900 573 inquit,
2938 516 3151 564 sanctos
3187 524 3283 564 eos
3318 511 3509 577 reddit,
3539 514 3629 583 qui

2058 593 2468 663 congrediuntur
2501 613 2514 650 :
2548 594 2642 650 sed
2664 594 2715 649 hi
2742 596 2869 652 illud
2896 608 3138 654 sanctum
3168 599 3380 657 faciunt.
3405 604 3559 672 Quod
3580 609 3625 661 si

2059 692 2168 738 tum
2196 685 2266 738 nil
2296 683 2546 753 proderat
2574 686 2849 756 templum,
2882 689 3231 757 praesentibus
3259 692 3547 748 Cherubim
3577 708 3630 749 et

2055 786 2175 827 arca
2209 789 2222 825 :
2250 773 2417 829 multo
2447 776 2621 832 minus
2656 778 2764 846 jam
2785 818 2799 843 ,
2830 780 3075 834 omnibus
3103 781 3166 836 iis
3197 782 3417 838 sublatis
3437 825 3451 849 ,
3485 798 3631 853 pom-

2054 876 2209 929 quam
2254 864 2392 920 Deus
2435 865 2555 921 illos
2595 881 2814 936 prorsus
2859 881 3155 938 aversatur,
3198 881 3253 927 et
3291 875 3507 943 gravior
3545 889 3628 930 est

2055 952 2210 1022 hujus
2234 953 2341 1009 odii
2364 970 2541 1011 causa.
2565 958 2787 1022 Quanta:
2806 958 2964 1030 igitur
2986 964 3233 1019 amentiae
3259 964 3434 1030 fuerit,
3457 982 3625 1038 quan-

2057 1051 2227 1113 taaquc
2257 1045 2590 1116 insipientize,
2621 1057 2829 1104 notatos
2859 1050 3165 1122 ignominia,
3193 1069 3225 1109 a
3252 1056 3362 1112 Deo
3387 1058 3627 1127 proditos

2050 1150 2166 1201 eos,
2198 1137 2288 1208 qui
2318 1138 2598 1194 Dominum
2630 1141 2683 1194 in
2713 1141 2846 1196 iram
2872 1143 3206 1211 concitariut,
3236 1148 3412 1204 socios
3436 1149 3536 1205 sibi
3567 1152 3622 1205 in

2052 1225 2197 1281 feriis
2231 1228 2529 1284 asciscere?
2565 1228 2621 1284 Si
2653 1237 2801 1285 tuum
2829 1232 2949 1301 quis
2990 1234 3272 1290 occidisset
3310 1237 3505 1305 ﬁlium,
3538 1240 3624 1294 dic

2051 1316 2178 1369 mihi
2198 1357 2215 1383 ,
2245 1317 2430 1387 ejusne
2452 1329 2791 1390 conspectum
2822 1322 3147 1377 sustineres?
3171 1325 3468 1383 Audiresne
3493 1330 3623 1383 allo-

2042 1409 2334 1475 quentem?
2359 1408 2544 1466 Nonne
2572 1419 2627 1464 ut
2660 1410 2956 1481 improbum
2996 1413 3324 1481 dmtnonem,
3356 1428 3409 1473 ut
3452 1420 3619 1488 ipsum

2047 1494 2315 1552 diabolum
2355 1499 2600 1569 fugeres?
2640 1500 2846 1555 Domini
2878 1503 2951 1556 ttti
2998 1503 3161 1558 ﬁlium
3192 1506 3538 1575 occiderunt,
3567 1522 3622 1564 et

2045 1586 2098 1641 in
2129 1589 2373 1645 eumdem
2410 1606 2532 1646 cum
2560 1592 2663 1648 illis
2700 1593 2903 1664 ingredi
2940 1595 3114 1650 locum
3153 1599 3356 1654 audes?
3382 1601 3621 1673 Cumque

2044 1678 2250 1732 occisus
2273 1679 2483 1747 abillis,
2515 1689 2718 1737 tantum
2746 1694 2797 1738 te
2818 1683 3109 1751 honorarit,
3134 1697 3193 1741 ut
3216 1688 3429 1745 fratrem
3454 1700 3508 1747 et
3529 1706 3619 1746 co-

2038 1766 2297 1825 heredem
2334 1772 2671 1827 eonstituerit
2704 1790 2720 1828 :
2754 1782 2898 1828 tanta
2943 1784 2997 1829 tu
3041 1777 3287 1832 eumdem
3329 1779 3617 1849 ignominia

2042 1859 2231 1929 afﬁcis,
2261 1871 2319 1917 ut
2355 1863 2471 1933 ejus
2500 1864 2909 1932 interfectores,
2937 1867 3025 1937 qui
3051 1869 3193 1923 cruci
3230 1870 3402 1939 ipsum
3427 1873 3617 1928 afﬁxo-

2041 1960 2185 2017 runt,
2210 1955 2583 2010 communione
2612 1954 2861 2011 feriarum
2891 1957 3121 2027 ipsarum
3162 1960 3305 2015 colas
3331 1971 3489 2032 atque
3516 1965 3616 2018 ub-

2040 2054 2243 2108 serves,
2268 2050 2321 2096 et
2338 2043 2405 2098 ad
2429 2043 2645 2114 profana
2669 2044 2881 2100 illorum
2911 2047 3025 2101 loca
3054 2063 3257 2114 curras,
3290 2051 3494 2121 impura
3526 2071 3615 2107 ve-

2038 2131 2230 2187 stibula
2255 2132 2439 2198 intres,
2468 2150 2769 2206 menszeque
2794 2136 3176 2194 daemoniorum
3207 2142 3469 2213 particeps
3496 2144 3615 2199 ﬁas.

2038 2219 2115 2275 lta
2142 2222 2284 2276 enim
2320 2222 2623 2279 Judteorum
2657 2225 2918 2295 jejunium
2962 2237 3018 2282 ut
3055 2230 3348 2300 appellem,
3380 2232 3617 2291 adducor

2038 2331 2188 2381 nece,
2216 2334 2375 2388 quam
2403 2319 2512 2373 Deo
2539 2320 2845 2375 intulerunt.
2870 2323 2984 2388 Quo
3004 2324 3145 2378 enim
3169 2333 3323 2394 pacto
3342 2325 3615 2383 daemones

2039 2421 2144 2461 non
2170 2405 2414 2463 dicantur
2431 2408 2611 2463 colere
2636 2409 2693 2475 ii,
2726 2410 2814 2480 qui
2844 2411 2953 2466 Deo
2981 2410 3199 2467 adversa
3231 2416 3526 2483 peragunt?
3547 2419 3616 2472 At

2036 2496 2352 2552 medicinam
2390 2512 2420 2552 a
2466 2497 2797 2554 daemonibus
2839 2502 3077 2570 expetis?
3125 2501 3258 2557 Cum
3307 2504 3514 2560 abirent
3559 2506 3612 2561 in

2037 2602 2248 2655 porcos,
2298 2588 2490 2643 Christi
2539 2591 2820 2659 permissu,
2867 2591 3158 2660 darmones,
3213 2603 3322 2649 tum
3366 2597 3419 2652 in
3465 2614 3612 2655 mare

2036 2678 2154 2733 illos
2196 2681 2374 2734 statim
2415 2682 2812 2752 praecipitarunt
2845 2701 2857 2736 :
2891 2693 2944 2738 ct
2986 2684 3262 2741 hominum
3301 2690 3612 2759 corporibus

2035 2782 2250 2841 parcent
2278 2769 2486 2842 (Matth.
2520 2773 2572 2826 8.
2601 2774 2689 2827 51.
2720 2773 2891 2843 sqq.)?
2915 2774 3088 2845 Atque
3111 2776 3307 2831 utinam
3334 2793 3438 2833 non
3466 2780 3611 2836 occi-

2033 2859 2238 2925 derent,
2267 2861 2465 2914 utinam
2495 2878 2601 2916 non
2627 2863 3026 2919 iusidiareutur!
3057 2865 3342 2935 Ejeccrunt
3366 2884 3428 2923 ex
3455 2885 3611 2939 para-

2033 2948 2170 3015 diso,
2211 2951 2414 3005 honore
2455 2952 2650 3006 caelesti
2695 2952 2983 3019 orbarunt,
3013 2963 3068 3009 et
3091 2970 3283 3025 corpus
3311 2958 3610 3014 curabunt?

2024 3038 2275 3095 'Ilidicula
2309 3041 2420 3095 lure
2441 3084 2455 3108 ,
2487 3047 2543 3097 et
2571 3042 2781 3098 fabulae.
2816 3044 3095 3101 Dtemones
3133 3047 3369 3103 insidiari
3399 3051 3608 3112 sciunt.

2034 3144 2097 3185 ac
2122 3145 2334 3196 nocere,
2365 3146 2469 3187 non
2497 3133 2695 3188 mederi
2723 3151 2736 3188 :
2766 3135 2956 3189 animae
2987 3150 3092 3191 non
3124 3148 3376 3206 parcunt,
3409 3148 3463 3194 et
3487 3155 3609 3195 cor-

2034 3221 2252 3291 poribus
2281 3223 2534 3291 parcent?
2563 3223 2604 3277 E
2630 3238 2793 3293 regno
2828 3223 3022 3295 ejicere
3051 3237 3311 3281 conantur
3340 3246 3353 3282 :
3383 3239 3436 3283 et
3462 3245 3608 3285 mur-

2028 3310 2112 3365 bis
2134 3311 2309 3367 levare
2334 3326 2431 3366 nos
2460 3313 2710 3381 cupient?
2737 3313 2852 3370 Non
2883 3315 3035 3371 audis
3062 3317 3375 3386 pt-Ophetam
3403 3320 3607 3387 dicere,

2031 3411 2188 3472 atque
2217 3402 2388 3471 ipsum
2423 3402 2596 3471 potius
2618 3404 2781 3459 Deum
2808 3419 2905 3474 per
2926 3406 3260 3477 prophetam,
3290 3408 3409 3465 illus
3438 3427 3610 3482 neque

2031 3491 2167 3546 bene
2211 3506 2382 3563 neque
2421 3494 2557 3548 male
2588 3510 2743 3565 posse
2788 3495 3001 3552 facere?
3028 3500 3199 3569 Atque
3241 3500 3363 3555 licet
3407 3503 3607 3557 mederi

2030 3583 2195 3636 velint
2220 3597 2283 3637 ac
2311 3584 2538 3654 possint,
2569 3586 2710 3655 quod
2738 3586 2850 3642 ﬁeri
2878 3590 3061 3657 nequit
3090 3607 3103 3642 :
3136 3591 3205 3645 ob
3227 3590 3476 3647 lucellum
3503 3594 3609 3649 cxi-

2029 3672 2116 3740 gui
2163 3674 2415 3742 temporis
2454 3674 2748 3744 periculum
2787 3685 3106 3733 mternarum
3149 3694 3423 3749 pinnarum
3468 3681 3605 3737 haud

2032 3761 2362 3817 subeundum
2401 3773 2501 3819 est.
2529 3763 2738 3835 Corpus
2765 3766 2997 3833 curabis,
3038 3776 3095 3821 ut
3121 3770 3351 3823 animam
3380 3770 3610 3838 perdas?

2032 3851 2144 3906 Non
2178 3852 2429 3921 praeclara
2455 3862 2537 3910 est
2578 3856 2889 3911 nundinatio
2920 3867 3004 3912 tua
3037 3874 3049 3910 :
3083 3860 3324 3929 corporis
3363 3861 3607 3914 conditoo

2032 3958 2145 3998 rem
2173 3945 2461 4000 exacerbas
2492 3945 2678 4013 Deum,
2710 3956 2764 4001 et
2791 3948 3112 4003 insidiatoris
3135 3950 3206 4003 tui
3230 3951 3481 4005 auxilium
3509 3953 3609 4005 im-

2031 4035 2226 4105 ploras.
2257 4035 2448 4091 Annon
2485 4038 2583 4092 hac
2615 4040 2850 4104 ratione,
2881 4050 3096 4109 propter
3125 4041 3399 4095 medicina:
3428 4043 3607 4098 scisne

2032 4126 2181 4193 tiam,
2220 4128 2364 4181 nullo
2404 4128 2617 4198 negotio
2656 4129 2827 4198 quivis
2870 4130 3267 4198 superstitiosus
3311 4131 3502 4193 homo,
3544 4150 3609 4182 (ιιι

2034 4224 2084 4271 te
2137 4218 2471 4284 pertraxerit,
2521 4217 2773 4273 Gentium
2822 4228 2875 4272 et
2923 4219 3053 4272 deos
3106 4228 3163 4272 ut
3208 4219 3436 4273 adores?
3477 4220 3608 4275 Nam

2032 4306 2226 4360 ethnici
2247 4321 2455 4377 quoque
2483 4306 2668 4362 borum
2696 4314 2808 4362 arte
2836 4310 3050 4362 morbos
3079 4324 3220 4377 saepe
3246 4318 3523 4375 curarunt,
3555 4320 3610 4363 et

2032 4408 2259 4470 aegrotos
2283 4398 2495 4453 sanitati
2523 4400 2886 4454 restituerunt.
2922 4398 3111 4454 Ideone
3138 4402 3421 4468 impietatis
3449 4404 3608 4472 parti-

2032 4490 2178 4560 cipes
2206 4489 2441 4543 erimus?
2461 4490 2630 4544 Absit.
2662 4490 2797 4544 Audi
2823 4491 2945 4560 quid
2976 4491 3180 4573 Moyses
3199 4492 3396 4549 Jud.eis
3422 4496 3561 4549 dicat
3593 4516 3603 4545 ;

2015 4579 2095 4633 'Si
2142 4579 2411 4632 surrexerit
2460 4579 2512 4633 in
2558 4579 2720 4633 medio
2763 4581 2835 4633 tui
2885 4583 3128 4650 propheta
3153 4625 3166 4646 ,
3219 4594 3305 4635 aut
3353 4587 3610 4641 somnians

2033 4671 2303 4732 somnium,
2334 4678 2381 4723 et
2418 4671 2609 4724 dederit
2637 4671 2722 4723 tibi
2750 4672 2949 4742 signum
2989 4674 3063 4726 rel
3089 4685 3403 4742 portentum;
3430 4691 3607 4730 euene-

2031 4763 2192 4828 ritque
2219 4761 2418 4831 signum
2436 4759 2514 4814 uel
2541 4771 2841 4830 portentum,
2866 4764 3001 4830 quod
3025 4763 3258 4832 loquutus
3278 4773 3370 4830 est,
3396 4773 3442 4817 et
3467 4766 3611 4819 diu-

2032 4853 2096 4905 rit
2123 4852 2190 4905 ad
2216 4863 2260 4903 te
2288 4867 2305 4905 :
2334 4868 2504 4906 eamus
2534 4862 2581 4905 et
2601 4853 2873 4905 serviamus
2898 4854 2996 4907 diis
3025 4840 3221 4920 alienis,
3250 4873 3372 4922 quos
3393 4873 3492 4910 non
3514 4874 3606 4911 ne-

2035 4956 2208 4998 ver-unt
2238 4956 2405 5014 patres
2426 4946 2585 4998 nostri
2612 4960 2631 4998 :
2655 4962 2754 4997 non
2774 4945 3009 4999 obedietis
3034 4949 3191 5000 verbis
3217 4948 3493 5016 prop/reue,
3523 4959 3609 5002 aut

2032 5036 2350 5088 somniatoris
2392 5034 2530 5089 illius
2571 5033 2745 5107 (Deut.
2787 5036 2876 5089 15.
2924 5035 2974 5106 1)
3042 5040 3277 5102 Quorum
3324 5040 3606 5092 verborum

2036 5126 2148 5180 h.rc
2175 5137 2256 5180 est
2285 5127 2544 5180 sententia
2575 5144 2587 5179 :
2615 5124 2668 5181 Si
2699 5128 2954 5196 propheta
2978 5127 3258 5196 quispiam,
3283 5128 3470 5197 inquit,
3491 5144 3611 5184 sur»

2035 5217 2250 5280 rexerit,
2282 5226 2335 5270 et
2375 5218 2582 5286 signum
2623 5218 2867 5281 ediderit,
2909 5219 2992 5272 vel
3036 5228 3300 5271 mortumn
3342 5219 3604 5283 excitarit,

2036 5309 2117 5360 vel
2141 5307 2411 5377 leprusum
2438 5308 2791 5372 mundaverit,
2818 5308 2901 5362 vel
2923 5308 3154 5362 debilem
3182 5310 3403 5372 sanarit,
3428 5310 3609 5379 signo-

2022 5394 2139 5469 ‘que
2183 5399 2326 5453 edito
2374 5398 2439 5451 ad
2482 5399 2807 5466 impietatem
2854 5407 2906 5451 te
2947 5398 3179 5451 invitarit
3224 5415 3236 5450 :
3284 5413 3352 5453 ne
3393 5411 3610 5469 propter

2035 5491 2168 5562 signi
2196 5499 2449 5545 eventum
2473 5488 2709 5542 obedias.
2740 5487 2953 5553 Quare?
3003 5487 3182 5542 Tentat
3203 5489 3334 5542 enim
3356 5499 3403 5544 te
3423 5489 3608 5545 Domi-

2037 5599 2130 5635 nus
2157 5579 2294 5635 Deus
2314 5588 2447 5642 tuus,
2469 5585 2523 5631 ut
2551 5577 2733 5643 videat,
2756 5594 2823 5631 an
2844 5576 3025 5648 diligas
3045 5578 3213 5647 ipsum
3229 5594 3292 5631 ea:
3312 5588 3414 5633 toto
3462 5586 3625 5638 corde

2037 5684 2144 5737 tuo,
2171 5680 2217 5725 et
2246 5686 2308 5724 ea:
2336 5678 2438 5723 tota
2465 5669 2637 5722 anima
2664 5680 2750 5722 tua
2801 5668 2821 5739 (
2843 5665 2981 5723 Ibid.
3009 5685 3057 5725 ι.
3102 5668 3180 5737 3).
3213 5667 3364 5725 Unde
3401 5680 3615 5724 constat

2040 5761 2311 5817 daemones
2337 5772 2444 5815 non
2468 5756 2692 5815 mederi.
2722 5756 2874 5827 Quod
2894 5759 2962 5827 si,
2996 5760 3106 5816 Deo
3125 5758 3488 5830 permittente,
3520 5757 3611 5812 ali-
