4084 6186
551 382 669 438 3235

548 496 770 565 quando
816 492 1145 555 medeantur,
1190 484 1630 559 quemadmodum
1677 483 1949 543 homines.
1997 498 2120 553 per-

560 588 741 641 missio
777 585 876 638 ista
912 582 969 636 ﬁt
995 581 1060 635 ad
1099 580 1171 634 tui
1205 578 1640 646 explorationem,
1676 589 1779 629 non
1818 572 1956 643 quod
1987 574 2125 633 Deus

562 677 780 738 nesciat,
808 673 902 728 sed
929 682 985 726 ut
1011 672 1184 726 discas
1210 682 1303 724 eos
1324 669 1481 735 etiam
1509 666 1698 719 missos
1729 664 1901 719 facere
1924 664 2123 723 ιΙιιιιιιο-

561 780 676 829 nas,
702 763 790 832 qui
822 760 1118 816 medentur.
1147 759 1221 811 Ac
1244 756 1367 825 quid
1392 755 1459 808 de
1495 753 1750 808 medicina
1779 753 2015 823 corporis
2042 751 2124 805 lo-

559 856 728 926 quor?
754 854 808 910 Si
849 852 968 922 quis
995 849 1289 921 gehennam
1324 846 1553 900 minetur
1579 844 1692 909 tibi,
1725 843 1824 897 nisi
1860 843 2126 909 Christum

561 947 813 1014 abneges,
844 958 968 997 num
1007 955 1128 995 eum
1166 936 1450 993 admittes?
1488 934 1545 990 Si
1588 934 1706 1003 quis
1746 947 1962 1001 regnum
2004 945 2125 999 pro-

552 1024 751 1096 mittat,
780 1042 836 1088 ut
865 1032 932 1087 ab
961 1030 1228 1101 unigenito
1257 1028 1388 1082 Filio
1417 1025 1506 1079 Dei
1534 1025 1767 1086 delicias,
1802 1023 1945 1075 illum
1974 1036 2126 1074 aver-

561 1139 725 1192 sator,
762 1125 988 1194 odiOque
1021 1122 1367 1191 prosequitur,
1401 1127 1449 1172 et
1491 1117 1635 1171 Pauli
1664 1115 1952 1182 discipulus
1980 1119 2126 1175 esto;

549 1234 757 1289 easque
780 1230 938 1273 voces
955 1214 1248 1277 mmulatm,
1278 1224 1407 1280 quas
1427 1209 1609 1263 bca'us
1636 1207 1745 1271 ille,
1771 1213 1824 1258 et
1841 1214 2131 1274 generosits

563 1314 770 1366 animus
791 1322 980 1377 magno
1008 1319 1126 1359 cum
1156 1303 1387 1357 clamore
1411 1299 1574 1354 edidit
1602 1315 1615 1350 :
1647 1295 1821 1350 Certus
1845 1310 1953 1349 sum
1976 1293 2126 1357 enim,

566 1402 754 1472 inquit,
799 1397 933 1468 quod
974 1410 1130 1464 neque
1174 1408 1329 1457 mors,
1373 1405 1530 1459 neque
1573 1389 1694 1452 vita,
1743 1401 1900 1455 neque
1943 1382 2130 1454 angeli,

566 1504 720 1559 neque
749 1487 1077 1558 principatus,
1106 1497 1260 1550 neque
1280 1480 1498 1543 uirtutes,
1521 1492 1678 1546 neque
1701 1474 1956 1537 instantia,
1979 1486 2136 1540 neque

569 1584 759 1651 futura,
805 1592 960 1646 neque
994 1572 1240 1637 altitudo,
1278 1586 1432 1640 neque
1468 1568 1805 1639 profundum,
1835 1581 1992 1635 neque
2027 1562 2135 1618 ulla

568 1671 671 1724 alia
698 1676 926 1723 creatura
967 1664 1145 1736 poterit
1176 1677 1266 1715 uos
1295 1674 1530 1730 separare
1568 1674 1611 1710 ac
1633 1657 1838 1711 caritate
1877 1654 1990 1720 Dei,
2025 1667 2137 1723 quae

555 1776 636 1817 est
666 1763 717 1816 in
757 1758 952 1814 Christo
989 1754 1117 1810 Jesu
1155 1753 1368 1807 Domino
1406 1758 1576 1804 nostra
1603 1748 1776 1820 (Rom.
1814 1746 1868 1802 8.
1906 1745 1995 1800 58.
2018 1744 2133 1813 59).

571 1854 720 1907 Illum
744 1865 846 1905 non
876 1846 1069 1918 angeli,
1095 1859 1200 1900 non
1230 1844 1474 1908 virtutes,
1507 1854 1612 1895 non
1634 1838 1904 1904 instantia,
1926 1850 2032 1890 non
2058 1835 2138 1890 fu-

571 1955 706 2008 tura,
742 1956 846 1996 non
874 1939 974 1993 alia
1003 1945 1245 1992 creatura
1268 1949 1297 1989 a
1333 1931 1554 1988 caritate
1578 1929 1775 1984 Christi
1800 1934 2011 1997 separat
2038 1943 2052 1979 :
2084 1932 2140 1980 et

570 2046 621 2090 te
641 2047 765 2089 cura
787 2028 1025 2100 corporis
1049 2026 1114 2083 ad
1144 2023 1491 2080 defectionem
1517 2018 1770 2089 impellit?
1789 2017 1968 2087 Ecqua
1987 2015 2139 2071 venia

571 2127 736 2198 possit
756 2119 1068 2193 impetrari?
1092 2118 1278 2174 Merito
1303 2117 1444 2172 enim
1472 2113 1585 2183 ipsa
1612 2110 1855 2182 gehenna
1884 2107 2138 2198 formida-

572 2196 729 2272 bilior
764 2211 916 2267 nobis
944 2219 1027 2266 est
1049 2207 1308 2271 Christus,
1340 2213 1395 2261 et
1435 2204 1552 2273 ipso
1578 2216 1741 2272 regno
1776 2200 1967 2270 potior.
1993 2196 2142 2253 Licet

572 2310 888 2374 mgrotcmus
913 2315 925 2352 :
959 2305 1175 2368 przestat
1198 2309 1295 2350 nos
1324 2293 1510 2348 morbo
1534 2289 1719 2360 afﬂigi,
1746 2305 1925 2361 quam,
1958 2298 2015 2343 ut
2040 2287 2142 2343 hoc

574 2394 830 2456 levamur,
880 2388 947 2444 ad
995 2388 1319 2457 impietatem
1370 2382 1593 2455 prolabi.
1642 2380 1713 2438 Ut
1759 2380 1900 2436 enim
1943 2379 2144 2435 sanarit

575 2483 810 2544 dtemon,
832 2479 948 2550 plus
969 2476 1160 2544 obfuit,
1189 2491 1345 2547 quam
1372 2472 1588 2545 profuit.
1620 2473 1751 2529 Nam
1781 2472 1990 2543 corpori
2023 2471 2142 2542 qui-

572 2575 695 2630 dem
719 2571 1079 2627 emolumento
1105 2567 1224 2634 fuit,
1246 2568 1332 2621 cui
1352 2567 1568 2621 onmiuo
1582 2573 1672 2620 est
1695 2564 1850 2633 paulo
1879 2572 1998 2633 post
2025 2577 2143 2617 mo-

576 2663 839 2726 riendum,
860 2660 1106 2731 quodque
1127 2666 1392 2729 putrescet
1417 2674 1431 2710 :
1458 2658 1634 2711 animo
1659 2666 1833 2709 autem
1860 2652 2145 2709 immortali

570 2755 949 2811 detrimentum
976 2751 1171 2806 attulit.
1204 2751 1281 2804 Ac
1309 2745 1753 2819 quemadmodum
1778 2745 2010 2815 plagiarii
2036 2743 2149 2803 bel-

574 2847 729 2912 laria,
774 2844 1064 2915 placentas,
1103 2841 1258 2904 talos,
1303 2849 1461 2909 atque
1500 2838 1550 2893 id
1586 2851 1755 2908 genus
1781 2836 1883 2891 alia
1919 2834 2149 2906 parvulis

576 2953 719 3008 saepe
750 2935 926 3006 pueris
954 2934 1246 3006 porrigunt,
1287 2932 1479 3002 quibus
1516 2929 1779 2986 inescatos
1820 2928 2062 2983 libertate
2094 2935 2149 2980 et

574 3029 682 3082 vita
713 3029 822 3097 ipsa
854 3026 1058 3097 privant
1097 3042 1111 3079 :
1143 3022 1211 3078 ad
1235 3020 1478 3077 eumdem
1514 3020 1674 3077 etiam
1705 3017 1918 3073 modum
1952 3017 2150 3071 daemo-

571 3135 673 3176 nes
694 3119 914 3173 membri
937 3132 1116 3171 curam
1142 3115 1474 3184 pollicentur,
1495 3122 1548 3167 et
1572 3125 1783 3167 omnem
1812 3111 1971 3173 animi
1998 3109 2147 3165 salu-

574 3219 681 3265 tem
702 3207 1021 3277 prmcipitem
1040 3213 1218 3274 agunt.
1238 3202 1453 3268 Verum,
1473 3200 1665 3266 dilecti,
1685 3215 1753 3256 ne
1768 3199 1821 3254 id
1839 3199 2144 3263 toleremus;

576 3300 670 3355 scd
705 3299 772 3353 ab
815 3297 1084 3366 impietate
1123 3294 1483 3349 liberationem
1526 3292 1709 3360 quovis
1747 3290 1906 3345 modo
1941 3303 2148 3359 quiera-

570 3406 713 3446 mus.
737 3390 925 3441 Annon
955 3385 1136 3450 Jobns,
1161 3400 1348 3455 passus
1385 3383 1485 3440 sibi
1510 3383 1578 3438 ab
1607 3396 1772 3437 uxore
1805 3379 2141 3451 persuaderi,

576 3477 944 3547 blasphemare
966 3476 1017 3529 in
1053 3475 1213 3527 Deum
1244 3473 1516 3542 potuisset,
1549 3479 1602 3526 et
1621 3486 1720 3541 qua
1750 3469 2034 3540 urgebatur
2059 3484 2148 3523 ca-

577 3570 817 3623 lamitate
841 3565 1088 3620 liberari?
1122 3565 1214 3617 Dic
1242 3565 1459 3627 uerbum,
1488 3560 1675 3631 inquit,
1706 3561 1941 3616 adversus
1962 3559 2145 3617 Domi-

580 3674 721 3721 num,
751 3666 796 3708 et
826 3671 1014 3708 morere
1043 3653 1162 3726 (Job
1205 3653 1260 3705 2.
1302 3651 1383 3719 9).
1406 3650 1602 3706 Verum
1627 3649 1672 3704 is
1694 3650 1917 3704 cruciari
1940 3649 2144 3717 maluit,

578 3758 633 3804 et
682 3745 961 3808 macerari,
1011 3744 1322 3814 plagamque
1369 3742 1510 3796 illam
1547 3740 1695 3796 ferre
1732 3741 2145 3807 intolerabilem,

577 3852 735 3908 quam
762 3835 1148 3904 blaSpliemare,
1167 3841 1224 3888 et
1243 3832 1397 3886 malis
1422 3831 1770 3901 praesentibus
1795 3831 1976 3886 eximi.
2002 3831 2149 3887 llnnc

582 3940 637 3983 ιιι
662 3941 871 3996 quoque
896 3925 1164 3988 aemulare,
1213 3921 1452 3993 quamvis
1487 3920 1686 3976 inﬁnita
1721 3922 1998 3989 malorum,
2028 3922 2144 3993 qui-

579 4023 681 4076 bus
701 4018 984 4084 divexaris,
1010 4016 1216 4070 dminou
1245 4013 1478 4069 remedia
1506 4013 1812 4083 polliceatur
1844 4031 1858 4068 :
1887 4029 1954 4069 ne
1989 4012 2146 4070 ﬁdem

582 4112 796 4175 habeas,
840 4123 1011 4178 neque
1054 4107 1279 4173 toleres;
1321 4104 1764 4176 quemadmodum
1807 4120 1977 4176 neque
2004 4104 2149 4175 justo

576 4202 655 4257 illi
683 4199 1003 4270 persuadere
1030 4210 1162 4252 uxor
1192 4195 1376 4267 potuit.
1408 4193 1513 4250 Sed
1542 4194 1782 4249 morbum
1817 4193 1939 4250 forti
1971 4194 2149 4249 animo

576 4293 756 4361 potius
803 4289 996 4359 perfer,
1039 4301 1197 4358 quam
1246 4285 1405 4341 ﬁdem
1451 4292 1506 4340 et
1543 4284 1766 4339 salutem
1811 4284 2001 4339 animae
2046 4293 2148 4338 tua:

583 4381 912 4451 pessumdcs.
955 4378 1137 4448 Neque
1181 4377 1320 4431 enim
1368 4375 1507 4449 Deus
1551 4386 1603 4430 te
1641 4374 1960 4444 derelinquit
1996 4393 2008 4429 :
2054 4375 2148 4429 sed

572 4472 753 4542 magis
799 4471 1139 4540 conspicuum
1196 4481 1250 4522 ut
1303 4467 1523 4530 reddat,
1575 4469 1813 4536 corporis
1858 4467 2147 4521 inﬁrmitati

582 4576 726 4629 sirpe
763 4560 995 4628 sulijicit.
1029 4558 1211 4613 Perfer
1246 4558 1420 4626 igitur,
1457 4565 1516 4611 ut
1553 4565 1607 4611 tu
1644 4542 1854 4626 quoque
1893 4555 2024 4611 illud
2050 4569 2150 4611 au-

582 4655 734 4709 dias:
763 4650 900 4705 Num
924 4661 978 4704 tu
1006 4667 1196 4710 censes,
1221 4665 1298 4701 me
1328 4649 1484 4701 aliant
1516 4647 1577 4700 ob
1613 4662 1817 4700 causam
1851 4646 1940 4700 tibi
1967 4663 2147 4705 oracu-

583 4743 689 4798 lum
716 4742 949 4806 edidisse,
976 4755 1127 4809 quam
1154 4749 1206 4793 ut
1220 4739 1396 4808 justus
1412 4753 1661 4807 apparens
1678 4736 1798 4807 (Job
1812 4733 1900 4791 ιο.
1927 4731 1980 4789 3.
2011 4735 2058 4805 )?

650 4835 707 4889 8.
741 4832 962 4886 Possent
1005 4830 1151 4898 plura
1199 4828 1356 4880 etiam
1402 4837 1594 4897 praeter
1622 4827 1734 4881 haec
1776 4826 1878 4881 dici
1910 4843 1924 4881 :
1956 4828 2051 4883 sed
2095 4837 2150 4884 ut

570 4921 829 4993 qtuejam
855 4918 1076 4972 audistis
1101 4917 1167 4972 ab
1194 4916 1458 4972 oblivione
1484 4915 1812 4971 vindicentur
1834 4958 1849 4980 ,
1880 4915 2037 4971 ﬁnem
2065 4915 2149 4971 hic

576 5011 808 5067 orationi
859 5010 1082 5075 faciam,
1140 5007 1226 5061 ubi
1280 5006 1474 5078 Moysis
1515 5006 1673 5060 verba
1721 5007 1864 5076 prius
1911 5008 2145 5064 dixero:

585 5103 760 5160 Testor
781 5100 1041 5155 aduersum
1071 5114 1154 5172 eos
1180 5097 1326 5150 hodie
1352 5096 1528 5151 malum
1552 5105 1597 5150 et
1624 5106 1810 5151 terram
1836 5098 1857 5167 (
1879 5096 2027 5152 Deut.
2056 5098 2145 5156 50.

582 5195 648 5249 i9
668 5193 734 5263 ),,
762 5192 807 5246 si
849 5189 1106 5261 quispiam
1133 5197 1364 5242 vestrum
1396 5201 1627 5255 praesens
1669 5189 1926 5243 absensve
1947 5230 1964 5255 ,
1997 5190 2148 5247 tubas

578 5291 873 5354 spectatum
922 5280 1145 5343 abierit,
1192 5288 1277 5333 aut
1308 5279 1373 5333 ad
1403 5278 1732 5350 Synagogam
1778 5280 2146 5345 contenderit,

579 5388 671 5433 aut
705 5375 773 5430 ad
810 5374 1063 5429 Matrona:
1087 5372 1364 5428 delubrum
1393 5372 1725 5438 ascenderit,
1753 5381 1843 5426 aut
1877 5372 2064 5442 jejunii
2094 5382 2150 5428 et

581 5467 931 5523 Sabbatorum
973 5465 1232 5534 particeps
1258 5462 1452 5529 fuerit,
1482 5472 1571 5518 aut
1596 5463 1755 5517 alium
1782 5462 1938 5518 ritum
1964 5462 2146 5519 Judai-

574 5570 703 5610 cum
749 5568 1136 5624 quemcumque
1186 5551 1579 5617 observaverit,
1630 5552 1900 5608 innoxium
1948 5567 2034 5609 me
2082 5553 2150 5609 ab

584 5646 823 5711 omnium
850 5655 1089 5699 vestrum
1114 5659 1368 5711 sanguine
1406 5657 1548 5699 esse.
1577 5643 1639 5698 [ii
1682 5658 1955 5701 sermones
1983 5646 2035 5700 in
2063 5644 2150 5702 die

582 5733 797 5794 Domini
823 5734 986 5790 nostri
1005 5732 1354 5790 Jesu~Cltristi
1379 5742 1439 5811 et.
1457 5733 1582 5788 mihi
1598 5743 1659 5791 ct
1686 5734 1835 5791 vobis
1859 5736 2143 5794 sistentur:

1255 375 1313 430 5.
1353 371 1625 432 JOANNIS
1661 370 2129 425 CllllYSOSTOMl
2170 364 3063 426 ARCHIEP..CO.\'STANTINOP.

3684 360 3783 415 8356

2231 493 2282 535 et
2310 483 2353 537 si
2384 482 2704 541 obedieritis,
2736 481 2958 535 multum
2989 478 3137 533 vobis
3164 477 3357 532 dabunt
3391 476 3594 530 ﬁducize
3619 493 3629 528 :
3654 477 3786 545 quod

2229 573 2272 626 si
2311 588 2414 627 non
2444 571 2744 643 parueritis,
2774 580 2865 624 aut
2888 566 3142 639 quosdam
3174 566 3292 622 talia
3318 581 3474 622 ausos
3498 568 3791 622 occultave-

2231 665 2366 729 ritis,
2395 673 2659 731 tamquam
2687 675 2837 715 acres
2861 669 3195 716 accusatores
3220 675 3282 713 ex
3309 658 3535 715 adverso
3562 657 3789 712 stabunt.

2233 750 2356 805 Non
2397 753 2529 806 enim
2572 750 2884 822 subterfugi,
2932 767 3028 818 quo
3072 751 3237 804 minus
3279 749 3627 803 attnuutiarem
3664 750 3793 803 vobis

2232 860 2377 898 omne
2405 844 2496 898 Dei
2537 842 2802 898 consilium
2826 843 2845 913 (
2868 843 2979 897 Act.
3005 844 3095 898 20.
3126 841 3194 897 27
3216 842 3234 912 )
3259 883 3273 906 ,
3317 842 3409 896 sed
3439 850 3493 896 et
3523 840 3793 895 tttens‘riis

2233 935 2506 1006 pecuniam
2550 935 2813 992 commisi.
2851 935 3128 1004 Reliquum
3157 942 3242 989 est
3284 942 3340 986 ut
3364 933 3656 1002 depositam
3701 948 3730 986 a
3761 958 3790 973 ο

2232 1040 2437 1097 genus,
2486 1027 2762 1097 fructuque
2806 1028 3075 1082 conciouis
3120 1027 3185 1082 ad
3234 1025 3451 1080 fratrum
3504 1035 3793 1080 vestrorum

2234 1120 2455 1175 salutem
2486 1120 2721 1173 utamini.
2754 1121 2819 1172 At
2863 1119 3140 1173 molestum
3170 1126 3225 1172 et
3248 1117 3487 1171 odiosum
3517 1127 3598 1170 est
3640 1117 3689 1169 in
3718 1115 3798 1171 his

2236 1216 2513 1279 peccantes
2537 1207 2786 1264 deferre?
2811 1207 2992 1262 Itidem
3023 1216 3070 1261 et
3102 1207 3278 1261 silere.
3307 1206 3434 1260 Tam
3462 1206 3603 1259 enim
3629 1207 3795 1272 vobis,

2236 1299 2323 1367 qui
2351 1298 2542 1367 tegitis,
2573 1314 2733 1368 quam
2757 1290 2858 1353 illis
2884 1298 2971 1368 qui
2998 1297 3181 1364 latent,
3208 1296 3472 1350 silentium
3502 1297 3601 1350 hoc
3626 1298 3800 1366 perni-

2236 1391 2371 1445 ciem
2399 1389 2591 1455 affert,
2624 1390 2787 1444 Deum
2830 1388 2981 1443 nobis
3022 1387 3291 1442 inimicum
3318 1385 3564 1441 reddens.
3596 1387 3803 1453 Quanto

2237 1489 2414 1534 autem
2443 1487 2673 1547 praestat,
2693 1479 2744 1532 in
2771 1493 3144 1534 conservorum
3171 1476 3292 1532 odio
3321 1490 3439 1531 esse
3464 1474 3530 1529 ad
3556 1476 3799 1541 salutem,

2238 1584 2395 1639 quam
2425 1568 2633 1623 Domini
2673 1569 2808 1624 iram
2836 1568 3091 1624 adversus
3119 1583 3216 1623 nos
3255 1567 3551 1623 concitari?
3594 1567 3801 1623 Illorum

2239 1659 2379 1713 enim
2405 1659 2723 1728 quicumque
2745 1699 2761 1724 ,
2794 1668 2850 1713 ut
2887 1657 2996 1728 jam
3042 1657 3338 1728 indignetur
3360 1697 3374 1721 ,
3401 1656 3652 1712 damnum
3679 1656 3804 1712 dare

2241 1764 2346 1803 non
2374 1749 2601 1818 poterit,
2631 1749 2755 1816 quin
2780 1762 2875 1818 pro
2897 1748 3155 1803 medicina
3184 1747 3379 1817 gratias
3408 1746 3614 1802 tandem
3642 1755 3757 1817 aget
3788 1763 3802 1800 :

2243 1839 2381 1893 Deus
2421 1854 2586 1905 vero,
2634 1839 2719 1894 ubi
2767 1839 2995 1894 tacueris
3035 1847 3090 1894 et
3132 1839 3425 1894 oeculneris
3473 1839 3523 1893 in
3565 1838 3805 1894 conservi

2241 1928 2485 1998 gratiam,
2517 1943 2637 1982 cum
2666 1927 2824 1998 hujus
2851 1929 3099 1998 pernicie,
3134 1943 3316 1999 pinnas
3343 1928 3440 1984 abs
3468 1936 3521 1984 te
3546 1936 3808 1984 extremas

2243 2028 2472 2089 expetet.
2498 2018 2673 2087 Quare
2699 2019 2920 2074 tacendo
2958 2029 3010 2075 et
3038 2019 3200 2074 Deum
3229 2020 3321 2074 tibi
3346 2019 3551 2075 hostem
3577 2018 3769 2074 reddes
3790 2059 3806 2084 ,

2245 2118 2300 2165 et
2324 2108 2538 2163 nocebis
2563 2108 2711 2164 fratri
2730 2124 2744 2162 :
2763 2108 3047 2165 deferendo
3063 2120 3239 2185 autem
3267 2109 3406 2163 hunc
3430 2120 3484 2165 et
3510 2108 3810 2176 indicando,

2245 2210 2298 2255 et
2342 2201 2506 2255 Deum
2537 2188 2755 2255 habebis
2794 2201 3072 2270 propitium
3097 2242 3111 2266 ,
3142 2210 3194 2256 ct
3235 2201 3449 2256 fratrem
3478 2201 3771 2256 lucrifaeics
3792 2241 3807 2266 ,

2246 2293 2579 2362 amicumque
2622 2292 2830 2361 parabis
2853 2301 3004 2346 antea
3050 2291 3382 2347 furibundum
3407 2333 3423 2358 ,
3450 2293 3771 2362 experientia
3793 2333 3809 2357 ,

2248 2383 2347 2452 ipsi
2375 2392 2426 2438 te
2447 2383 2582 2439 bene
2606 2380 2814 2448 fecisse,
2848 2382 3113 2438 edoctum.
3140 2382 3217 2439 Ne
3245 2383 3422 2453 itaque
3450 2399 3544 2437 vos
3569 2381 3812 2438 fratribus

2247 2471 2531 2544 gratiﬁcari
2576 2474 2804 2543 putetis,
2836 2473 2882 2528 si
2925 2472 3138 2529 absurdi
3166 2473 3290 2544 quid
3331 2487 3439 2533 eos.
3466 2464 3658 2528 sectari
3700 2487 3813 2526 ecr-

2250 2564 2387 2618 natis
2409 2604 2427 2630 ,
2471 2578 2643 2632 neque
2667 2563 2811 2619 omni
2834 2563 2995 2619 animi
3018 2565 3361 2618 contentione
3398 2563 3542 2633 ipsos
3565 2562 3812 2632 arguatis.

2249 2657 2456 2711 Amissa
2485 2664 2652 2723 veste,
2683 2671 2749 2712 an
2779 2656 2950 2712 furem
2980 2666 3206 2725 tantum,
3235 2673 3342 2712 non
3370 2657 3490 2712 furti
3520 2657 3810 2720 conscium,

2249 2761 2422 2817 neque
2448 2745 2765 2802 indicantem
2789 2788 2805 2813 ,
2850 2746 3092 2802 similiter
3120 2762 3214 2818 pro
3242 2747 3394 2802 hoste
3420 2746 3570 2802 ducis
3588 2747 3616 2799 τ
3657 2746 3816 2802 Mater

2251 2847 2432 2893 nostra
2455 2838 2753 2892 communis
2794 2837 3030 2893 Ecclesia
3067 2852 3170 2892 non
3215 2846 3413 2892 vestem
3437 2877 3454 2903 ,
3481 2836 3573 2892 sed
3594 2836 3815 2893 fratrem

2250 2929 2463 2997 amisit;
2510 2944 2667 2999 quem
2709 2928 2950 2984 diabolus
2991 2928 3126 2986 clam
3170 2938 3411 2998 ereptum
3454 2928 3504 2982 in
3547 2928 3818 2984 Judaismo

2251 3021 2452 3078 detinet
2481 3039 2497 3076 :
2528 3021 2665 3077 nosti
2711 3029 2975 3091 raptorem
3001 3061 3016 3085 ,
3064 3022 3200 3076 nosti
3248 3030 3454 3089 raptum
3487 3036 3502 3073 :
3536 3020 3689 3075 vides
3738 3035 3819 3076 me

2250 3112 2506 3168 doctrinae
2534 3125 2834 3167 sermonem
2881 3122 3144 3181 tamquam
3190 3110 3458 3165 lucernam
3486 3110 3779 3165 accendere
3800 3150 3816 3176 ,

2253 3205 2445 3272 ubique
2467 3217 2586 3258 cum
2616 3203 2829 3273 planctu
2854 3217 3094 3273 qum-rere
3116 3216 3132 3254 :
3155 3208 3207 3256 et
3232 3208 3285 3255 tu
3308 3200 3471 3256 silens
3494 3208 3633 3267 stas,
3655 3213 3820 3268 neque

2253 3292 2487 3349 indicas?
2505 3292 2634 3359 Qum
2659 3291 2750 3348 tibi
2776 3291 2959 3347 venia?
2977 3290 3164 3346 Nonne
3190 3305 3287 3360 pro
3309 3302 3517 3345 summo
3545 3289 3819 3345 habeberis

2251 3385 2463 3439 inimico
2491 3384 2739 3440 Ecclesia:
2762 3424 2777 3447 ,
2810 3392 2965 3454 teque
2993 3383 3081 3438 illa
3110 3383 3315 3438 hostem
3336 3380 3600 3452 judicabit
3625 3391 3678 3438 et
3706 3396 3820 3451 pro-

2251 3475 2520 3531 ditorcm?
2549 3475 2740 3531 Verum
2771 3475 2942 3541 absit,
2972 3484 3028 3529 ut
3052 3475 3325 3545 quisquam
3351 3489 3533 3529 eorum
3557 3514 3574 3540 ,
3610 3475 3695 3545 qui
3726 3473 3819 3527 hoc

2250 3567 2527 3624 consilium
2568 3566 2823 3631 audiunt,
2856 3567 3012 3621 talem
3040 3566 3249 3636 culpam
3293 3565 3574 3633 admittat,
3612 3565 3818 3619 fratrem

2253 3671 2309 3714 ut
2350 3659 2576 3730 prodat,
2618 3673 2716 3729 pro
2759 3674 2864 3729 quo
2890 3655 3128 3714 Christus
3170 3667 3252 3714 est
3292 3667 3549 3713 mortuus.
3584 3657 3818 3713 Christus

2252 3750 2558 3819 sanguinem
2582 3746 2764 3804 eﬁ’udit
2798 3757 3014 3819 progitcr
3040 3749 3210 3818 ipsum
3243 3764 3257 3801 :
3290 3757 3345 3803 tu
3369 3764 3436 3803 ne
3458 3747 3683 3803 verbum
3706 3747 3818 3817 qui-

2251 3840 2372 3895 dem
2400 3849 2615 3911 prepter
2651 3840 2823 3910 ipsum
2851 3839 3071 3894 fundere
3098 3837 3370 3894 sustines?
3396 3837 3475 3895 Ne
3502 3837 3817 3893 cunctcmini

2253 3929 2482 3985 hortor:
2515 3929 2609 3986 sed
2650 3930 2826 3985 statim
2854 3928 2978 3984 hinc
3013 3927 3238 3999 digressi
3280 3927 3344 3981 ad
3375 3927 3511 3982 hanc
3549 3937 3818 3998 capturam

2253 4020 2560 4087 incitemini,
2581 4029 2634 4075 et
2660 4019 2883 4090 quilibet
2900 4010 3128 4074 vestrum
3156 4018 3284 4073 mihi
3308 4017 3535 4072 adducat
3562 4014 3817 4089 ejusmodi

2253 4111 2438 4167 morbo
2464 4111 2770 4166 obnoxium.
2798 4110 2933 4179 Quin
2972 4110 3110 4165 absit
3150 4111 3322 4181 ponus
3342 4148 3362 4178 ,
3390 4118 3446 4164 ut
3474 4118 3549 4163 tot
3579 4107 3815 4163 homines

2255 4200 2438 4254 morbo
2466 4200 2566 4255 isto
2595 4208 2892 4256 teneantur.
2922 4198 3036 4254 Bini
3065 4209 3117 4253 et
3143 4198 3276 4254 terni
3304 4213 3336 4254 e
3364 4197 3645 4260 vobis,aut
3669 4198 3818 4252 etiam

2254 4294 2374 4348 deni
2416 4301 2471 4348 et
2515 4293 2686 4347 viceni
2731 4308 2890 4347 unum
2941 4291 3204 4347 adducant
3233 4306 3246 4343 :
3279 4299 3378 4357 ut,
3421 4298 3641 4358 captura
3685 4287 3820 4343 velut

2255 4384 2474 4453 piscium
2502 4382 2587 4437 die
2613 4382 2702 4436 illo
2726 4391 3005 4453 conspecta
3034 4383 3168 4437 inter
3194 4381 3345 4445 retia,
3374 4380 3652 4435 lautiorem
3679 4393 3820 4432 meno

2254 4489 2366 4528 sam
2394 4472 2540 4527 vobis
2565 4488 2845 4543 apponam.
2892 4471 2988 4528 Ubi
3018 4474 3161 4528 enim
3204 4471 3517 4526 hodiernum
3544 4470 3817 4526 consilium

2253 4577 2416 4633 opere
2439 4563 2692 4631 compleri
2720 4563 2923 4630 videro,
2957 4562 3274 4632 promptiore
3289 4562 3467 4617 animo
3493 4577 3680 4617 curam
3712 4561 3821 4615 illo-

2255 4667 2372 4706 rum
2401 4653 2720 4721 suscipiam,
2749 4652 2956 4721 eritque
2981 4663 3084 4706 tam
3105 4651 3274 4716 vobis,
3300 4667 3457 4722 quam
3488 4651 3596 4707 illis
3622 4653 3816 4706 lucrum

2254 4738 2442 4810 majus.
2468 4739 2548 4796 Ne
2584 4740 2740 4810 igitur
2768 4741 3043 4811 negligatis
3072 4757 3087 4794 :
3117 4740 3210 4796 sed
3236 4749 3288 4796 ct
3325 4740 3536 4797 feminze
3562 4741 3779 4796 feminas
3801 4779 3815 4797 .

2254 4839 2309 4886 et
2352 4831 2449 4886 viri
2489 4831 2667 4897 viros,
2718 4842 2770 4887 et
2796 4833 2934 4888 servi
2963 4846 3181 4896 servos,
3213 4841 3267 4887 et
3310 4831 3462 4888 liberi
3490 4832 3722 4896 liberos,
3768 4837 3818 4884 et

2255 4922 2402 4991 pueri
2448 4937 2638 4992 pueros
2663 4965 2675 4984 ,
2709 4923 2897 4992 singuli
2938 4922 3164 4991 denique
3189 4922 3333 4977 omni
3358 4921 3534 4979 studio
3579 4923 3630 4975 id
3659 4934 3819 4991 genus

2254 5013 2452 5067 morbis
2481 5023 2754 5083 correptos
2768 5014 3007 5081 captetis,
3026 5021 3081 5067 et
3108 5013 3178 5066 ita
3205 5013 3512 5067 concionem
3531 5010 3818 5080 proximam

2255 5101 2636 5171 frequentetis,
2680 5111 2741 5157 ut
2788 5113 2840 5156 ct
2867 5118 2894 5155 a
2926 5103 3077 5157 nobis
3122 5102 3332 5157 laudem
3380 5097 3815 5170 consequamiui,

2254 5200 2309 5247 et
2325 5201 2446 5247 ante
2461 5192 2720 5262 pracouia
2736 5200 2915 5247 uestra
2930 5192 3145 5246 multam
3161 5208 3190 5244 a
3210 5191 3316 5245 Deo
3331 5198 3489 5261 atque
3503 5188 3818 5243 ineffabilem

2255 5283 2551 5341 mercedem
2572 5324 2588 5352 ,
2621 5298 2842 5354 quaeque
2868 5283 3078 5339 labores
3109 5283 3359 5353 prseclare
3385 5297 3500 5337 sese
3527 5281 3819 5350 gerentiutn

2256 5373 2478 5428 multum
2504 5375 2731 5442 excedit,
2752 5374 3009 5430 referatis.
3026 5373 3176 5443 Quod
3201 5374 3396 5426 utinam
3415 5371 3565 5425 nobis
3587 5371 3821 5436 obtingat

2256 5466 2555 5532 universis,
2597 5468 2858 5537 gratiaet
2897 5466 3219 5537 benignitate
3251 5463 3456 5519 Doluini
3499 5460 3672 5516 nostri
3696 5459 3820 5516 Jesu

2254 5554 2471 5622 Christi,
2490 5572 2585 5626 per
2598 5572 2754 5628 quem
2778 5566 2967 5613 etcum
2992 5570 3096 5626 quo
3112 5557 3179 5610 sit
3201 5554 3363 5626 gloria
3381 5551 3540 5616 Patri,
3560 5552 3820 5619 simulque

2255 5644 2471 5721 Spiritui
2489 5655 2690 5716 saneto,
2706 5662 2844 5704 nunc
2856 5655 2911 5702 et
2922 5661 3132 5716 semper
3141 5645 3260 5701 etin
3274 5643 3462 5699 sarcula
3478 5641 3815 5698 mulorum.

2255 5738 2445 5794 Amen.
