4084 6186
348 310 444 363 9137

1028 310 1091 366 IN
1133 310 1267 366 ωδ
1299 307 1413 376 QUI
1453 306 1590 364 CUM
1627 306 1772 363 ιω).
1813 306 2177 364 JEJUNANT.
2218 306 2576 369 ADVERSUS
2611 307 2756 365 JUD.
2800 309 2862 365 ll.

3506 290 3611 349 878

382 441 3601 472 W

345 538 671 583 ADVERSUS.
719 536 834 582 E09
886 537 996 590 QUI
1038 535 1399 580 JUDEORUK
1439 534 1751 579 δεδυκίοΜ
1794 530 2137 586 JEJUNANT,
2166 531 2246 573 ET
2287 531 2609 577 ADVERSUS
2652 532 2818 578 IPSOS
2859 535 3114 584 JUDBOS

3161 542 3176 581 ε
3226 541 3411 586 DIG'I'A
3498 543 3606 589 BST

376 639 597 682 Δι’ττκιῐ
639 638 907 683 HOMILIA
952 636 1237 691 QUINQUE
1257 636 1484 679 DEBUS
1530 636 1694 679 ANTE
1737 634 1915 677 ιῖωοιῖ

2019 633 2051 675 ll
2095 631 2392 689 IPSOBUM,
2426 633 2508 676 ΕΤ
2532 632 2662 678 ουκ
2692 635 2837 679 ΔιῐΔ
2866 636 3051 683 Ριιιυε
3084 641 3319 687 ΠΑΒΙΤΔ
3352 644 3566 689 ESSET.

1748 773 1849 820 C810
1859 768 2165 819 θοῦροοβ

866 909 1063 952 ORATIO
1090 910 1342 951 εεουκυλ.

394 988 439 1041 l.
465 983 1047 1041 Avocatabitnmwidis
1067 986 1366 1041 Judworum
1398 985 1630 1057 jejuniis.
1682 1013 1749 1022 —-
1797 981 1914 1036 lam

332 1076 570 1145 iniquum
602 1077 729 1133 illud
776 1087 832 1132 et
874 1076 1202 1132 immundum
1230 1075 1531 1132 Iudaeorum
1572 1073 1829 1144 jejunium
1863 1072 1914 1126 in

333 1170 541 1223 foribus
574 1169 745 1223 adest.
778 1167 952 1224 Nolite
993 1182 1123 1222 vero
1151 1168 1369 1231 mirari,
1400 1167 1444 1220 si
1486 1164 1742 1234 jejunium
1789 1161 1914 1216 illud

332 1258 662 1313 immundum
689 1258 1143 1328 appellavi:un
1170 1257 1311 1313 enim
1342 1266 1532 1327 praeter
1559 1256 1649 1309 Dei
1681 1262 1913 1309 mentem

332 1348 393 1402 lit
416 1392 430 1414 ,
461 1350 572 1405 sive
614 1350 943 1406 sacriﬁcium
975 1350 1088 1405 sive
1110 1349 1369 1418 jejunium
1414 1348 1520 1411 sit,
1552 1347 1789 1402 onmium
1835 1353 1917 1400 est

332 1442 771 1508 impurissimum.
795 1443 1036 1512 Iniquum
1064 1443 1222 1512 igitur
1251 1443 1486 1510 ipsorum
1508 1439 1766 1508 jejunium
1795 1445 1917 1508 post

329 1531 561 1600 quinque
588 1531 839 1602 deinceps
864 1532 977 1587 dies
1006 1533 1182 1596 instat,
1212 1540 1266 1585 at
1288 1545 1387 1599 ego
1412 1539 1536 1583 ante
1578 1528 1764 1583 decem
1802 1526 1916 1581 dies

331 1624 419 1677 vel
464 1625 664 1694 plures,
693 1626 1114 1680 colmrtationem
1160 1624 1224 1678 ad
1256 1638 1351 1678 vos
1391 1622 1587 1685 habui,
1623 1631 1680 1675 ut
1725 1619 1918 1674 fratres

327 1726 540 1771 vestros
567 1712 964 1785 prmmunirem.
982 1717 1148 1772 Nemo
1165 1726 1340 1771 autem
1358 1716 1652 1769 orationem
1679 1721 1913 1767 nostram

328 1806 477 1860 velut
520 1807 937 1878 intempestivam
984 1817 1235 1874 accuset,
1266 1807 1407 1876 quod
1452 1821 1568 1861 eam
1622 1813 1696 1859 tot
1727 1802 1915 1857 diebus

326 1906 455 1949 ante
474 1898 885 1964 pra-miserimus
904 1915 917 1951 :
941 1913 1060 1951 nam
1078 1906 1133 1951 et
1146 1896 1358 1965 quando
1377 1895 1541 1950 febris
1555 1902 1913 1963 exspectatur,

327 1995 422 2038 aut
463 1986 597 2040 alius
639 1988 829 2056 aliquis
855 1986 1112 2052 morbus,
1144 1987 1310 2042 multo
1355 1996 1478 2040 ante
1520 1998 1713 2054 corpus
1754 1984 1870 2053 ejus
1895 2024 1911 2049 ,

325 2091 488 2145 quem
542 2077 704 2132 febris
756 2088 1069 2147 eerrcptura.
1120 2089 1239 2143 est,
1293 2077 1455 2131 variis
1510 2074 1915 2131 medicamentis

329 2169 691 2236 praemuniunt»
713 2168 924 2229 medici,
942 2179 996 2222 et
1020 2179 1301 2237 antequam
1330 2184 1389 2223 re
1416 2168 1527 2237 ipsa
1554 2168 1645 2220 llat
1669 2179 1915 2221 accessus

330 2261 527 2327 morbi,
546 2260 612 2314 ab
629 2261 1028 2316 imminentibus
1044 2260 1166 2315 illud
1186 2260 1339 2314 malis
1354 2259 1622 2313 vindicare
1639 2257 1910 2313 festinant.

326 2351 552 2416 Quando
608 2352 768 2421 igitur
817 2367 916 2406 nos
969 2367 1177 2422 quoque
1225 2349 1594 2421 gravissimum
1637 2349 1913 2404 imminere

327 2441 574 2493 tnorlmm
603 2442 842 2497 videmus
866 2485 879 2508 ,
912 2444 1060 2512 prius
1098 2458 1161 2497 ac
1185 2442 1351 2496 multo
1393 2452 1516 2495 ante
1546 2450 1786 2510 tempore
1813 2440 1912 2495 ob-

328 2542 588 2586 testamur
609 2575 623 2599 ,
653 2544 709 2587 ut
734 2543 1017 2603 antequam
1052 2549 1149 2588 nos
1175 2549 1236 2588 re
1277 2536 1388 2603 ipsa
1433 2533 1629 2586 malum
1658 2532 1867 2586 invadat
1895 2572 1909 2595 ,

326 2622 624 2676 remedium
658 2623 823 2692 possit
858 2623 1119 2679 adhiberi.
1168 2625 1450 2691 Propterea
1484 2639 1587 2677 non
1638 2624 1765 2692 ipsis
1807 2623 1912 2678 illis

324 2711 518 2766 diebus
560 2713 934 2769 instituendam
963 2715 1145 2769 censui
1173 2714 1592 2768 adhortationem
1620 2755 1632 2777 ,
1666 2729 1733 2768 ne
1776 2714 1912 2768 forte

326 2803 587 2871 angustiis
626 2814 920 2875 temporum
952 2805 1186 2873 impediti
1228 2815 1444 2874 captare
1483 2804 1681 2859 ftatres
1703 2815 1916 2859 vestros

322 2907 393 2945 ac
422 2890 603 2945 venari
631 2908 739 2948 non
786 2896 1008 2962 possetis
1031 2936 1046 2960 ,
1075 2895 1171 2951 sed
1196 2895 1480 2949 multorum
1506 2894 1721 2949 dierum
1739 2895 1910 2964 Spatio

322 2980 453 3035 dato
478 2996 665 3038 secure
682 2985 911 3052 possetis
923 2998 1035 3051 eos,
1055 2985 1145 3055 qui
1160 2984 1420 3055 ejusmodi
1442 2983 1628 3039 morbo
1645 2985 1907 3048 laborant,

325 3074 587 3145 indagare
608 3086 764 3147 atque
793 3078 858 3132 ab
890 3079 985 3131 hac
1008 3086 1156 3147 peste
1184 3091 1456 3133 revocare.
1487 3079 1561 3133 Ita
1591 3093 1805 3149 quoque
1828 3077 1911 3132 fa-

324 3183 452 3222 cere
479 3170 672 3235 solent,
701 3170 789 3241 qui
820 3171 1029 3238 nuptias
1058 3170 1351 3236 celebrant,
1381 3178 1437 3224 et
1455 3171 1624 3226 lautas
1644 3172 1917 3226 instruunt

323 3275 513 3316 cenas
554 3277 703 3316 :non
749 3261 877 3332 ipsis
917 3262 1133 3326 diebus,
1166 3260 1259 3315 sed
1290 3261 1456 3315 multo
1499 3270 1623 3317 ante
1671 3271 1916 3331 tempore

328 3353 625 3421 piscatores
654 3354 874 3422 piscium
906 3361 962 3407 et
988 3352 1165 3406 avium
1191 3365 1422 3420 aucupes
1456 3352 1812 3422 alloquuntur,
1845 3367 1917 3405 ne

326 3442 495 3495 ullum
542 3442 671 3510 ipsis
713 3442 782 3496 ab
826 3441 1084 3510 angustiis
1133 3441 1386 3509 temporis
1430 3440 1497 3494 ad
1544 3440 1919 3495 instruendam

328 3549 569 3589 mensam
615 3533 1052 3604 impedimentum
1101 3532 1431 3588 adhibeatur.
1480 3532 1705 3599 Quando
1754 3533 1912 3603 igitur

329 3641 430 3678 nos
454 3639 663 3694 quoque
696 3638 932 3678 mensam
966 3624 1113 3679 vobis
1151 3622 1407 3678 adversus
1449 3622 1753 3677 Judteorum
1796 3631 1912 3677 stu-

332 3733 515 3784 porem
556 3716 847 3784 apposituri
890 3732 1103 3771 eramus
1121 3757 1137 3781 ,
1168 3719 1315 3786 prius
1344 3730 1439 3769 vos
1466 3716 1756 3784 piscatores
1782 3715 1916 3769 allo-

327 3809 560 3876 quimur,
596 3818 652 3860 ut
693 3808 1011 3861 inlirmiores
1040 3823 1107 3861 ex
1148 3807 1398 3861 fratribus
1434 3807 1625 3861 vestris
1655 3806 1913 3876 indagetis

329 3910 489 3967 atque
514 3899 760 3965 captetis,
791 3907 845 3952 et
872 3898 937 3952 ad
960 3898 1253 3952 audiendos
1276 3913 1550 3953 sermones
1580 3908 1788 3951 nostrOs
1816 3897 1914 3951 de-

328 3989 557 4041 dueatis.
589 3988 859 4058 Quotquot
908 3990 1066 4059 igitur
1106 3989 1217 4058 jam
1251 3988 1435 4058 piscati
1479 3991 1641 4054 estis,
1687 3997 1743 4041 et
1776 3990 1913 4042 intra

333 4081 461 4132 retia
488 4089 674 4149 captos
713 4094 902 4133 secure
945 4080 1166 4144 tenetis,
1199 4088 1412 4134 manete
1435 4094 1497 4133 ac
1526 4078 1914 4133 cohortationis

334 4171 453 4224 illos
483 4186 730 4225 sermone
759 4170 1104 4241 constringite
1129 4188 1142 4225 :
1174 4179 1433 4241 quotquot
1458 4178 1638 4225 autem
1677 4169 1914 4225 nondum

336 4261 653 4330 praeclaram:
672 4262 817 4316 illam
848 4262 1079 4331 prtedam
1110 4262 1325 4331 cepistis
1346 4301 1362 4328 ,
1390 4261 1660 4316 sufficiens
1682 4262 1916 4331 quinque

332 4353 542 4408 dierum
583 4355 809 4421 spatium
852 4353 1096 4419 habetis,
1130 4362 1188 4407 ut
1230 4353 1318 4407 illa
1356 4361 1574 4423 captura
1618 4351 1915 4421 potiamiui.

336 4443 715 4514 Expandamus
737 4444 896 4514 igitur
914 4444 1171 4499 doctrina;
1200 4443 1330 4498 retia
1348 4482 1364 4508 ,
1391 4443 1797 4497 circumstemus
1824 4455 1918 4497 eos

334 4536 385 4591 in
424 4535 612 4590 orbem
640 4543 906 4603 tamquam
933 4533 1161 4589 venatici
1191 4546 1378 4598 canes,
1407 4531 1758 4601 undequaque
1798 4530 1918 4584 illos

333 4629 388 4681 in
417 4628 561 4695 leges
591 4626 842 4681 Ecclesia:
874 4624 1256 4694 compellamus
1282 4641 1296 4677 :
1328 4623 1585 4692 Optimum
1612 4632 1788 4677 autem
1817 4623 1918 4678 illis

332 4728 673 4780 venatorem,
719 4717 763 4770 si
794 4716 1024 4781 videtur,
1065 4715 1278 4769 beatum
1312 4712 1531 4767 Paulum
1573 4711 1919 4767 adhibeamus

332 4808 653 4862 clamantem
679 4822 740 4860 ac
763 4806 1028 4861 dicentem
1054 4822 1068 4859 .
1096 4803 1228 4857 Ecce
1260 4819 1349 4874 ego
1378 4801 1574 4856 Paulus
1602 4801 1714 4855 dico
1747 4801 1916 4866 vobis,

332 4901 571 4970 quattiam
600 4899 644 4952 si
672 4896 1097 4952 cirrumcidamini
1118 4936 1133 4960 ,
1164 4893 1395 4950 Christus
1422 4893 1556 4949 vobis
1583 4892 1713 4946 nihil
1734 4892 1919 4963 prode-

335 4993 399 5044 rit
456 4988 598 5063 (Gal.
634 4991 688 5046 5.
714 4989 791 5059 2).
820 4989 955 5044 Nam
995 4997 1049 5043 et
1086 4988 1246 5042 multa
1285 4987 1392 5042 lera
1420 4994 1473 5042 et
1501 4986 1761 5042 silvestria
1802 4985 1919 5039 ani-

337 5083 519 5142 malia,
543 5081 586 5136 si
614 5079 826 5151 quando
847 5079 948 5135 sub
968 5080 1197 5134 arbustis
1216 5078 1547 5145 delitescant,
1578 5078 1664 5132 ubi
1692 5076 1919 5146 primum

339 5172 608 5227 venatoris
650 5186 833 5227 vocem
861 5171 1182 5233 exaudiunt,
1218 5185 1326 5240 pne
1357 5177 1499 5223 metu
1542 5168 1789 5225 exsiliunt
1814 5209 1829 5233 ,
1859 5184 1922 5224 ac

338 5266 488 5321 vocis
512 5264 834 5319 necessitate
857 5262 1131 5332 compulsa
1152 5302 1167 5327 ,
1208 5261 1405 5329 sarpius
1428 5260 1586 5314 etiam
1628 5259 1788 5313 invita
1816 5259 1921 5314 cla-

340 5374 492 5414 more
517 5358 781 5413 concitata
809 5357 862 5412 in
899 5357 1038 5425 ipsas
1062 5369 1241 5410 casses
1282 5352 1635 5409 detruduntur
1659 5371 1671 5405 :
1697 5352 1769 5406 ita
1790 5368 1923 5423 quo-

338 5465 442 5520 que
466 5448 658 5503 fratres
684 5448 866 5512 vestri,
899 5446 1011 5517 qui,
1041 5455 1307 5515 tamquam
1335 5445 1387 5500 in
1413 5445 1629 5499 arbusto
1656 5443 1884 5513 quodam
1902 5485 1920 5510 ,

342 5542 393 5595 in
423 5538 703 5595 Jndaismo
731 5538 1131 5602 delitescebant,
1156 5536 1203 5592 si
1233 5536 1379 5591 Pauli
1411 5551 1595 5590 vocem
1620 5535 1921 5602 audierint,

340 5632 499 5689 facile
525 5631 577 5685 in
603 5630 790 5685 salutis
828 5630 961 5686 retia
992 5628 1222 5684 incident
1247 5667 1263 5693 ,
1293 5638 1376 5682 sat
1404 5627 1535 5690 scio,
1564 5636 1619 5681 et
1646 5626 1922 5682 Judaicum

344 5739 560 5781 onmem
591 5736 828 5778 errorem
860 5720 1130 5788 abjicicnt.
1164 5718 1279 5775 Non
1306 5720 1449 5776 enim
1479 5718 1672 5775 Paulus
1699 5728 1800 5788 est,
1832 5718 1929 5791 qui

2023 884 2278 955 loquitur,
2307 886 2401 942 sed
2428 888 2672 943 Christus
2691 931 2705 956 ,
2747 893 2835 961 qui
2863 894 3093 949 animam
3124 896 3245 964 ejus
3272 908 3467 954 movet.
3498 900 3600 956 Its-

2021 990 2125 1045 que
2153 990 2273 1030 cum
2309 977 2625 1034 clamantem
2665 980 2813 1036 illum
2848 982 3000 1039 audis
3027 1000 3091 1040 ac
3135 986 3439 1044 dicentem:
3474 989 3606 1048 Ecce

2020 1081 2112 1133 ego
2159 1064 2358 1121 Paulus
2398 1068 2511 1121 dico
2552 1068 2717 1135 vobis,
2761 1073 3000 1139 quoniam
3045 1075 3090 1129 si
3137 1077 3569 1136 circumcidamini
3585 1121 3602 1145 ,

2022 1154 2250 1222 Christus
2278 1156 2414 1211 vobis
2441 1157 2568 1211 nihil
2604 1161 2826 1228 proderit
2846 1201 2860 1224 ,
2892 1164 3059 1218 solam
3092 1181 3274 1223 vocem
3308 1170 3455 1225 Pauli
3484 1189 3605 1229 esse

2022 1254 2170 1313 puta,
2202 1260 2418 1301 sensum
2448 1257 2624 1303 autem
2654 1258 2708 1305 et
2744 1250 2937 1321 dogma
2962 1254 3159 1312 Christi
3186 1274 3304 1315 esse
3329 1277 3359 1314 ο
3382 1277 3489 1332 quo
3513 1264 3605 1317 in.

2026 1341 2110 1391 tus
2138 1335 2450 1393 docebatur.

2095 1423 2536 1484 Circumcisionem
2560 1430 2819 1488 obseruare
2844 1435 3072 1490 noxium.
3100 1466 3171 1479 —-
3196 1438 3300 1495 Sed
3327 1440 3467 1497 dicet
3493 1443 3606 1498 for-

2024 1524 2165 1573 tasse
2200 1519 2462 1589 quispiam
2495 1539 2509 1576 :
2550 1522 2762 1593 Ergone
2807 1533 3008 1582 tantum
3048 1528 3471 1586 circumcisionis
3516 1542 3602 1589 est

2020 1607 2271 1662 damnum
2293 1649 2308 1673 ,
2344 1619 2399 1664 nt
2430 1619 2592 1667 totam
2619 1613 2818 1670 Christi
2861 1615 3311 1686 dispensationem
3357 1622 3599 1679 inutilem

2023 1697 2246 1753 reddat?
2276 1700 2365 1755 Sic
2406 1711 2514 1769 est;
2546 1712 2747 1759 tantum
2786 1715 2873 1761 est
2896 1706 3146 1765 damnum
3176 1711 3597 1770 circumcisionis

2024 1804 2127 1843 non
2154 1790 2225 1844 ob
2251 1793 2519 1861 propriam
2542 1804 2804 1863 naturam,
2829 1797 2922 1854 sed
2945 1799 3014 1853 ob
3039 1800 3447 1869 improbitatem.
3477 1804 3601 1860 Fuit

2020 1882 2144 1939 olim
2176 1892 2404 1953 tempus,
2431 1901 2550 1941 cum
2593 1888 2735 1943 utilis
2779 1897 2836 1944 et
2863 1893 3161 1947 necessaria
3190 1893 3275 1949 lex
3304 1904 3416 1949 erat
3443 1916 3455 1950 :
3485 1896 3597 1966 join

2021 1987 2150 2027 vero
2176 1975 2403 2029 cessavit
2433 1985 2486 2029 et
2507 1977 2675 2031 otiosa
2707 1987 2808 2033 est.
2839 1977 2896 2034 Si
2924 1980 3090 2050 igitur
3130 1982 3503 2051 intempestive
3530 1988 3597 2039 il-

2022 2061 2124 2116 lam
2155 2064 2244 2118 tibi
2272 2067 2543 2131 concilies,
2593 2069 2788 2125 Christi
2817 2071 3014 2127 donum
3039 2074 3224 2129 inutile
3253 2076 3347 2130 tibi
3386 2078 3593 2134 reddet.

2020 2152 2305 2223 Propterea
2335 2155 2578 2211 Christus
2622 2158 2774 2214 vobis
2821 2161 2951 2216 nihil
3001 2164 3270 2232 proderit,
3322 2168 3443 2234 quia
3489 2185 3601 2225 non

2016 2243 2176 2298 vultis
2206 2245 2482 2302 accedere.
2512 2248 2643 2304 Nam
2670 2251 2715 2305 si
2743 2252 2862 2321 quis
2888 2253 2938 2306 in
2966 2254 3228 2310 adulterio
3257 2273 3320 2312 ac
3351 2262 3601 2331 turpissiq

2018 2334 2119 2389 mis
2174 2335 2497 2393 facinoribus
2543 2339 2913 2410 deprehensus
2979 2359 3247 2401 carcerem
3296 2349 3593 2421 habitaret,

2016 2425 2209 2481 deinde
2243 2442 2365 2482 cum
2393 2431 2822 2488 constituendum
2844 2433 2953 2503 jam
2982 2445 3125 2493 esset
3166 2437 3419 2495 adversus
3446 2438 3595 2497 illum

2013 2516 2265 2585 judicium
2284 2559 2299 2584 ,
2329 2528 2383 2574 et
2421 2521 2683 2577 sententia
2712 2522 3068 2581 damnationis
3111 2527 3326 2584 ferenda
3346 2572 3362 2597 ,
3395 2534 3599 2589 veniret

2016 2610 2157 2677 regis
2189 2610 2413 2679 epistola
2433 2653 2449 2678 ,
2492 2628 2612 2682 quae
2639 2623 2860 2671 cunctos
2885 2632 3098 2675 carcere
3123 2620 3368 2677 detentos
3394 2623 3599 2695 absque

2020 2701 2224 2755 ratione
2248 2716 2311 2759 ac
2344 2701 2717 2772 disquisitione
2743 2706 2846 2761 ulla
2878 2707 3198 2777 dimitteret,
3231 2712 3277 2766 is
3302 2715 3391 2783 qui
3432 2715 3603 2772 nollet

2013 2790 2156 2845 dono
2199 2791 2335 2859 frui,
2369 2794 2462 2848 sed
2499 2794 2756 2863 judicium
2796 2799 2978 2855 subire
3020 2801 3204 2857 mallet
3244 2819 3307 2859 ac
3338 2806 3601 2864 rationem

2016 2883 2261 2951 reddere,
2288 2885 2717 2958 suppliciumque
2747 2890 3011 2946 sustinere
3039 2895 3411 2965 contenderet,
3436 2898 3598 2955 bene-

2014 2975 2134 3030 ficio
2158 2993 2261 3032 non
2287 2979 2514 3047 amplius
2538 2981 2612 3035 uti
2642 2992 2837 3052 posset.
2868 2984 3002 3040 Cum
3031 2989 3175 3043 enim
3201 2991 3490 3048 obnoxium
3511 2994 3606 3063 juo

2014 3068 2154 3124 dicio
2179 3085 2242 3125 ac
2268 3072 2547 3127 sententite
2572 3088 2632 3129 se
2661 3075 3000 3141 reddidisset,
3029 3089 3221 3148 sponte
3246 3085 3477 3151 seipsum
3504 3101 3596 3141 re-

2012 3161 2100 3230 gio
2128 3162 2271 3218 dono
2295 3164 2556 3234 privasset
2582 3184 2595 3221 :
2628 3167 2698 3221 ita
2725 3183 2935 3239 quoque
2960 3169 3158 3227 Judmis
3186 3176 3382 3229 evenit.
3408 3176 3600 3234 Videte

2016 3267 2243 3322 namque
2267 3271 2279 3307 :
2309 3255 2736 3323 turpissimornm
2764 3274 2854 3314 rea
2882 3260 3172 3318 facinorum
3200 3267 3441 3322 convicta
3471 3269 3592 3325 fue-

2014 3352 2093 3395 rat
2122 3342 2397 3398 hominum
2428 3346 2676 3402 universa
2723 3359 2946 3403 natura:
2981 3368 3152 3406 omnes
3192 3356 3325 3409 enim
3363 3374 3601 3427 peccave-

2014 3444 2132 3487 runt
2159 3433 2329 3503 (Rom.
2365 3437 2416 3491 5.
2445 3437 2560 3507 2'5),
2594 3440 2782 3505 inquit,
2811 3451 2863 3495 et
2906 3454 3173 3512 tamquam
3202 3462 3420 3503 carcere
3463 3464 3600 3519 pra:-

2014 3526 2351 3582 varicationis
2381 3528 2663 3584 maledicto
2686 3532 2850 3587 clausi
2878 3543 3030 3587 erant
3054 3551 3067 3586 ε
3085 3534 3195 3603 jam
3223 3536 3438 3593 ferenda
3480 3550 3598 3596 erat

2011 3614 2206 3685 judicis
2236 3617 2491 3673 adversus
2533 3619 2649 3674 illos
2695 3623 2989 3690 sententia,
3023 3628 3224 3683 venite
3266 3630 3410 3686 catlis
3437 3632 3598 3703 Regis

2016 3706 2236 3776 epistola
2258 3749 2272 3771 ,
2319 3709 2426 3763 imo
2460 3725 2589 3764 vero
2618 3711 2728 3765 llex
2775 3713 2888 3782 ipse
2918 3716 3096 3780 venit,
3129 3718 3217 3787 qui
3262 3719 3463 3791 absque
3492 3723 3605 3778 ulls

2016 3799 2424 3869 disquisitione,
2485 3802 2791 3872 nullamque
2843 3807 3102 3862 rationem
3152 3810 3368 3886 exigens
3411 3826 3607 3870 omnes

2020 3892 2220 3959 peccati
2252 3892 2479 3946 vinculis
2505 3894 2767 3949 liberavit.

2087 3979 2143 4032 2.
2174 3980 2370 4036 Omnes
2410 3982 2586 4052 igitur,
2616 3986 2705 4053 qui
2734 3996 3039 4054 accurrunt,
3080 3988 3223 4043 dono
3249 3992 3514 4053 fruuntur.
3546 4005 3607 4050 es

2018 4070 2185 4139 gratia
2216 4071 2349 4125 salvi
2397 4071 2565 4127 fiunt:
2597 4075 2685 4143 qui
2716 4090 2843 4130 vero
2871 4092 2967 4146 per
3004 4077 3174 4147 legem
3209 4080 3485 4148 justilicari
3516 4099 3603 4138 vo-

2019 4161 2154 4229 lunt,
2188 4164 2347 4218 etiam
2386 4179 2415 4218 a
2444 4166 2612 4235 gratia
2642 4166 2909 4223 excident.
2938 4167 3124 4239 Neque
3146 4172 3290 4227 enim
3321 4175 3468 4243 regia
3493 4174 3601 4232 frui

2018 4258 2300 4313 clementia
2326 4267 2597 4329 poterunt,
2629 4263 2720 4332 qui
2747 4265 2974 4333 propriis
3002 4265 3204 4323 viribus
3230 4269 3453 4325 salutem
3485 4272 3601 4326 adi-

2020 4348 2151 4417 pisci
2182 4351 2535 4419 contendunt,
2564 4362 2620 4408 et
2642 4354 2741 4409 sibi
2770 4356 3271 4427 maledictumlegis
3298 4372 3598 4431 accersent,

2019 4441 2267 4509 quoniam
2310 4457 2375 4497 ex
2406 4445 2658 4513 operibus
2703 4446 2835 4517 legis
2876 4464 2979 4503 non
3024 4450 3403 4518 justifieabitur
3426 4457 3601 4511 omnis

2018 4545 2163 4585 caro.
2195 4531 2396 4588 Idcirco
2421 4533 2583 4601 dicit,
2624 4535 2684 4591 Si
2705 4538 3135 4595 circumcidamini
3154 4586 3168 4609 ,
3207 4544 3434 4601 Christus
3464 4549 3601 4603 vobis
3665 4568 3668 4572 λ

2020 4622 2150 4677 nihil
2189 4626 2412 4694 proderit
2452 4626 2592 4693 (Gal.
2622 4629 2674 4685 5.
2704 4631 2781 4702 2).
2812 4632 2941 4686 Nam
2968 4634 3056 4704 qui
3098 4651 3162 4691 ex
3190 4637 3323 4708 legis
3351 4640 3602 4710 operibus

2020 4716 2198 4771 salvus
2227 4717 2338 4773 ﬁeri
2369 4721 2661 4786 contendit,
2691 4723 2830 4779 nihil
2852 4725 3010 4780 habet
3032 4722 3315 4785 commune
3342 4745 3462 4785 cum
3487 4746 3601 4801 gra-

2023 4805 2117 4860 tia.
2162 4807 2319 4875 Quod
2358 4810 2531 4879 ipsum
2564 4813 2743 4882 utique
2773 4814 2973 4870 Paulus
3009 4817 3315 4887 significans
3342 4819 3554 4873 dicebat
3586 4837 3601 4874 :
3675 4808 3679 4811 ’

2023 4895 2085 4951 Si
2109 4897 2298 4964 gratia,
2310 4899 2423 4969 jam
2456 4915 2558 4954 non
2584 4917 2647 4955 ex
2674 4902 2907 4970 operibus
2929 4920 2947 4957 :
2972 4905 3161 4976 alioqui
3182 4908 3347 4976 gratia
3361 4909 3476 4979 jam
3502 4925 3604 4964 non

2021 4996 2094 5040 est
2117 4988 2299 5057 gratia.
2345 4988 2408 5045 Si
2434 4999 2602 5045 autem
2627 5009 2692 5047 ea:
2717 4994 2979 5063 operibus,
2998 4996 3113 5064 jam
3155 5013 3256 5050 non
3281 5006 3354 5052 est
3392 4998 3557 5068 gratia
3583 5014 3606 5053 :

2021 5080 2248 5150 alioquin
2285 5097 2412 5151 opus
2426 5084 2540 5153 jam
2572 5101 2669 5138 non
2693 5096 2766 5141 est
2791 5102 2929 5155 opus.
2952 5088 3126 5156 (Rom.
3159 5088 3248 5143 il.
3278 5088 3357 5160 6).
3397 5090 3463 5144 Pt
3488 5105 3609 5145 rur-

2024 5186 2148 5239 sus,
2182 5172 2245 5228 Si
2271 5175 2404 5228 enim
2444 5192 2533 5245 per
2556 5178 2713 5247 legem
2741 5180 2973 5248 justitia,
3022 5196 3143 5247 ergo
3178 5182 3336 5249 gratis
3373 5179 3606 5237 Christus

2024 5273 2250 5318 mortuus
2291 5272 2363 5319 est
2397 5264 2539 5335 (Gal.
2578 5267 2635 5321 2.
2661 5268 2756 5337 2.1)
2782 5309 2794 5321 .
2827 5269 2892 5321 Et
2918 5284 3105 5323 rursus
3136 5289 3151 5324 :
3180 5270 3283 5336 Qui
3310 5271 3361 5325 iu
3392 5272 3501 5341 lege
3515 5273 3610 5341 ju-

2023 5356 2333 5423 stiﬁeamiui,
2363 5373 2399 5409 a
2421 5358 2586 5426 gratia
2614 5358 2873 5412 cecidistis
2896 5357 3039 5426 (Gal.
3071 5361 3125 5415 5.
3152 5361 3228 5430 4).
3256 5361 3604 5420 Mortiﬁcatus

2023 5459 2084 5498 es
2127 5445 2261 5514 legi,
2294 5456 2533 5503 mortuus
2578 5464 2636 5503 es
2683 5447 2889 5503 factus:
2922 5465 3025 5505 non
3055 5452 3285 5522 amplius
3322 5454 3423 5510 sub
3457 5454 3605 5526 jugo,

2027 5552 2132 5591 non
2163 5538 2389 5606 amplius
2418 5537 2518 5592 sub
2544 5538 2661 5607 ejus
2689 5541 3007 5596 necessitate
3031 5544 3260 5598 versaris
3284 5561 3298 5597 :
3331 5544 3460 5615 quid
3480 5561 3607 5617 ergo

2026 5626 2220 5682 frustra
2249 5626 2340 5681 tibi
2368 5636 2422 5682 et
2446 5628 2561 5683 sine
2595 5643 2755 5683 causa
2795 5632 3067 5699 negotium
3105 5632 3360 5691 exhibere
3387 5644 3611 5691 contem

2031 5719 2155 5775 dis?
2182 5721 2247 5774 At
2290 5719 2431 5775 enim
2460 5736 2559 5793 qua
2600 5720 2668 5779 de
2695 5735 2852 5779 causa
2884 5739 3078 5781 neuneu
3106 5740 3259 5785 suum
3306 5729 3477 5788 posuit
3510 5731 3609 5781 hoc
