4084 6186
499 318 602 376 859

497 432 620 486 loco
651 431 843 486 Paulus
863 470 876 494 ,
917 443 1088 498 neque
1129 428 1442 498 simpliciter
1471 425 1603 480 dixit
1628 443 1641 479 :
1673 439 1799 480 ecce
1827 439 1926 496 ego
1954 423 2074 480 dico

498 522 688 576 vobis?
716 521 984 574 “evocare
1013 520 1180 573 voluit
1205 518 1307 572 illis
1337 518 1388 571 in
1418 525 1649 571 mentem
1682 515 1809 569 illttd
1840 513 2073 569 studium

487 628 675 676 suum,
699 610 840 681 quod
863 625 987 681 erga
1017 609 1346 664 Judaismum
1368 606 1696 664 ostenderat.
1719 604 1851 660 Nam
1880 605 1923 658 si
1950 604 2072 674 qui-

498 706 618 756 dem
647 717 821 758 essem
848 717 914 756 ex
939 700 1206 771 gentibus,
1239 697 1428 767 inquit,
1457 705 1512 752 et
1532 711 1617 753 res
1641 695 1890 751 Judaicas
1919 695 2068 766 igno-

497 807 693 856 rarem,
725 792 926 847 diceret
951 791 1176 847 fortasse
1205 790 1397 860 aliquis
1416 830 1430 854 ,
1461 788 1601 858 quod
1633 788 1774 843 illius
1801 786 2074 857 religionis

497 884 765 955 mysteriis
783 882 1019 937 initiatus
1039 897 1145 936 non
1172 880 1410 947 fuissem,
1437 895 1501 934 ac
1524 878 1632 933 vim
1653 877 2074 933 circumcisionis

496 975 792 1045 ignorarem
813 1015 827 1038 ,
861 972 1060 1029 idcirco
1090 988 1175 1028 me
1200 973 1267 1028 ab
1307 971 1563 1026 Ecclesia:
1603 971 1796 1026 ritibus
1837 970 1980 1023 illam
2010 983 2072 1023 ac

491 1063 826 1134 dogmatibus
851 1063 1117 1134 ablegare.
1162 1063 1450 1131 Propterea
1490 1076 1683 1117 nomen
1711 1075 1866 1115 suum
1909 1074 2072 1128 appo-

491 1156 617 1222 suit,
642 1171 703 1212 ea
731 1170 986 1211 revocans
1017 1155 1122 1209 illis
1149 1155 1202 1208 in
1235 1154 1569 1218 memoriam,
1611 1167 1730 1222 quae
1755 1152 1887 1222 legis
1911 1165 2071 1214 causa

493 1247 840 1316 praestiterat,
872 1244 1022 1315 quasi
1065 1245 1303 1300 diceret:
1333 1259 1437 1297 non
1479 1241 1604 1297 odio
1648 1241 2070 1296 circumcisionis

491 1337 632 1394 istud
655 1352 774 1407 ago,
803 1336 898 1392 sed
925 1337 976 1390 in
1005 1337 1274 1406 agnitione
1305 1335 1562 1389 veritatis.
1607 1333 1720 1403 Ego
1746 1332 1940 1388 Paulus
1969 1332 2070 1387 hoc

488 1428 631 1494 dico,
665 1428 855 1482 Paulus
881 1427 967 1483 ille
993 1468 1009 1494 ,
1052 1427 1402 1482 circumcisus
1427 1435 1614 1481 octavo
1641 1425 1747 1491 die,
1790 1434 1848 1480 et
1873 1439 2070 1495 genere

493 1521 725 1575 Israelita
747 1562 762 1586 ,
811 1520 1067 1575 Hebraeus
1095 1536 1157 1575 ex
1190 1519 1457 1583 Hebraeis,
1486 1518 1554 1573 de
1583 1518 1722 1572 tribu
1753 1517 2029 1586 Benjamin
2050 1557 2065 1582 ,

487 1613 778 1670 secundum
799 1613 970 1684 legem
997 1613 1292 1667 Pbarismus
1310 1609 1567 1684 (Philipp.
1591 1612 1644 1666 5.
1668 1611 1748 1679 5),
1772 1610 2064 1664 secundum

487 1705 876 1759 acinulationem
909 1716 1236 1772 persequens
1263 1701 1554 1757 Ecclesiam
1579 1742 1594 1764 ,
1622 1701 1712 1770 qui
1742 1715 1840 1770 per
1879 1699 2066 1755 domos

487 1793 766 1856 intrabam,
797 1801 852 1848 et
878 1792 1150 1847 trahebam
1175 1792 1319 1846 viros
1347 1806 1412 1846 ac
1435 1791 1706 1855 mulieres,
1733 1791 1863 1844 etin
1895 1797 2068 1844 custo-

485 1885 625 1941 diam
651 1885 921 1941 tradebant
947 1903 961 1940 :
995 1883 1188 1953 quibus
1207 1883 1457 1938 omnibus
1481 1884 1640 1938 etiam
1663 1882 1818 1938 valde
1837 1881 2062 1951 stupidis

484 1975 805 2048 persta-dere
835 1989 1051 2045 possum
1099 1989 1184 2028 me
1225 1989 1330 2028 non
1360 1972 1484 2029 odio
1519 1973 1731 2043 aliquo,
1773 1971 1857 2028 vel
1884 1987 2063 2027 rerum

481 2066 823 2124 Judaiearum
887 2066 1256 2134 ignoratione.
1319 2065 1413 2120 sed
1463 2074 1683 2135 propter
1737 2064 2062 2119 eminentem

482 2158 760 2214 scientiam
799 2156 924 2211 Jesu
951 2155 1148 2211 Christi
1180 2155 1348 2224 legem
1379 2154 1515 2208 hanc
1554 2153 1761 2208 tulisse.
1801 2152 2064 2222 Testiﬁcor

481 2259 646 2303 autent
672 2265 880 2312 rursus,
916 2247 1122 2317 inquit,
1167 2246 1306 2300 omni
1331 2245 1526 2299 homini
1560 2245 1932 2299 circumcidenti
1967 2261 2020 2298 se
2043 2285 2058 2310 ,

480 2339 717 2410 quoniam
742 2339 935 2393 debitor
963 2347 1034 2391 est
1053 2337 1296 2392 universa:
1324 2337 1447 2408 legis
1472 2335 1808 2405 adimplenda:
1837 2334 1980 2406 (Gal.
2003 2336 2057 2390 5.

480 2431 560 2503 3).
586 2430 760 2499 Quare
800 2446 905 2485 non
934 2429 1094 2496 dixit,
1140 2427 1396 2484 denuntio
1423 2436 1634 2489 autem,
1684 2426 1766 2481 vel
1814 2426 2064 2496 pra‘cipio

479 2531 680 2588 autem,
710 2532 800 2577 aut
827 2521 950 2577 dico
971 2531 1169 2586 autem,
1201 2520 1294 2575 sed
1333 2518 1651 2574 Testilicor?
1677 2517 1747 2573 Ut
1774 2517 1874 2572 hoc
1897 2516 2061 2572 verbo

481 2616 636 2672 nobis
665 2615 899 2670 futurum
923 2613 1182 2684 judicium
1212 2612 1264 2666 in
1287 2610 1922 2666 memoriam-revocaret.
1958 2607 2057 2663 Ubi

476 2708 621 2763 enim
652 2715 814 2762 testes
843 2713 1002 2772 sunt,
1048 2703 1118 2758 ibi
1141 2702 1399 2773 judicium
1444 2710 1497 2756 et
1521 2700 1806 2756 sententia.
1838 2698 2060 2755 Audito-

476 2813 592 2854 rem
630 2812 759 2867 ergo
785 2804 952 2852 terret
981 2795 1111 2865 regii
1156 2793 1296 2848 illius
1337 2794 1512 2848 throni
1554 2792 1866 2846 memoriam
1912 2789 2059 2845 refri-

476 2905 642 2955 cans,
671 2900 726 2946 et
769 2889 1009 2944 indicans
1048 2888 1144 2941 hos
1168 2899 1444 2940 sermones
1470 2884 1545 2938 illi
1587 2892 1752 2938 testes
1779 2883 1832 2937 in
1854 2882 1942 2937 illa
1969 2881 2056 2938 die

473 2984 707 3049 futuros,
738 2996 859 3036 cum
892 2980 1252 3049 unusquisque
1292 2993 1471 3032 rerum
1517 2991 1545 3028 a
1576 2989 1634 3031 se
1663 2983 1931 3045 gestarum
1953 3015 1968 3038 ,
2002 2983 2057 3028 et

472 3091 658 3132 eorum
701 3090 818 3146 qua:
847 3073 1007 3138 dixit,
1039 3081 1091 3127 et
1133 3087 1252 3142 quia
1293 3069 1526 3133 audivit,
1559 3067 1818 3122 rationem
1846 3066 2052 3122 reddet.

473 3169 600 3224 Ilaec
625 3166 912 3222 audiebant
935 3174 1044 3219 tum
1071 3162 1292 3228 Galatae,
1323 3161 1541 3216 audiant
1567 3176 1698 3214 vero
1725 3174 1867 3214 nunc
1895 3159 2054 3213 etiam

470 3262 559 3332 qui
583 3261 888 3317 Galatarum
921 3257 1109 3312 morbo
1138 3255 1402 3320 laborant,
1418 3254 1534 3309 ‘etsi
1565 3269 1670 3306 non
1700 3251 1926 3314 adsunt;
1959 3266 2054 3305 ve-

470 3361 768 3409 rumtamen
785 3365 880 3421 per
897 3363 989 3403 vos
1004 3346 1221 3402 audiant
1238 3345 1458 3400 Paulum
1474 3345 1789 3400 clamantem
1806 3357 1869 3396 ac
1882 3341 2056 3396 dieeo-

471 3455 578 3501 tem
604 3443 762 3514 (Ibid.
817 3444 856 3512 ).
876 3440 1139 3508 Testiﬁcor
1154 3437 1474 3492 autentomnt’
1492 3435 1684 3490 homini
1695 3433 2054 3488 circumciden-

471 3537 508 3589 ti
544 3551 619 3600 se,
663 3534 900 3603 quoniam
949 3530 1143 3586 debitor
1177 3537 1248 3582 est
1269 3542 1518 3580 universa:
1543 3525 1667 3595 legis
1695 3523 2052 3592 adimplendc.

543 3623 868 3679 Circumcisio
895 3631 1051 3674 totum
1069 3621 1254 3690 jugum
1277 3619 1400 3688 legis
1427 3618 1662 3686 imponit.
1680 3647 1751 3656 —
1769 3615 1884 3670 Noli
1912 3616 2052 3670 enim

470 3713 603 3770 mihi
629 3713 809 3768 dicere
838 3726 1001 3765 unum
1051 3708 1362 3762 mandatum.
1387 3721 1504 3761 esse
1548 3707 2004 3762 circumcisionem
2038 3724 2051 3759 :

470 3819 634 3860 unum
668 3801 795 3858 illud
838 3798 1146 3854 mandatum
1191 3805 1357 3851 totum
1389 3796 1478 3850 tibi
1500 3797 1682 3866 jngum
1727 3796 1855 3866 legis
1883 3797 2055 3866 impo-

468 3895 568 3951 nit.
592 3893 725 3947 Cum
768 3891 909 3947 enim
941 3905 1036 3959 per
1063 3903 1221 3942 unam
1249 3897 1448 3956 partem
1489 3888 1589 3942 sub
1630 3887 1882 3941 ditionem
1927 3887 2056 3957 legis

467 3996 523 4041 te
549 3983 818 4054 subjugas,
851 3995 1070 4036 necesse
1108 3988 1191 4034 est
1215 3988 1274 4033 ut
1311 3977 1362 4032 in
1391 3977 1609 4047 reliquis
1637 3977 1915 4047 imperanti
1942 3993 2055 4031 mo-

469 4091 581 4133 rem
611 4088 806 4146 geras:
835 4072 976 4143 quod
1023 4071 1069 4126 si
1115 4087 1222 4125 non
1265 4069 1579 4139 adimpleas.
1621 4069 1777 4138 plane
1806 4083 2054 4124 necessa-

467 4168 608 4224 rium
635 4177 737 4233 cst,
767 4173 824 4220 ut
849 4163 1082 4234 puuiaris
1109 4171 1164 4218 et
1195 4161 1534 4216 maledictum
1565 4161 1656 4215 tibi
1687 4175 1953 4216 accersas.
1985 4160 2054 4215 Et

466 4258 911 4333 quemadmodum
933 4272 1053 4313 cum
1080 4256 1132 4310 in
1161 4255 1404 4325 laqueum
1429 4267 1614 4324 passer
1643 4253 1840 4318 incidit,
1871 4269 2056 4321 quam-

473 4351 547 4407 vis
572 4351 688 4406 solo
715 4349 847 4420 pede
888 4355 1152 4411 teneatur,
1187 4354 1352 4400 totum
1382 4345 1640 4414 reliquum
1671 4359 1866 4414 corpus
1895 4344 2056 4399 inter-

469 4451 678 4512 ceptum
705 4448 828 4494 est:
859 4439 927 4492 ita
968 4438 1056 4508 qui
1105 4452 1266 4491 unum
1311 4435 1618 4490 mandatum
1658 4434 1786 4506 legis
1829 4434 2012 4504 implet
2037 4475 2052 4500 ,

468 4533 582 4587 sive
626 4529 1088 4584 circumcisionem
1115 4529 1228 4582 sive
1265 4527 1546 4596 jejunium,
1591 4534 1752 4581 totam
1783 4541 1932 4582 suam
1961 4542 2058 4597 po-

471 4631 712 4680 testatem
750 4636 847 4691 per
885 4620 988 4675 hoc
1029 4635 1191 4674 unum
1239 4620 1290 4672 in
1342 4619 1511 4689 legem
1554 4619 1851 4682 transtulit,
1884 4634 2055 4690 neque

469 4719 650 4789 fugere
681 4715 907 4786 poterit,
933 4712 1185 4784 quamdiu
1234 4711 1304 4764 illi
1335 4712 1521 4766 saltem
1548 4726 1612 4765 ex
1645 4719 1794 4780 parte
1823 4712 2055 4766 voluerit

469 4808 712 4864 obedire.
742 4806 867 4861 Hart:
894 4820 924 4859 a
955 4804 1106 4858 nobis
1131 4801 1399 4866 dicuntur,
1430 4819 1533 4856 non
1561 4811 1619 4856 ut
1646 4803 1813 4870 legem
1836 4816 2054 4856 accuse-

466 4916 603 4965 mus,
632 4899 792 4961 absit,
833 4896 924 4951 sed
950 4893 1092 4964 quod
1120 4892 1446 4948 abundantes
1483 4894 1667 4962 gratia:
1694 4891 1889 4948 Christi
1916 4891 2053 4947 divi-

469 4996 571 5049 tias
598 4989 884 5048 ostendere
910 4988 1155 5042 velimus.
1200 4984 1316 5040 Non
1361 4985 1503 5038 enim
1546 4983 1761 5040 Christo
1789 4985 2053 5040 contraria

468 5088 559 5142 lex
607 5092 691 5138 est
723 5100 734 5134 :
767 5081 856 5151 qui
885 5078 1028 5134 enim
1059 5086 1223 5141 esset,
1251 5090 1371 5129 cum
1401 5074 1470 5129 ab
1509 5075 1624 5142 ipso
1651 5075 1721 5128 sit
1760 5075 1902 5141 data,
1932 5089 2052 5130 cum

465 5176 530 5231 ad
563 5177 734 5246 ipsum
762 5171 915 5242 quasi
945 5168 1262 5240 paedagogus
1291 5181 1390 5221 nos
1413 5165 1612 5221 ducat?
1640 5166 1734 5222 sed
1761 5167 1830 5221 ob
1859 5167 2054 5221 intem-

467 5269 725 5340 pestivam
749 5282 935 5322 eorum
965 5264 1383 5329 contentionem,
1411 5261 1502 5332 qui
1527 5277 1589 5315 ea
1621 5276 1725 5316 non
1757 5269 1815 5314 ut
1843 5267 2054 5330 oportet

471 5367 712 5426 utuntur,
760 5358 876 5414 bare
913 5355 1090 5409 omnia
1128 5355 1307 5410 dicere
1353 5352 1612 5422 cogimur.
1658 5350 1736 5406 Illi
1762 5351 1904 5405 enim
1933 5360 2056 5405 sunt

470 5448 560 5518 qui
587 5447 758 5518 legent
786 5447 1024 5504 alliciunt
1047 5443 1388 5510 contumelia,
1417 5444 1504 5514 qui
1532 5441 1779 5497 nimirum
1800 5442 1960 5497 semel
1987 5442 2056 5497 ab

476 5551 543 5591 eo
583 5538 880 5592 desciscere
915 5536 1123 5605 jubent,
1169 5544 1223 5591 et
1264 5534 1330 5590 ad
1359 5533 1627 5590 Christum
1673 5532 1945 5598 accedere,
1993 5547 2057 5587 ac

474 5640 656 5681 rursus
705 5626 778 5681 illi
827 5625 1118 5682 adhaerent.
1174 5624 1610 5695 Quandoquidem
1661 5624 1947 5695 plurimum
1988 5623 2058 5679 de

468 5727 657 5776 natura
689 5727 868 5774 nostra
891 5719 1027 5774 bene
1057 5718 1298 5773 meritant
1323 5731 1440 5773 esse
1468 5719 1634 5790 legem
1679 5718 1934 5775 conﬁteor
1959 5730 2056 5788 ego

1241 310 1297 370 S.
1339 306 1616 370 JOANNIS
1650 306 2123 366 CIIRYSOSTOMI
2163 309 2479 367 ARCHIEP.
2525 309 3058 369 CONSTANTI‘NOP.

3646 301 3745 360 360

2183 415 2544 498 quoque,inec
2595 444 2842 500 umquam
2873 431 3179 501 negaverim
3213 449 3227 485 :
3258 433 3352 491 sed
3375 441 3432 490 tu
3455 433 3551 505 qui
3573 448 3759 505 praeter

2181 520 2471 590 legitimum
2520 530 2728 592 tempus
2771 523 2845 579 illi
2888 523 3151 593 adhaeres,
3200 539 3306 581 non
3350 526 3519 593 sinis,
3567 538 3621 582 ut
3647 530 3761 596 eius

2181 611 2422 666 utilitatis
2471 612 2776 682 magnitudo
2817 622 3091 685 appareat.
3137 613 3268 669 Nam
3316 615 3757 687 quemadmodum

2180 715 2241 755 ea
2271 701 2407 756 solet
2433 717 2552 759 esse
2592 703 2864 774 pmdagogi
2913 705 3028 760 laus
3068 704 3320 773 maxima,
3349 706 3394 760 si
3425 707 3629 775 iuvenis
3673 709 3759 764 ille

2179 805 2335 858 quem
2385 791 2696 863 paedagogus
2736 795 2872 849 rexit
2915 794 3219 865 aliquando,
3264 794 3330 850 ad
3360 799 3756 866 temperantiam

2179 883 2293 953 ejus
2319 884 2558 939 custodia
2585 899 2692 940 non
2719 887 2948 956 amplius
2966 896 3138 957 egeat,
3165 886 3307 954 quod
3330 887 3559 958 majores
3579 887 3758 946 fecerit

2180 975 2230 1030 in
2261 977 2454 1032 virtute
2477 992 2791 1048 progressus
2824 1003 2837 1034 :
2871 980 2941 1034 ita
2966 995 3177 1050 quoque
3209 979 3340 1050 legis
3366 995 3427 1036 ea
3459 981 3577 1036 laus
3605 980 3758 1037 fuerit

2176 1067 2433 1133 maxima,
2453 1067 2500 1122 si.
2525 1081 2623 1123 nos
2646 1069 2760 1136 ejus
2783 1068 3028 1124 subsidio
3042 1084 3146 1124 non
3163 1069 3389 1140 amplius
3403 1084 3672 1140 egeamus.
3703 1071 3758 1126 Id

2175 1156 2317 1210 enim
2369 1157 2524 1212 nobis
2565 1156 2826 1214 beneﬁcio
2870 1159 3002 1228 legis
3048 1158 3255 1229 obtigit,
3302 1169 3358 1214 ut
3395 1159 3460 1214 ad
3505 1160 3756 1229 majorem

2175 1246 2566 1316 suscipiendam
2617 1247 3002 1318 philosophiam
3045 1249 3218 1318 aptior
3258 1250 3432 1305 anima
3472 1260 3653 1306 nostra
3691 1252 3758 1306 sit

2174 1336 2399 1391 reddita.
2430 1335 2612 1407 Itaque
2637 1337 2680 1392 is
2708 1339 2796 1408 qui
2823 1338 2997 1393 adhuc
3025 1339 3098 1394 illi
3125 1340 3358 1406 assidet,
3389 1355 3562 1411 neque
3587 1351 3757 1411 potest

2173 1428 2298 1497 quid
2330 1428 2499 1497 majus
2527 1444 2683 1498 quam
2713 1444 2834 1498 quin
2877 1430 3081 1499 scripta
3111 1440 3236 1485 sunt
3272 1431 3482 1497 intueri,
3514 1447 3618 1486 non
3648 1448 3758 1488 ma-

2171 1532 2332 1587 guum
2361 1533 2437 1574 ex
2461 1533 2522 1572 ea
2547 1527 2807 1588 quaestum
2838 1519 2983 1574 fecit.
3012 1521 3079 1574 At
3105 1536 3206 1590 ego
3231 1521 3314 1576 illa
3335 1521 3608 1589 derelicta»,
3640 1539 3750 1578 me-

2171 1622 2274 1674 que
2301 1608 2366 1661 ad
2413 1608 2720 1664 sublimiora
2749 1608 2944 1664 Christi
2975 1610 3206 1666 eveheus
3230 1611 3497 1682 dogmata,
3530 1615 3756 1671 maxime

2171 1698 2310 1752 illam
2342 1713 2535 1755 ornare
2566 1715 2808 1770 possum,
2830 1702 2968 1772 quod
2996 1719 3082 1759 me
3106 1702 3265 1759 talem
3291 1703 3548 1769 olfecerit,
3575 1715 3634 1760 ut
3663 1722 3754 1776 po-

2172 1789 2360 1844 tuerim
2404 1806 2588 1845 eorum
2619 1808 2737 1861 qua:
2784 1793 2980 1862 scripta
3030 1794 3091 1847 in.
3127 1809 3189 1848 ea
3228 1803 3382 1860 sunt,
3413 1795 3759 1865 exiguitatem

2168 1895 2564 1952 supergressus,
2592 1884 2658 1938 ad
2697 1884 2954 1939 doctrinm
3003 1885 3382 1942 sublimitatem
3425 1888 3712 1944 ascendere
3735 1931 3755 1958 ,

2167 1989 2284 2044 qua:
2309 1974 2506 2030 Christi
2536 1975 2795 2031 beneficio
2823 1977 2976 2032 nobis
2999 1977 3205 2048 obtigit.

2241 2067 2346 2122 Lex
2375 2068 2659 2122 hominibus
2696 2079 2940 2140 quantum
2979 2071 3242 2140 profuerit.
3271 2102 3341 2112 —
3364 2072 3582 2128 Multum
3634 2089 3754 2145 pro-

2166 2158 2266 2212 fuit
2295 2159 2380 2214 lex
2426 2168 2630 2216 natura:
2658 2170 2876 2228 nostrte,
2904 2161 2999 2217 sed
3025 2163 3070 2218 si
3114 2164 3324 2220 sincere
3351 2178 3451 2220 nos
3485 2165 3552 2220 ad
3605 2167 3755 2222 Chri-

2165 2256 2304 2303 stum
2352 2249 2651 2306 dcduxerit.
2694 2253 2904 2322 Alioqui
2950 2253 3002 2307 ni
3048 2253 3100 2308 id
3150 2255 3278 2320 ﬁat,
3312 2257 3472 2311 etiam
3501 2257 3752 2312 damnum

2165 2337 2358 2402 intulit,
2409 2339 2801 2411 majoribusque
2849 2356 2947 2396 nos
2997 2343 3278 2411 fraudavit,
3308 2343 3433 2400 dum
3479 2346 3753 2402 adltmrere

2167 2429 2465 2485 minoribus
2491 2430 2636 2496 fecit,
2665 2440 2721 2486 et
2749 2447 2844 2487 nos
2872 2433 2923 2486 in
2949 2433 3244 2490 innumeris
3273 2438 3754 2507 transgressionum

2163 2519 2471 2576 vulneribus
2511 2521 2685 2577 adhuc
2713 2523 2957 2578 detinuit.
2989 2525 3121 2580 Nam
3161 2529 3206 2581 si
3248 2542 3369 2582 eum
3414 2529 3520 2584 duo
3560 2529 3750 2585 medici

2161 2621 2366 2678 essent,
2389 2629 2526 2668 unus
2557 2614 2844 2682 inﬁrmior,
2873 2616 3009 2671 alter
3033 2618 3282 2686 validior,
3307 2629 3362 2674 et
3387 2634 3520 2674 unus
3543 2621 3754 2675 adhibi-

2169 2704 2234 2759 tis
2255 2704 2522 2760 ulceribus
2545 2707 2657 2762 suis
2680 2707 2932 2763 remediis
2961 2725 3064 2766 non
3093 2712 3324 2780 potuerit
3351 2721 3611 2782 aegrotum
3654 2713 3750 2768 do-

2162 2794 2278 2850 lore
2301 2810 2367 2850 ex
2395 2796 2498 2850 illis
2529 2807 2648 2852 orto
2678 2799 2996 2855 liberare....
3023 2802 3040 2833 ¹

2229 2885 2284 2940 3.
2333 2923 2418 2941 ....
2456 2887 2624 2954 frater
2691 2898 2845 2956 tuus,
2901 2890 3128 2959 relinque
3195 2909 3379 2948 munus
3443 2904 3586 2950 tuum
3641 2907 3753 2952 ante

2159 2975 2323 3029 altare
2369 2985 2420 3029 et
2475 2977 2620 3044 vade,
2668 2981 2809 3049 prius
2863 2983 3194 3038 reconciliare
3238 2985 3388 3054 fratri
3415 2993 3524 3052 tuo,
3551 2996 3604 3041 et
3640 2997 3754 3042 tunc

2159 3068 2366 3122 veniens.
2395 3066 2522 3135 offer
2561 3086 2743 3124 manus
2787 3081 2926 3125 tuum
2974 3072 3190 3143 (Matth.
3237 3075 3292 3130 5.
3339 3075 3432 3133 25.
3471 3078 3586 3148 24).
3641 3079 3748 3133 Non

2158 3157 2328 3221 dixit,
2381 3158 2566 3215 omitte
2613 3159 2966 3228 sacriﬁcium,
3015 3178 3078 3218 ac
3131 3163 3328 3219 deinde
3367 3165 3585 3223 discede
3617 3188 3630 3222 :
3659 3170 3749 3224 sed

2160 3247 2527 3318 imperfectum
2569 3265 2789 3307 manere
2836 3255 3119 3322 permitte,
3167 3265 3224 3311 et
3271 3256 3464 3312 abiens
3506 3262 3748 3316 reconci-

2159 3337 2289 3393 liare
2319 3338 2469 3393 fratri
2510 3348 2620 3396 tuo.
2659 3340 2842 3412 Neque
2869 3350 3072 3398 tantum
3103 3345 3205 3400 hec
3231 3345 3348 3402 loco
3387 3347 3439 3402 id
3464 3347 3620 3418 fecit,
3661 3351 3749 3407 sed

2158 3439 2212 3485 et
2234 3430 2364 3487 alibi
2385 3447 2591 3488 rursus.
2621 3431 2754 3488 Nam
2781 3434 2833 3490 si
2855 3436 2973 3505 quis
2998 3436 3263 3493 infidelem
3292 3438 3480 3496 habeat
3505 3457 3746 3508 uxorein,

2160 3521 2262 3576 hoc
2304 3531 2405 3586 est,
2451 3523 2724 3593 gentilem,
2752 3525 2947 3595 ejicere
2993 3526 3138 3581 illam
3185 3528 3403 3585 minime
3429 3534 3658 3598 cogitur.
3699 3537 3756 3594 Si

2157 3616 2266 3686 quis
2289 3617 2441 3682 enim,
2464 3617 2651 3686 inquit,
2681 3633 2890 3673 uxorem
2927 3618 3070 3672 habet
3111 3619 3388 3689 inﬁdelem,
3418 3633 3464 3677 et
3489 3625 3600 3679 haec
3620 3643 3737 3680 con-

2157 3709 2304 3762 sentit
2327 3709 2550 3762 habitare
2574 3725 2688 3762 cum
2724 3708 2838 3776 illo,
2868 3725 2968 3763 non
2997 3710 3215 3764 dimittat
3253 3713 3396 3767 illam
3423 3714 3497 3785 (I.
3541 3717 3664 3772 Cor.
3694 3719 3745 3771 7.

2159 3796 2248 3872 12)
2275 3816 2290 3863 ;
2321 3801 2364 3854 si
2396 3816 2523 3855 vero
2552 3802 2886 3857 meretricem
2908 3811 2961 3857 et
2981 3801 3295 3869 adulteram,
3317 3804 3509 3874 ejicere
3530 3809 3751 3864 minime

2157 3890 2489 3960 prohibetur.
2542 3890 2778 3962 Quisqu’s
2821 3893 2986 3957 enim,
3035 3893 3224 3964 inquit,
3257 3895 3500 3951 dimiserit
3539 3917 3748 3956 uxorein

2157 4000 2302 4038 suam
2351 3994 2558 4055 excepta
2593 3985 2944 4056 fornicationis
2973 4003 3130 4043 causa
3149 4027 3164 4052 ,
3194 3990 3326 4059 facit
3350 4007 3460 4046 eant
3510 3993 3752 4046 mechari

2159 4075 2371 4143 (Matth.
2393 4077 2447 4131 5.
2494 4077 2609 4145 52).
2655 4076 2835 4148 Itaque
2883 4078 3248 4138 fornicationis
3287 4083 3358 4138 ob
3381 4097 3598 4137 causam
3630 4083 3748 4137 licet

2158 4166 2444 4222 dimittere.
2478 4167 2639 4223 Vides
2676 4169 3052 4240 benignitatem
3086 4173 3182 4228 Dei
3208 4189 3271 4229 ac
3311 4173 3744 4228 sollicitudinem.

2159 4257 2215 4312 Si
2244 4261 2460 4330 gentilis
2484 4261 2571 4325 sit,
2599 4261 2788 4331 inquit,
2817 4277 2970 4330 uxor,
2997 4279 3066 4320 ne
3093 4265 3276 4336 ejicias
3307 4284 3321 4320 :
3351 4267 3432 4320 sin
3473 4267 3742 4326 meretrix,

2159 4349 2210 4404 id
2240 4348 2414 4405 facere
2442 4367 2546 4405 non
2578 4352 2854 4420 prohibeo.
2885 4353 2941 4410 Si
2973 4356 3024 4410 in
3069 4372 3174 4422 me,
3211 4357 3399 4426 inquit,
3445 4356 3606 4427 impia
3633 4358 3744 4411 fue-

2159 4440 2248 4506 rit,
2275 4457 2341 4496 ne
2363 4441 2543 4511 ejicias
2574 4461 2589 4497 :
2616 4446 2661 4498 si
2695 4456 2746 4501 te
2788 4447 2978 4516 injuria
3013 4448 3265 4514 infecerit,
3297 4465 3456 4506 nemo
3480 4450 3744 4518 prohibet,

2158 4548 2264 4603 quo
2289 4535 2464 4589 minus
2488 4536 2689 4604 ejicias.
2737 4538 2948 4610 Ergone
2977 4541 3118 4596 Deus
3159 4551 3361 4597 tantum
3392 4543 3548 4597 nobis
3575 4543 3744 4596 hono-

2157 4640 2272 4681 rem
2319 4627 2528 4693 detulit,
2559 4639 2614 4684 et
2640 4645 2739 4686 nos
2764 4631 2910 4686 illum
2942 4634 3055 4702 pari
3085 4633 3231 4688 cultu
3259 4649 3362 4688 non
3393 4633 3742 4701 dignabimur,

2157 4719 2250 4771 sed
2277 4734 2305 4771 a
2350 4719 2547 4774 nostris
2593 4737 2713 4775 cum
2756 4722 3007 4776 uxoribus
3048 4721 3187 4777 aflici
3236 4724 3557 4778 contumelia
3606 4724 3744 4778 sine-

2160 4824 2279 4863 mus
2334 4828 2345 4862 :
2407 4809 2564 4880 idque
2615 4827 2734 4866 cum
2793 4814 3080 4866 maximum
3140 4825 3380 4883 paratum
3431 4815 3742 4883 supplicium

2159 4900 2482 4960 noverimus,
2515 4901 2558 4952 si
2607 4901 2831 4956 salutem
2875 4918 3096 4956 uxorum
3145 4904 3576 4972 neglexerimus?
3614 4904 3742 4958 Pro-

2158 5001 2337 5062 pterea
2386 5008 2614 5061 namque
2666 4994 2898 5048 mulieris
2945 5003 2996 5048 te
3039 5005 3196 5064 caput
3245 4996 3409 5061 fecit,
3468 5007 3742 5066 propterea

2160 5088 2411 5156 praecepit
2439 5097 2493 5141 et
2535 5087 2729 5142 Paulus
2759 5106 2770 5140 :
2798 5089 2860 5143 Si
2892 5090 3015 5158 quid
3035 5089 3207 5142 volunt
3246 5089 3437 5142 discere
3473 5090 3735 5152 mulieres,

2157 5178 2296 5232 domi
2330 5178 2464 5232 viros
2501 5195 2620 5232 suos
2647 5180 2952 5250 interrogent
2979 5181 3054 5248 (I.
3087 5179 3208 5235 Cor.
3235 5181 3321 5235 id.
3355 5182 3448 5244 55)
3480 5199 3492 5233 :
3522 5191 3578 5233 ιιι
3606 5190 3740 5233 tam-

2157 5284 2314 5338 quam
2347 5269 2616 5338 magister,
2646 5277 2701 5323 et
2724 5284 2957 5334 curator,
2988 5286 3050 5324 ac
3091 5272 3371 5340 prazfectus
3397 5271 3463 5326 ad
3495 5272 3740 5339 pietatem

2159 5353 2324 5426 ipsam
2371 5358 2577 5412 incitos.
2631 5358 2737 5412 Vos
2783 5373 2958 5414 autem
3003 5359 3128 5414 dum
3162 5369 3370 5430 tempus
3414 5361 3653 5416 collecta:
3676 5359 3742 5412 ad

2161 5448 2450 5502 Ecclesiam
2497 5449 2700 5512 invitat,
2747 5453 3056 5520 pigrttantes
3097 5467 3200 5505 non
3243 5451 3740 5507 excitatiszateutlt

2159 5539 2403 5593 diaboltts
2421 5540 2486 5594 ad
2515 5541 2668 5594 tubas
2695 5541 2810 5596 illas
2838 5542 3038 5605 invitat,
3070 5554 3312 5613 prompte
3341 5544 3616 5598 audientes
3637 5557 3739 5594 non

2159 5627 2429 5694 detinetis,
2476 5630 2570 5684 sed
2601 5630 2884 5700 impietatis
2927 5633 3237 5690 criminibus
3279 5633 3451 5690 sinitis
3475 5629 3723 5699 obligari.

2227 5725 2241 5755 ¹
2269 5729 2447 5773 Desunt
2463 5721 2696 5786 quaedam.
