4084 6186
435 306 536 366 ειη

429 426 721 482 ἀκολασίαν
746 426 1121 498 ἐξελκομένας.
1152 428 1261 482 Kal
1290 425 1399 498 γὰρ
1429 427 1626 499 πόρναι
1656 426 1749 481 καὶ
1777 425 2010 496 μαλακοὶ

430 511 526 565 καὶ
555 512 660 574 πᾶς
691 512 720 563 6
742 502 844 580 τῆς
871 511 1183 583 ὀρχήστρας
1216 510 1374 582 χορὸς
1402 512 1519 564 ἐκεῖ
1551 510 1867 582 συντρέχειν
1889 508 2011 562 είὼ-

431 594 579 649 θασι.

500 677 611 731 Καὶ
645 675 701 728 τί
731 676 874 745 λέγω
904 675 1160 748 πορνείας
1186 679 1285 743 τάς
1311 677 1640 749 γινομέναςς
1681 677 1744 731 οὐ
1769 676 2010 749 δέδοαας

432 757 508 831 μὴ
537 758 766 829 δαίμονα
794 759 1035 814 λαθοῦσα
1066 760 1276 816 ἐκεῖθεν
1303 760 1570 833 ἐπανέλθῃ
1619 763 1653 833 ἡ
1699 757 1888 832 γυνὴς¹
1909 760 2010 813 οὐκ

428 846 666 917 ἡκουσας
693 847 750 898 ὲν
773 846 841 916 τῇ
869 843 1109 916 προτέρᾳ
1135 844 1367 910 διαλέξει
1396 845 1583 915 σαφῶς
1625 843 2009 910 ἀποδείξαντος

431 929 562 998 ἡμῖν
589 926 683 980 τοῦ
715 925 897 996 λόγου,
925 928 1008 981 ὅτι
1054 929 1148 983 καὶ
1184 929 1283 993 τὰς
1320 927 1498 999 ψυχὰς
1521 928 1694 993 αὐτὰς
1729 928 1840 983 τῶν
1880 929 2010 982 Ἰου-

425 1009 590 1063 δαίων
616 1011 712 1065 καλ⁸
741 1011 866 1074 τοὺς
894 1012 1112 1076 τόπους,
1141 1013 1204 1072 ἐν,
1230 1006 1312 1076 οἷς
1345 1011 1713 1082 συλλέγονται,
1754 1011 2008 1083 δαίμονες

427 1093 768 1176 κατοικοῦσι;
790 1084 925 1176 ῌῶς
947 1091 1059 1162 οὖν,
1089 1095 1213 1173 ,εἰπέ
1252 1114 1362 1167 μοι,
1385 1095 1590 1168 τολμᾷς
1630 1095 1771 1168 μετά
1812 1095 2006 1166 δαιμό-

426 1191 533 1228 νων
569 1171 831 1248 χορεύσας
863 1177 1002 1248 πρὸς
1024 1171 1116 1231 τὸν
1141 1177 1248 1234 τῶν
1276 1178 1592 1241 ἀποστόλων
1620 1177 1877 1247 σύλλογον
1906 1181 2008 1233 έπ-

427 1257 701 1324 ανελθεῐνς
731 1259 849 1322 πῶς
878 1259 933 1313 δὲ
976 1261 1039 1314 οὐ
1067 1261 1311 1332 φρίττεις
1340 1260 1587 1315 ἀπελθὼν
1619 1261 1711 1315 καὶ
1744 1263 2006 1334 κοινωνή-

429 1359 527 1407 σας
554 1343 780 1409 ὲκείνοις
805 1345 917 1407 τοῖς
944 1344 1004 1397 τὸ
1029 1341 1167 1416 αἷμα
1187 1345 1407 1416 ὲκχέασι
1435 1345 1526 1399 τοῦ
1549 1344 1808 1417 Χριστοῦ,
1834 1344 2007 1399 ἐλθεῖν

424 1426 521 1480 καὶ
544 1426 871 1496 κοινωνῆσαι
895 1427 993 1499 τῆς
1022 1430 1172 1499 ἱερᾶς
1203 1428 1502 1502 τραπέζης,
1529 1431 1623 1484 καὶ
1647 1429 1741 1484 τοῦ
1774 1431 2006 1502 αἵματος

427 1512 717 1581 μετασχεῖν
739 1508 830 1563 τοῦ
861 1510 1075 1582 τιμίους
1101 1513 1161 1565 οὐ
1190 1512 1459 1583 φρίττεις,
1482 1515 1542 1568 οὐ
1572 1514 1818 1577 δέδοικας
1835 1513 2009 1568 τοιαῦ-

422 1609 494 1647 τα
516 1593 849 1664 παρανομῶν
869 1610 884 1660 ;
906 1595 1006 1665 τὴν
1024 1595 1304 1666 τράπεζαν
1331 1596 1501 1668 αὐτὴν
1519 1599 1621 1652 οὐκ
1641 1598 1761 1670 αἰδῇ
1783 1614 1798 1664 ;
1820 1596 2005 1651 Ταῦτα

424 1676 562 1746 πρὸς
581 1677 726 1746 ὑμᾶς
747 1675 856 1744 ἐγὼ
872 1676 1171 1750 διελέχθην,
1205 1678 1376 1734 ταῦτα
1400 1681 1536 1750 πρὸς
1559 1683 1801 1746 ἐκείνους
1824 1683 2003 1753 ὑμεῖς,

422 1761 664 1814 κάκεῖνοι
698 1759 835 1830 πρὸς
864 1759 964 1823 τὰς
1001 1761 1211 1816 ἑαυτῶν
1243 1768 1507 1833 γυναῖκας
1526 1783 1540 1796 ⁸
1590 1761 1697 1832 Εἷς
1744 1765 1851 1820 τὸν
1896 1767 2007 1821 ἕνα

421 1842 802 1925 οίκοδομεῖτε.
840 1843 959 1897 Κάν
987 1845 1087 1916 μὲν
1119 1847 1529 1921 κατηχούμενος
1621 1851 1651 1903 6
1687 1849 1756 1904 :6
1778 1851 2008 1906 τοιαῦτα

420 1924 615 1989 νοσῶν,
641 1924 751 1981 τῶν
797 1926 1094 1999 προθύμων
1139 1930 1410 2001 εἰργέσθω
1430 1948 1443 1961 ·
1480 1931 1547 1985 ἂν
1593 1932 1653 1986 δὲ
1694 1931 1885 1995 πιστὸς
1911 1933 2007 1988 καὶ

424 2007 796 2080 μεμυημένος,
831 2009 932 2081 τῆς
982 2011 1135 2082 ἱεράς
1175 2014 1456 2085 τραπέζης
1490 2014 1894 2070 ἀπελαυνέσθω.
1928 2015 2003 2070 Ού

423 2090 532 2164 γάρ
559 2092 736 2146 πάντα
782 2092 850 2146 τά
894 2094 1269 2167 ἁμαρτήματα
1295 2098 1672 2169 παραινέσεως
1702 2099 1872 2152 δεῖται
1913 2100 2007 2154 xal

424 2174 753 2255 συμϐουλῆς,
785 2174 900 2229 ἀλλ’
931 2175 1075 2231 ἔστιν
1119 2178 1156 2232 ἀ
1196 2181 1337 2250 τομῇ
1369 2178 1618 2251 συντόμῳ
1652 2180 1746 2234 καὶ
1771 2181 2005 2255 ὀξυτάτῃ

420 2254 765 2328 διορθοῦσθαι
812 2257 1050 2327 πέφυκε.
1081 2259 1195 2313 Kal
1228 2260 1478 2332 καθάπερ
1522 2263 1633 2317 τῶν
1676 2254 2006 2336 τραυμάτων

417 2337 490 2421 τά
519 2337 620 2409 μὲν
656 2340 985 2413 ἀνεκτότερα
1021 2343 1476 2415 προσηνεστέροις
1507 2346 1642 2402 εῐκει
1673 2347 2004 2421 φαρμάκοις,

415 2420 491 2477 τὰ
533 2422 587 2476 δὲ
628 2424 906 2504 σεσηπότα
947 2426 1042 2478 καὶ
1088 2425 1281 2480 ἀνίατα
1313 2428 1408 2482 καὶ
1443 2426 1505 2485 :6
1533 2427 1718 2485 λοιπὸν
1751 2420 2019 2504 ἐπινεμότ

419 2521 561 2578 μενα
607 2502 788 2576 σῶμα,
818 2505 1024 2579 αἰχμῆς
1055 2508 1274 2581 σιδήρου
1310 2510 1480 2567 δεῖται
1513 2511 1607 2565 καὶ
1652 2513 1848 2585 φλογός
1871 2531 1885 2545 ο
1913 2502 2007 2587 δε.

1106 277 1170 368 ’5.
1213 311 1498 370 JOANNIS
1535 310 2031 368 cunvsosmm
2071 310 2396 368 ARCHIEP.
2447 314 3001 373 consummas).

3590 323 3727 378 882’

2112 442 2189 478 τω
2219 427 2284 500 δη
2328 429 2420 483 καὶ
2466 432 2560 485 ἐπὶ
2598 431 2710 485 τῶν
2740 429 3155 502 ἁμαρτημάτων
3187 429 3255 482 :6
3307 429 3406 500 μὲν
3442 432 3694 502 παραινέ-

2112 524 2251 575 σεως
2282 514 2626 585 μακροτέρας
2652 514 2840 586 χρείαν
2873 513 3084 584 ἔχοντα,
3118 512 3187 567 :6
3212 511 3273 566 δὲ
3298 514 3534 585 ἐλέγχων
3558 516 3690 570 ἀπο-

2109 592 2312 665 τόμων.
2329 596 2526 666 Διόπερ
2547 598 2641 651 καὶ
2665 595 2918 661 ὀΠαῦλος
2947 595 3202 650 ἐκέλευσε
3234 594 3310 667 μὴ
3342 597 3517 650 πάντα
3551 615 3692 670 παρα

2112 678 2302 743 αινεῖν,
2350 677 2487 734 ἀλλά
2529 681 2625 734 καὶ
2665 681 2910 752 ἐλέγχειν
2942 678 3256 750 ἀποτόμως,
3286 676 3432 732 οὕτω
3472 678 3648 749 λέγων
3668 699 3682 713 ι

2114 762 2195 812 Δι’
2225 759 2307 828 ἢν
2336 763 2534 817 αἰτίαν
2563 765 2777 833 ἔλεγχε
2811 761 3036 828 αὐτοὺς
3078 761 3413 831 ἀποτόμως.
3430 762 3664 832 Ἑλέγξω

2111 858 2213 912 μεν
2233 838 2326 896 οῦν
2347 845 2545 909 αὐτοὺς
2573 845 2863 916 ἀποτόμως
2887 843 3002 908 νῦν,
3040 844 3127 897 ἕνα
3152 845 3247 898 ἐπὶ
3271 847 3384 907 τοῖς
3417 844 3691 913 φθάσασιν

2108 927 2486 998 αἰσχυνθέντες
2533 931 2627 984 καὶ
2672 928 3031 999 καταγνόντες
3077 928 3307 995 ἑαυτῶν,
3346 930 3546 1000 μηκέτι
3588 930 3690 1002 τὴν

2109 1009 2216 1063 ἀπὸ
2254 1010 2356 1083 τῆς
2408 1012 2725 1084 παρανόμου
2771 1012 3023 1084 νηστείας
3070 1011 3328 1078 δέξωνται
3358 1010 3558 1085 λύμην.
3586 1014 3691 1070 Διά

2106 1093 2278 1148 ταῦτα
2351 1096 2445 1150 καὶ
2517 1095 2629 1166 ἐγὼ
2701 1096 2799 1165 τὴν
2865 1095 3189 1167 παραίνεσιν
3241 1093 3429 1150 λοιπὸν
3480 1097 3641 1166 ἀφεὶς
3668 1137 3685 1160 ,

2110 1179 2464 1251 μαρτύρομαι
2512 1180 2607 1234 καὶ
2636 1179 2745 1251 βοῶ
2768 1195 2783 1210 ο
2810 1179 2883 1233 Et
2910 1195 3003 1245 τις
3035 1179 3109 1232 οὐ
3137 1177 3301 1248 φιλεῖ
3330 1178 3439 1234 τὸν
3466 1181 3691 1247 Κύριον

2120 1262 2358 1330 Ἰησοῦν
2377 1262 2659 1332 Χριστὸν,
2686 1262 2843 1317 ἔστω
2871 1261 3141 1330 ἀνάθεμα
3159 1277 3174 1291 ⁸
3200 1261 3298 1316 τοῦ
3327 1261 3386 1315 δὲ
3412 1262 3487 1334 μὴ
3511 1262 3689 1332 φιλεῖν

2106 1346 2197 1400 τὸν
2238 1346 2446 1418 Κύριον
2478 1348 2533 1400 τί
2568 1347 2754 1419 μεῖζον
2786 1345 2853 1400 ἂν
2889 1344 3103 1413 γένοιτο
3130 1346 3451 1417 τεκμήριον,
3496 1345 3610 1400 ἀλλ’
3648 1346 3684 1420 ἢ

2108 1429 2238 1483 ὅταν
2266 1432 2394 1495 τοὺς
2418 1430 2842 1492 ἀποκτείνοντας
2866 1428 3029 1483 αὑτὸν
3051 1430 3344 1492 κοινωνοὺς
3361 1429 3459 1501 ἔχῃ
3480 1447 3565 1495 τις
3585 1432 3688 1503 τῆς

2107 1515 2332 1585 ὲορτῆς;
2363 1513 2599 1578 Τούτους
2618 1514 2717 1568 οὐκ
2738 1510 2848 1583 ἐγὼ
2871 1512 3264 1583 ἀνεθεμάτισα,
3285 1513 3422 1567 ἀλλὰ
3442 1514 3650 1579 Παῦλος
3669 1532 3684 1546 ·

2110 1596 2311 1663 μᾶλλον
2340 1598 2397 1652 δὲ
2425 1597 2548 1652 οὐδὲ
2580 1598 2814 1661 Παῦλος,
2845 1595 2960 1650 ἀλλ’
2982 1598 3012 1650 6
3032 1596 3288 1668 Χριστὸς,
3320 1599 3354 1651 6
3377 1597 3446 1652 6:’
3474 1599 3685 1653 ἐκείνου

2109 1679 2305 1744 λαλῶν,
2335 1680 2431 1734 καὶ
2462 1683 2490 1735 6
2513 1683 2572 1734 ὲν
2600 1683 2712 1744 τοῖς
2740 1677 3051 1752 ἔμπροσθεν
3067 1678 3259 1743 εἰπὼν,
3282 1679 3364 1733 ὅτι
3396 1680 3501 1736 Ἔν
3526 1682 3688 1751 νόμῳ

2108 1763 2512 1834 δικαιούμενοι
2535 1763 2647 1833 τῆς
2675 1763 2918 1834 χάριτος
2937 1762 3258 1829 ἐξέπεσον.
3279 1761 3467 1817 Ταῦτα
3493 1765 3684 1819 εἴπατε

2110 1848 2247 1919 πρὸς
2278 1849 2475 1913 αὐτοὺς
2512 1848 2583 1902 τὰ
2623 1850 2866 1920 ῥήματα,
2904 1848 2996 1902 καὶ
3028 1847 3126 1912 τάς
3154 1849 3459 1917 ἀποφάσεις
3502 1849 3687 1914 αὐτοῖς

2107 1931 2411 2000 ἀνάγνωτέ,
2460 1933 2555 1987 καὶ
2590 1932 2729 2002 μετὰ
2758 1932 2939 2002 πάσης
2972 1930 3210 2002 σπουδῆς
3240 1933 3439 1994 αὐτοὺς
3484 1931 3686 1987 διασὼ-

2110 2026 2323 2081 σαντες,
2359 2017 2454 2070 καὶ
2483 2017 2582 2087 τῆς
2611 2016 2707 2070 τοῦ
2730 2015 2979 2070 διαϐόλου
3017 2015 3300 2087 φάρυγγος
3337 2014 3685 2088 ἐξαρπάσαν-

2107 2116 2220 2164 τες,
2255 2098 2494 2168 ἀγάγετε
2520 2100 2587 2170 τῇ
2625 2099 2812 2171 ἡμέρᾳ.
2843 2092 3232 2170 τῆςνηστείας
3258 2101 3412 2170 ἡμῖν,
3456 2099 3541 2153 Eva
3588 2100 3687 2155 καὶ

2106 2183 2207 2256 τὴν
2235 2181 2525 2236 λείπουσαν
2564 2182 2692 2252 ὑμῖν
2724 2182 3018 2253 ὑπόσχεσιν
3059 2181 3370 2245 ἀποδόντες,
3401 2181 3686 2252 ὁμοθυμαο
3712 2232 3719 2240 ,

2101 2265 2191 2319 66v
2218 2267 2287 2320 έν
2308 2266 2388 2319 ἑνὶ
2420 2265 2650 2337 στόματι
2686 2265 2826 2337 μετά
2851 2264 2961 2319 τῶν
2988 2263 3233 2333 ἀδελφῶν
3261 2263 3373 2317 τῶν
3397 2265 3709 2338 ἡμετέρων

2101 2349 2417 2421 δοξάσωμεν
2449 2349 2543 2403 τὸν
2589 2347 2723 2403 Θεὸν
2755 2348 2852 2402 καὶ
2883 2348 3105 2421 Πατέρα
3149 2348 3246 2402 τοῦ
3284 2349 3491 2420 Κυρίου
3523 2348 3717 2420 ἡμῶν,

2117 2432 2293 2503 Ἰησοῦ
2342 2430 2606 2504 Χριστοῦ,
2653 2432 2737 2485 ὅτι
2775 2429 2926 2502 αὐτῷ
2951 2431 2986 2502 ἡ
3021 2429 3148 2498 δόξα
3181 2433 3263 2495 είς
3291 2432 3419 2495 τοὺς
3462 2430 3685 2496 αίῶνας.

2117 2518 2311 2590 Ἀμήν.

432 2703 3645 2738 mm

1179 2854 1332 2930 [606]
1365 2869 1390 2898 ι
1430 2856 1539 2912 ΕΙΣ
1570 2857 1748 2913 ΤΟΥΣ
1787 2859 1877 2913 ΤΑ
1911 2859 2140 2914 ΠΡΩΤΑ
2180 2861 2411 2916 ΠΑΣΧΑ
2447 2863 2977 2922 ΝΗΣΤΕΥΟΝΤΔΣ.

994 3168 1185 3235 Λόγος
1212 3170 1430 3238 τρίτος.

486 3269 530 3327 α’
549 3313 562 3327 .
581 3270 750 3327 Πάλιν
770 3268 930 3341 χρεία
946 3285 1031 3331 τις
1045 3269 1319 3337 ἀναγκαία
1339 3272 1431 3326 καὶ
1450 3272 1877 3340 κατεπείγουσα,
1892 3274 2003 3328 τῶν

415 3354 609 3428 πρῴην
638 3351 945 3423 εἰρημένων
981 3351 1079 3422 τὴν
1129 3353 1454 3407 ἀκολουθίαν
1499 3352 1830 3424 διακόψασα,
1863 3358 2003 3427 πρὸς

415 3438 616 3507 ἑαυτὴν
656 3434 957 3488 ἐπισπᾶται
985 3433 1073 3487 τὸν
1106 3434 1284 3503 λόγον,
1316 3437 1409 3490 καὶ
1441 3435 1552 3489 τῶν
1581 3437 1716 3508 πρὸς
1757 3438 1884 3502 τοὺς
1913 3442 2003 3493 αἱ-

417 3520 667 3595 ρετικοῦς
690 3518 840 3587 ἡμᾶς
861 3516 1066 3584 ἀπάγει
1093 3518 1489 3589 παλαισμάτων
1510 3520 1772 3591 τήμερον,
1806 3521 1999 3592 Ἡμεῖς

419 3603 520 3674 μὲν
551 3600 661 3670 γὰρ
694 3599 854 3652 πάλιν
882 3615 951 3651 πε
962 3599 1017 3668 ρὶ
1047 3604 1146 3668 τῆς
1170 3600 1265 3653 τοῦ
1291 3600 1635 3668 Μονογενοῦς
1653 3602 1810 3672 δόξης
1833 3603 2003 3658 διαλε..

414 3685 611 3755 χθῆναι
628 3681 763 3752 1:96;
780 3680 878 3751 τὴν
901 3681 1175 3752 ὑμετέραν
1194 3682 1417 3753 ἀγάπην
1435 3685 1963 3758 παρεσκευαζόμεθα
1980 3703 1994 3716 ·

414 3771 450 3838 η
496 3766 554 3819 δὲ
604 3765 713 3817 τῶν
757 3761 827 3815 :6
857 3762 1049 3834 πρῶτα
1093 3763 1277 3834 πάσχα
1318 3766 1603 3836 νηστεύειν
1659 3766 1998 3840 βουλομένων

414 3850 645 3920 ἄκαιρος
675 3844 979 3916 φιλονεικία
1002 3845 1142 3918 πρὸς
1172 3848 1270 3918 τὴν
1289 3848 1468 3902 αὐτῶν
1490 3849 1793 3922 θεραπείαν
1817 3856 1998 3908 πᾶσαν

416 3936 553 4004 ἡμῖν
604 3929 973 4002 ἀσχοληθῆναι
1024 3931 1435 4001 καταναγκάζει
1487 3932 1586 4002 τὴν
1647 3935 1996 3991 διδασκαλίαν

412 4019 675 4086 τήμερον.
710 4013 818 4067 Kal
841 4013 949 4085 γὰρ
970 4014 999 4066 6
1025 4014 1225 4085 ποιμὴν
1253 4017 1281 4068 6
1312 4014 1475 4079 καλὸς
1498 4017 1620 4087 οὐχὶ
1648 4019 1773 4082 τοὺς
1798 4018 1997 4085 λύκους

411 4096 706 4157 ἀπελαύνει
746 4098 924 4167 μόνον,
971 4096 1106 4149 ἀλλά
1139 4098 1231 4150 καὶ
1275 4099 1347 4151 :6
1388 4099 1635 4170 πρόϐατα
1666 4102 1995 4173 νενοσηκότα

412 4179 707 4255 θεραπεύει
735 4179 853 4249 μετ’
882 4180 1199 4250 ἐπιμελείας
1218 4181 1438 4253 ἀπάσης
1455 4199 1468 4212 ·
1492 4184 1614 4236 ἐπεὶ
1634 4182 1687 4236 τί
1704 4184 1763 4237 :6
1778 4184 1991 4257 κέρδος,

410 4267 540 4323 ὅταν
565 4264 672 4317 τῶν
704 4264 802 4331 μὲν
830 4261 1035 4333 θηρίων
1057 4262 1127 4315 τὰ
1152 4263 1395 4334 στόματα
1426 4264 1695 4338 διαφεύγῃ
1720 4266 1789 4321 τὰ
1815 4267 1842 4307 b
1869 4269 1991 4321 ποί-

415 4364 569 4421 μνια,
604 4346 710 4399 ὑπὸ
740 4345 796 4399 δὲ
832 4345 932 4416 τῆς
955 4346 1268 4418 ἀρρωστίας
1300 4348 1683 4419 κατεσθίηται;
1712 4349 1869 4405 υῦτω
1896 4355 1991 4407 καὶ

412 4429 719 4502 στρατηγὸς
741 4427 965 4498 ἀριστος
989 4429 1111 4500 οὐχὶ
1128 4429 1197 4483 τὰ
1222 4434 1594 4504 μηχανήματα
1620 4434 1989 4506 ἀποκρούεται

414 4513 598 4587 μόνον,
653 4508 790 4564 ἀλλά
827 4511 933 4580 1:96
983 4509 1188 4566 τούτων
1221 4515 1322 4584 τὴν
1374 4515 1530 4569 πόλιν
1589 4518 1990 4580 στασιάζουσαν

411 4596 552 4670 1:96;
571 4594 770 4666 ἑαυτὴν
801 4595 1045 4664 συνάγει,
1071 4596 1229 4661 εἰδὼς
1264 4599 1346 4652 6::
1375 4599 1436 4653 :6
1465 4598 1626 4652 πλέον
1654 4600 1807 4654 οὐδὲν
1837 4601 1989 4657 ἔσται

407 4681 513 4751 τῆς
542 4679 743 4747 ἔξωθεν
769 4678 944 4751 νίκης,
971 4679 1077 4743 ἕως
1096 4680 1163 4734 ἃν
1182 4682 1231 4735 οἱ
1258 4680 1470 4736 ἔνδοθεν
1504 4682 1758 4753 ἐμφύλιοι
1784 4684 1989 4754 μένωσι

410 4764 657 4835 πόλεμοι.
680 4763 793 4816 Kal
815 4763 901 4816 ἵνα
932 4763 1132 4836 μάθῃς,
1159 4763 1241 4817 6::
1268 4765 1507 4830 στάσεως
1537 4767 1632 4820 καὶ
1658 4766 1990 4835 φιλονεικίας

412 4848 527 4901 ίσον
555 4846 707 4900 οὐδὲν
752 4847 832 4909 είς
866 4844 1209 4917 καθαίρεσιν,
1251 4845 1483 4901 ἄκουσον
1513 4848 1564 4901 τί
1607 4866 1771 4919 φησιν
1802 4853 1830 4904 6
1857 4852 1990 4923 Χρι-

412 4930 537 4994 στός
556 4947 569 4960 ·
599 4929 892 4983 Βασιλεία
911 4928 1270 4998 μερισθεῖσα
1295 4930 1386 5000 ἐφ’
1418 4931 1646 5001 ἑαυτὴν
1665 4936 1736 4988 οὐ
1766 4935 1989 5005 σταθή-

407 5031 602 5070 σεται.
649 5011 845 5066 Καίτοι
876 5012 930 5065 τί
969 5011 1247 5083 βασιλείας
1268 5014 1658 5089 δυνατώτερον,
1688 5018 1821 5073 ὅπου
1854 5037 1987 5092 χρη-

413 5097 599 5169 μάτων
641 5095 926 5168 πρόσοδος,
961 5096 1056 5149 καὶ
1086 5095 1244 5160 ὅπλα,
1292 5098 1388 5150 καὶ
1430 5098 1606 5172 τείχη,
1644 5101 1738 5155 καὶ
1774 5102 1986 5173 ὀχυρώ-

411 5196 582 5251 ματα,
607 5179 702 5233 καὶ
737 5178 1087 5250 στρατιωτῶν
1121 5180 1354 5253 ἀριθμὸς
1380 5181 1654 5247 τοσοῦτος,
1684 5184 1779 5239 καὶ
1806 5186 1986 5251 ἵπποι,

418 5262 511 5316 καὶ
539 5262 704 5333 μυρία
728 5263 892 5335 ἕτερα
921 5262 1123 5335 πολλὴν
1156 5264 1465 5337 παρέχοντα
1491 5265 1590 5337 τὴν
1623 5266 1809 5337 ίσχύν;
1847 5267 1986 5322 Ἀλλ’

407 5345 556 5412 ὅμως
589 5345 868 5434 ἡτοσαύτη
902 5347 1135 5418 δύναμις
1162 5348 1513 5412 καταλύεται,
1546 5349 1671 5402 how
1696 5349 1833 5422 πρὸς
1857 5351 1986 5405 ἑαυ-

407 5427 506 5494 τὴν
541 5427 826 5502 στασιάζῃ.
862 5430 1030 5484 Οὐδὲν
1066 5430 1178 5502 γάρ
1221 5431 1397 5495 οὕτως
1434 5433 1721 5485 ἀσθένειαν
1753 5433 1984 5504 ἐργάζε-

408 5508 536 5564 σθαι
558 5511 824 5579 πέφυκεν,
858 5513 935 5578 ὡς
966 5514 1269 5584 φιλονεικία
1302 5517 1396 5570 καὶ
1425 5516 1571 5587 ἔρι;’
1607 5516 1797 5588 ὥσπερ
1830 5516 1985 5570 οὐδὲν

466 5710 484 5771 _'
515 5703 699 5771 (lollala
720 5717 829 5771 (gum
854 5720 941 5757 ηις.
973 5710 1131 5771 Regio
1152 5710 1289 5759 I966.

463 5760 489 5801 ι’
519 5765 639 5828 ἱῐυδ.
664 5766 870 5827 ποίμνια
898 5770 1027 5818 ἔνδον
1045 5760 1095 5819 ἓξ
1118 5772 1210 5820 ὑπὸ
1234 5779 1332 5826 τῆς.

2107 3176 2283 3241 οῦτως
2334 3180 2485 3249 ἰσχὺν
2533 3179 2626 3255 καὶ
2664 3177 2916 3248 δύναμιν,
2948 3179 3024 3242 ὡς
3070 3179 3260 3251 ἀγάπη
3293 3180 3387 3233 καὶ
3431 3179 3678 3255 ὁμόνοια.

2110 3260 2288 3332 Ὅπερ
2312 3257 2405 3314 οὖν
2435 3261 2528 3315 καὶ
2554 3253 2859 3331 δΣολομὼν
2887 3260 3137 3329 συνιδὼν,
3157 3262 3371 3331 ἔλεγεν·
3404 3253 3693 3330 Ἀδελφὸς

2104 3343 2208 3395 ὑπ’
2241 3344 2512 3414 ἀδελφοῦ
2551 3344 2971 3412 ,ϐοηθούμενος
3005 3346 3088 3411 ὡς
3126 3347 3305 3412 πόλις
3333 3345 3541 3415 όκιφά,
3580 3343 3693 3399 καὶ.
3740 3405 3763 3419 _

2100 3430 2555 3496 μεμοχλευμένη
2577 3427 2887 3492 βασιλεία.
2917 3425 3070 3493 Εἶδες
3095 3429 3194 3501 ὅση
3232 3428 3332 3498 τῆς
3367 3427 3618 3498 ὁμονοίας
3645 3427 3683 3495 ἡ

2106 3507 2296 3579 ίσχύςς
2327 3510 2558 3582 ὃσητῆς
2594 3508 2925 3577 φιλονεικίας
2959 3513 2992 3582 ἡ
3024 3511 3233 3583 βλάϐης
3269 3510 3525 3565 Βασιλεία
3550 3525 3685 3562 στα-

2103 3591 2365 3656 σιάζουσα
2406 3590 2757 3654 καταλύεται,
2786 3592 2880 3646 δύο
2907 3593 2963 3646 δὲ
3005 3595 3101 3648 ἐπὶ
3148 3595 3314 3649 ταύτὸ
3355 3594 3530 3658 ὄντες,
3585 3592 3685 3645 καὶ

2103 3675 2474 3747 συνδεδεμένοι
2507 3677 2626 3747 μετ’
2653 3676 2920 3746 ἀλλήλων,
2952 3679 3153 3742 παντός
3176 3680 3314 3733 εἰσιν
3340 3677 3684 3749 ἀρῤαγέστε-

2102 3775 2188 3829 ροι
2223 3760 2454 3828 τείχους.
2480 3761 2590 3814 Kal
2613 3755 2731 3814 οἶδα
2763 3760 2862 3831 μὲν
2891 3761 2973 3814 δτι
2997 3760 3087 3815 διὰ
3111 3761 3211 3833 τὴν
3242 3760 3336 3815 τοῦ
3365 3760 3500 3814 Θεοῦ
3519 3759 3681 3832 χάριν

2097 3840 2160 3894 :6
2202 3841 2365 3895 πλέον
2395 3844 2528 3913 ἡμῖν
2557 3843 2657 3914 τῆς
2691 3841 2895 3913 ἀγέλης
2939 3840 3145 3914 ταύτης
3187 3843 3532 3914 ἀπήλλακται
3574 3842 3681 3911 τῆς

2098 3924 2432 3996 ἀρρωστίας,
2467 3926 2561 3978 καὶ
2595 3927 2675 3987 είς
2705 3925 2919 3993 ὀλίγους
2961 3924 3023 3977 :6
3055 3925 3271 3997 νόσημα
3312 3926 3676 3997 περιέστηκε’

2098 4007 2239 4078 πλὴν
2273 4009 2389 4063 ἀλλ’
2434 4009 2494 4062 ού
2544 4010 2628 4062 6:6
2665 4009 2826 4063 τοῦτο
2867 4008 3171 4080 ἀμελητέον
3218 4010 3319 4081 τῆς
3354 4009 3677 4080 θεραπείας.

2097 4092 2207 4145 Kal
2228 4091 2337 4162 γὰρ
2364 4094 2458 4146 καὶ
2479 4094 2530 4146 εί
2556 4093 2690 4148 δέκα
2724 4093 2904 4164 μόνον,
2929 4094 3025 4147 καὶ
3051 4094 3101 4146 εί
3131 4094 3313 4159 πέντε,
3346 4095 3440 4149 καὶ
3474 4094 3523 4145 εί
3557 4092 3678 4159 δύο,

2097 4174 2191 4228 καὶ
2220 4177 2271 4228 εί
2294 4168 2376 4239 εἷς
2412 4175 2571 4246 μόνος
2595 4177 2625 4229 6
2647 4178 2874 4248 κάμνων
2899 4172 2989 4248 ἦν,
3016 4175 3125 4230 οὐδ’
3151 4175 3294 4229 οὕτω
3328 4176 3677 4249 καταφρονῆ-

2096 4274 2187 4311 σαι
2218 4257 2346 4312 έδει.
2387 4260 2452 4312 Et
2477 4259 2589 4331 γὰρ
2623 4259 2718 4313 καὶ
2742 4254 2823 4323 εἷς
2849 4261 2967 4313 ἐστι
2999 4259 3094 4313 καὶ
3121 4258 3346 4330 εὐτελὴς
3369 4261 3466 4327 καὶ
3496 4261 3677 4331 ἀπερ-

2096 4341 2381 4412 ριμμένος,
2416 4341 2532 4396 ἀλλ’
2568 4344 2798 4415 ἀδελφός
2835 4345 2974 4409 ἐστι,
3003 4343 3072 4398 δι’
3103 4344 3164 4399 ὃν
3193 4346 3223 4398 6
3246 4344 3489 4414 Χριστὸς
3532 4344 3675 4399 ἀπέ-

2095 4423 2244 4479 θανε.
2284 4425 2396 4479 Καὶ
2433 4425 2600 4490 πολὺς
2627 4425 2708 4497 τῷ
2738 4426 2962 4501 Χριστῷ
3002 4427 3112 4482 τῶν
3156 4427 3390 4483 εὐτελῶν
3436 4431 3463 4482 6
3490 4427 3671 4498 λόγος.

2099 4509 2207 4575 Ὃς
2228 4506 2339 4563 ἐὰν
2367 4508 2778 4579 σκανδαλίσῃ,
2809 4511 2995 4580 φησὶν,
3020 4509 3131 4565 ἕνα
3156 4509 3277 4564 τῶν
3296 4509 3526 4582 μικρῶν
3553 4510 3675 4568 τῶν

2092 4593 2503 4657 πιστευόντων
2536 4593 2625 4658 είς
2655 4592 2779 4663 ἐμὲ,
2807 4594 3100 4664 συμφέρει
3126 4594 3289 4660 αὐτῷ
3313 4596 3415 4649 ἵνα
3451 4612 3671 4666 «pem.

2091 4672 2213 4742 σθῇ
2237 4675 2436 4744 μύλος
2461 4674 2666 4742 ὀνικὸς
2694 4675 2830 4744 περὶ
2869 4676 2977 4731 τὸν
3001 4675 3306 4746 τράχηλον
3336 4678 3541 4738 αὑτοῦ,
3568 4679 3671 4733 καί

2091 4757 2541 4828 καταποντισθῇ
2564 4761 2653 4827 εις
2678 4758 2796 4828 τὴν
2818 4760 3160 4816 θάλασσαν.
3187 4762 3296 4816 Kal
3318 4762 3478 4816 πάλιν
3496 4781 3512 4795 ο
3541 4762 3670 4833 Ἐφ’

2090 4840 2234 4895 ὅσον
2258 4844 2371 4896 οὐκ
2390 4842 2716 4909 ἐποιήσατε
2742 4842 2833 4896 ἐνί
2858 4842 2977 4898 τῶν
3001 4842 3232 4913 μικρῶν
3252 4847 3501 4911 τούτων,
3524 4843 3671 4901 οὐδὲ

2089 4926 2215 4995 ἐμοὶ
2270 4925 2627 4993 ἐποιήσατε·
2686 4928 2782 4981 καὶ
2835 4926 3027 4982 πάλιψ
3089 4931 3212 4983 Οὐκ
3259 4928 3393 4983 ἐστι
3437 4930 3671 4998 θέλημα

2089 5008 2431 5079 ἔμπροσθεν
2463 5010 2569 5065 τοῦ
2600 5010 2833 5080 Πατρός
2874 5008 3045 5080 ὑμῶν
3073 5011 3180 5066 τοῦ
3227 5012 3299 5066 ἐν
3323 5011 3449 5079 τοῖς
3492 5013 3670 5079 οὐρα·

2088 5090 2236 5157 νοῖς,
2268 5093 2369 5146 ἵνα
2396 5093 2697 5162 ἀπόληται
2722 5089 2811 5160 εἷς
2839 5091 2958 5147 τῶν
2997 5092 3227 5163 μικρῶν
3256 5096 3503 5150 τούτων.
3542 5094 3668 5159 Πῶς

2087 5172 2180 5231 οὖν
2202 5178 2303 5230 οὐκ
2336 5178 2556 5244 ἀτοπον,
2585 5180 2634 5232 εί
2660 5178 2756 5232 τοῦ
2779 5178 3016 5251 Χριστοῦ
3047 5180 3316 5250 τοσαύτην
3342 5179 3667 5250 ποιουμένου

2087 5261 2198 5314 τῶν
2238 5260 2452 5334 μικρῶν
2501 5261 2778 5332 πρόνοιαν,
2810 5265 2971 5333 ἡμεῖς
3003 5261 3185 5317 αὐτῶν
3231 5261 3668 5334 καταρρᾳθυμὴ-

2091 5361 2315 5414 σαιμεν;
2352 5331 2503 5415 [6671
2531 5331 2621 5417 Μὴ
2647 5343 2804 5398 τοῦτο
2829 5331 3014 5418 εἴπῃς,
3035 5347 3119 5401 ὅτι
3146 5341 3229 5410 εἷς
3246 5331 3665 5409 ἐστινξάλλίῦτι

2087 5421 2169 5489 εἷς
2202 5427 2593 5498 ἀμελούμενος,
2629 5428 2725 5482 καὶ
2761 5430 2842 5493 είς
2871 5431 3000 5494 τοὺς
3041 5429 3264 5494 λοιποὺς
3301 5428 3666 5500 παραπέμψει

2086 5510 2148 5563 :6
2178 5511 2349 5574 πάθος
2370 5527 2382 5538 ·
2403 5510 2598 5578 Μικρὰ
2624 5510 2734 5581 γάρ
2755 5511 2925 5582 ζύμη,
2952 5514 3138 5584 φησιν.
3157 5512 3305 5568 ὅλον
3330 5511 3395 5566 τὸ
3423 5513 3664 5581 φύραμα

2087 5592 2272 5662 ζυμοῖ.
2308 5594 2419 5647 Kal
2447 5594 2605 5647 τοῦτό
2651 5596 2799 5648 ἐστιν
2853 5595 2883 5649 6
2922 5596 2990 5649 :6
3025 5597 3205 5650 πάντα
3256 5595 3520 5650 ἀπόλλυσι
3568 5592 3667 5648 καὶ

2087 5676 2403 5745 ἀνατρέπει,
2433 5677 2516 5730 ὅτι
2545 5677 2653 5730 τῶν
2685 5678 2896 5749 μικρῶν
2925 5678 3359 5749 καταμελοῦμεν.
3384 5681 3482 5731 Διά
3504 5676 3675 5743 τοῦτο¹

2097 5758 2307 5829 μεγάλα
2330 5759 2534 5830 γίνεται
2557 5760 2620 5815 τά
2644 5760 2798 5835 ἕλκη,
2817 5761 3003 5834 ὥσπερ
3028 5759 3121 5819 οὖν
3140 5763 3203 5819 :6
3225 5761 3436 5836 μεγάλα
3461 5760 3660 5834 ῥαδίως
