4084 6186
266 1172 276 1264 l

317 294 417 347 861

300 411 478 490 Satque
520 401 586 455 ad
632 403 1087 474 intemperantiam
1116 417 1366 482 pertrahi.
1415 418 1684 488 Siquidem
1723 439 1890 477 mere-

317 493 479 545 trices
506 507 567 545 ac
618 494 822 560 molles,
855 507 909 551 et
938 509 1076 555 totus
1104 508 1390 560 orchestra:
1416 509 1611 564 chorus
1651 512 1774 565 illuc
1799 527 1891 566 so-

321 580 394 632 liti
424 589 548 633 sunt
572 596 912 639 concurrere.

391 668 587 723 Animae
611 669 910 728 Iudaeorum
953 685 999 729 et
1038 677 1323 752 Synagogaz
1361 702 1393 736 α
1421 687 1724 746 dtemonibus
1749 712 1897 749 occu-

322 770 531 827 pantur.
556 790 628 801 —-
657 762 761 817 Sed
789 766 912 834 quid
942 783 1041 839 ego
1086 771 1476 845 fornicationes,
1506 795 1622 848 qua:
1665 783 1771 838 illic
1799 788 1896 840 ad.

322 849 602 904 mittuntur
651 859 1053 912 commemoro?
1102 860 1213 913 Non
1273 866 1445 931 times,
1477 884 1544 923 ne
1580 886 1609 924 a
1655 872 1897 930 daemone

323 950 568 1012 correpta
609 961 741 999 uxor
766 947 909 1003 illinc
937 957 1263 1023 revertatur?
1289 957 1404 1011 Non
1428 960 1636 1029 audisti,
1666 965 1714 1017 in
1737 966 1896 1035 priori

326 1040 549 1087 tractatu
596 1050 753 1104 quam
802 1039 942 1093 clare
990 1040 1144 1097 fuerit
1194 1048 1432 1103 oratione
1483 1051 1897 1109 detttonstratum

327 1120 470 1189 ipsas
512 1125 715 1180 animas
758 1126 1058 1184 Judteorum
1110 1143 1162 1186 et
1206 1134 1318 1190 loca
1367 1138 1418 1191 in
1467 1140 1656 1209 quibus
1677 1157 1899 1211 congre-

329 1221 521 1281 gantur
563 1229 594 1268 a
656 1215 986 1275 dtemonibus
1051 1222 1313 1281 habitari?
1365 1228 1640 1295 Quomodo
1701 1234 1896 1302 igitur,

327 1318 528 1371 qua‘so.
574 1306 758 1371 audes,
788 1310 997 1379 agitatis
1040 1329 1158 1368 cum
1204 1318 1530 1374 dmmonibus
1571 1321 1804 1392 choreis,
1836 1327 1899 1377 ad

328 1394 688 1462 apostolorum
720 1410 913 1455 coetum
946 1404 1162 1460 redire?
1188 1408 1285 1476 Qui
1318 1410 1429 1465 ﬁeri
1460 1422 1632 1483 potest
1657 1426 1731 1480 ut,
1780 1434 1899 1471 cum

328 1484 557 1550 abieris,
605 1496 659 1542 et
707 1503 828 1545 cum
876 1492 977 1548 illis
1032 1501 1530 1568 communicaveris,
1574 1506 1663 1576 qui
1709 1507 1899 1562 Christi

329 1577 639 1645 sanguinem
667 1580 983 1650 eﬂ'uderunt,
1034 1603 1138 1641 non
1168 1589 1383 1646 horreas
1423 1595 1624 1662 venire,
1657 1606 1709 1651 et
1738 1613 1901 1652 sacra:

330 1681 529 1759 mens-te
548 1674 965 1759 communicare,
1014 1693 1076 1733 ac
1104 1682 1317 1748 pretiosi
1345 1687 1613 1755 sanguinis
1642 1691 1903 1759 particeps

331 1755 488 1809 ﬁeri?
517 1758 628 1813 Non
659 1760 862 1830 horres,
903 1782 1007 1822 non
1041 1770 1213 1838 times,
1246 1788 1364 1828 cum
1394 1777 1513 1830 talia
1555 1755 1754 1834 scelera
1785 1755 1905 1850 petr-

332 1850 551 1915 petres?
577 1850 690 1906 Non
720 1870 954 1911 mensam
982 1859 1145 1927 ipsam
1174 1872 1475 1920 revereris‘l
1504 1868 1592 1922 llis
1613 1884 1712 1941 ego
1732 1873 1904 1927 verbis

332 1950 430 1992 vos
458 1939 760 2010 alloquutus
805 1962 943 2014 sum,
976 1950 1058 2004 his
1088 1968 1181 2008 vos
1211 1955 1327 2009 illos
1352 1966 1402 2011 et
1434 1960 1505 2012 illi
1549 1939 1670 2014 suas
1714 1977 1905 2016 uxores

331 2026 671 2117 alloquentur
701 2050 715 2087 :
746 2034 1024 2105 ﬁdi/irate
1067 2042 1192 2096 alter
1241 2045 1451 2099 alterum
1502 2050 1577 2117 (1.
1628 2049 1799 2104 Thess.
1849 2052 1901 2106 5.

333 2115 447 2183 11).
483 2120 557 2171 Ac
582 2120 625 2172 si
649 2123 859 2190 quidem
902 2128 970 2182 sit
994 2131 1405 2188 catechumenos
1436 2115 1618 2206 is,iqui
1648 2138 1904 2207 ejusmodi

333 2207 521 2261 morbo
550 2209 771 2275 laborat,
804 2230 832 2267 a
864 2220 1119 2274 vestibulo
1145 2224 1322 2292 templi
1357 2236 1599 2280 arceatur
1630 2244 1645 2282 :
1673 2230 1752 2281 sin
1782 2228 1906 2284 lide-

332 2296 399 2348 lis
422 2312 487 2352 ac
529 2303 796 2370 mysteriis
840 2306 1092 2373 initiatus,
1120 2325 1147 2364 a
1186 2326 1335 2367 sacra
1376 2330 1556 2369 mensa
1603 2317 1902 2385 repellatur.

333 2387 514 2457 Neque
540 2392 679 2445 enim
706 2393 1073 2455 exhortatione
1114 2415 1177 2456 ac
1201 2404 1423 2459 consilio
1461 2405 1694 2475 indigent
1719 2417 1905 2461 cuncta

334 2488 571 2547 peccata,
611 2482 704 2537 sed
749 2496 869 2540 sunt
896 2503 1013 2558 quae
1060 2490 1204 2545 brevi
1234 2502 1284 2546 et
1313 2494 1586 2548 celerrima
1628 2496 1797 2551 solent
1824 2510 1910 2552 se-

331 2570 511 2621 ctione
539 2574 732 2627 curari.
764 2575 826 2631 Et
872 2581 1311 2647 quemadmodum
1358 2585 1494 2639 inter
1521 2586 1759 2651 vulnera,
1790 2603 1908 2655 qua:

335 2658 687 2716 tolerabiliora
741 2674 878 2729 Sunt,
915 2668 1200 2724 lenioribus
1239 2674 1428 2727 cedunt
1469 2674 1901 2742 medicamentis,

332 2763 453 2817 qua:
485 2765 605 2803 vero
634 2756 917 2820 putrefacta
947 2770 1068 2814 sunt
1095 2771 1148 2815 et
1176 2762 1500 2830 iucurabilia,
1535 2781 1757 2837 quicque
1784 2767 1908 2821 reli-

1020 297 1085 352 IN
1120 299 1246 356 EOS
1284 302 1397 369 QUI
1440 304 1700 361 PASCllA
1738 307 2100 367 JEJUN.\NT.
2141 311 2495 367 ADVERSUS
2535 312 2674 368 JUD.
2721 313 2805 368 Ill.

3458 338 3565 392 83:2

1996 444 2155 495 quum
2200 445 2393 498 corpus
2416 431 2789 500 depascuntur,
2817 434 3057 487 acumine
3086 434 3209 489 ferri
3253 436 3565 507 ﬂammaque

1997 518 2231 587 indigent
2262 537 2275 573 :
2303 520 2381 574 sic
2406 522 2650 576 nimirum
2675 530 2729 576 et
2753 522 2888 576 inter
2908 534 3143 591 peccata,
3175 540 3297 594 (iga
3327 527 3564 593 qua:de

1998 608 2264 676 prolixiori
2294 610 2660 665 cohortatione
2705 628 2836 681 opus
2879 622 2981 676 e51,
3032 624 3221 668 cetera
3265 614 3563 669 durioribtts

1997 707 2121 750 sunt
2163 699 2662 766 reprehensionibus
2707 703 3027 771 castiganda.
3075 702 3356 772 Propterea
3410 702 3568 771 jussit

1996 802 2205 856 quoque
2232 789 2418 842 Paulus
2450 806 2552 842 non
2582 791 2632 844 in
2663 793 2907 846 omnibus
2945 792 3305 847 cohortatione
3348 793 3443 858 uti,
3473 792 3565 846 sed

1998 885 2054 930 et
2102 877 2372 943 increpare
2398 878 2547 942 dttre,
2589 880 2666 932 sic
2693 880 2874 934 dicens
2904 899 2917 934 :
2949 881 3113 947 Quam
3157 880 3215 934 ob
3246 898 3450 933 causam
3489 882 3570 934 in-

2000 982 2148 1034 crepa
2190 967 2303 1020 illos
2338 967 2462 1021 dare
2500 968 2622 1038 (Tit.
2658 969 2707 1021 1.
2759 969 2863 1037 15).
2896 969 3227 1039 lucrepemus
3270 971 3424 1038 igitur
3451 970 3570 1023 illos

1996 1056 2104 1125 jam
2132 1057 2283 1122 dure,
2309 1066 2365 1109 ut
2390 1072 2509 1110 cum
2536 1058 2601 1110 ob
2626 1058 2796 1127 priora
2814 1058 3009 1121 fuerint
3034 1060 3232 1128 pudore
3258 1059 3461 1124 sull‘usi,
3481 1075 3568 1112 se-

2001 1160 2103 1211 que
2151 1145 2292 1212 ipsos
2339 1146 2757 1203 condemnat-int.
2791 1163 2894 1199 non
2934 1148 3157 1216 amplius
3198 1147 3568 1201 detrimentum

2002 1249 2062 1285 ex
2095 1232 2255 1300 iniqui
2291 1233 2471 1303 jejunii
2499 1234 2864 1288 observatione
2908 1237 3190 1303 patiantur.
3222 1235 3362 1301 Quas
3391 1236 3457 1286 ob
3486 1250 3569 1287 res

2003 1340 2101 1391 ego
2148 1340 2357 1393 quoque
2381 1340 2408 1376 a
2435 1326 2801 1380 cohortatione
2839 1326 3089 1393 deinceps
3127 1327 3394 1379 abstinens
3425 1325 3558 1377 obtee

2003 1425 2116 1467 stor
2167 1425 2220 1467 et
2265 1415 2456 1479 clamo,
2508 1415 2569 1469 Si
2609 1416 2717 1483 quis
2764 1433 2863 1468 non
2902 1424 3036 1468 amat
3085 1412 3353 1466 Dominum
3396 1412 3570 1466 Jesunt

2004 1504 2272 1569 Christum,
2318 1506 2382 1559 sit
2409 1505 2675 1557 anathema
2712 1506 2785 1573 (1.
2828 1502 2944 1558 Cor.
2972 1510 3054 1565 16.
3068 1502 3193 1575 2Ξ);
3225 1516 3450 1571 quonam
3476 1517 3570 1555 au-

2008 1605 2112 1649 tem
2146 1596 2333 1664 majori
2360 1606 2671 1666 argumento
2700 1612 2728 1649 a
2756 1612 2813 1650 se
2842 1612 2943 1651 non
2970 1598 3134 1651 amari
3171 1597 3443 1649 Dominum
3474 1610 3567 1664 po-

2007 1694 2111 1740 test
2153 1686 2291 1739 ullus
2319 1687 2619 1749 ostendere,
2652 1702 2806 1755 quam
2835 1686 2879 1740 si
2910 1686 3054 1740 festis
3093 1686 3299 1741 illorum
3329 1700 3568 1739 commu-

2008 1775 2165 1837 nicet,
2197 1791 2226 1829 a
2253 1790 2356 1844 quo
2396 1775 2483 1828 ille
2511 1774 2871 1830 l‘nitoccisus?
2911 1776 3016 1830 llos
3058 1790 3161 1829 non
3200 1790 3297 1846 ego
3337 1775 3569 1844 percussi

2006 1865 2362 1930 anathemate,
2393 1865 2485 1919 sed
2516 1865 2710 1919 Paulus
2743 1883 2755 1917 :
2788 1866 2894 1919 imo
2923 1881 3049 1919 vero
3091 1880 3196 1919 non
3220 1865 3327 1933 jam
3357 1864 3567 1929 Paulus,

2007 1954 2101 2009 sed
2138 1953 2396 2018 Christus,
2429 1957 2514 2024 qui
2546 1970 2639 2024 per
2665 1954 2808 2008 illntn
2836 1954 3084 2023 loquitur,
3113 1963 3166 2009 et
3194 1956 3244 2008 in
3272 1953 3571 2023 praeceden-

2010 2046 2147 2099 tibus
2176 2044 2325 2110 dixit,
2357 2046 2605 2111 Quoniam
2635 2046 2720 2115 qui
2744 2045 2794 2097 in
2820 2044 2925 2114 lege
2946 2044 3309 2113 justiﬁcantur,
3343 2060 3374 2095 a
3409 2044 3573 2114 gratia

2008 2134 2297 2187 exciderunt
2351 2133 2488 2202 (Gal.
2546 2135 2600 2188 5.
2651 2134 2728 2204 Δ).
2760 2132 2883 2187 "me
2931 2132 3035 2186 illis
3091 2132 3247 2186 verba
3300 2132 3477 2197 dicite,
3508 2146 3571 2185 ac

2007 2225 2299 2280 sententias
2352 2225 2451 2277 illis
2503 2224 2738 2284 recitate.
2789 2237 3013 2291 cumque
3041 2223 3183 2275 omni
3234 2236 3353 2275 cum
3397 2220 3572 2274 studio

2009 2331 2071 2370 ac
2097 2314 2361 2384 diligentia
2393 2315 2563 2367 Salvos
2589 2328 2679 2367 eos
2704 2312 2934 2367 feceritis
2958 2320 3010 2365 et
3033 2326 3099 2365 ex
3128 2309 3317 2364 diaboli
3342 2309 3572 2362 faticibus

2009 2406 2327 2474 eripueritis,
2375 2407 2425 2457 in
2455 2404 2540 2457 die
2577 2402 2762 2472 jejunii
2809 2401 2959 2455 nobis
2986 2400 3245 2463 adducite,
3280 2408 3335 2452 ut
3373 2407 3422 2451 ct
3455 2412 3573 2466 pro~

2010 2498 2156 2551 missi
2212 2497 2465 2565 reliquam
2524 2504 2725 2563 partem
2787 2500 3096 2562 prmstantes
3163 2506 3267 2543 uno
3313 2501 3573 2542 consensu

2011 2601 2220 2655 unoque
2249 2600 2342 2640 ore
2367 2600 2484 2639 eum
2513 2583 2760 2638 fratribus
2785 2582 2981 2637 nostris
3004 2578 3353 2649 gloriﬁcemus
3380 2577 3574 2641 Deum,

2011 2687 2065 2731 et
2093 2676 2301 2730 Patrem
2347 2674 2552 2728 Domini
2585 2673 2752 2729 nostri
2781 2671 2910 2727 Jesu
2954 2669 3170 2736 Christi,
3201 2669 3445 2737 quoniam
3478 2667 3574 2735 ipsi

2008 2766 2171 2835 gloria
2203 2767 2255 2819 in
2288 2766 2500 2820 saecula.
2536 2766 2726 2818 Amen.

338 2877 721 2901 ...μὴ

2010 2888 3576 2911 __—_——————-—_————

1198 2972 1279 3033 IN
1320 2973 1468 3036 EOS
1493 2975 1627 3049 QUI
1665 2973 1914 3037 PRIMO
1953 2973 2259 3035 PASCHA
2298 2971 2708 3032 JEJUNANT.

896 3206 1090 3248 οκλτιο
1128 3211 1342 3251 TERTIA.

415 3277 464 3329 1.
497 3275 698 3332 Rursus
738 3286 1090 3338 necessarium
1121 3288 1382 3355 quoddam
1418 3304 1470 3343 et
1512 3306 1704 3361 urgens
1736 3309 1901 3363 nego-

330 3368 475 3429 ,tium
501 3383 707 3431 eorum,
730 3386 849 3441 quas
878 3390 1044 3442 nuper
1071 3377 1207 3431 dieta
1235 3388 1376 3443 sunt,
1400 3382 1594 3434 seriem
1624 3383 1904 3436 interrum-

342 3470 473 3525 pens
515 3459 581 3511 ad
612 3462 839 3530 seipsutu
868 3468 1159 3520 orationem
1199 3470 1451 3533 traducit,
1490 3480 1542 3524 ιιι
1584 3487 1612 3524 a
1651 3476 1906 3542 susceptis

341 3560 463 3600 cum
493 3547 755 3609 haereticis
793 3556 1167 3611 certaminibus
1209 3559 1365 3615 hodie
1393 3576 1487 3614 nos
1514 3564 1743 3618 abducit.
1774 3566 1904 3620 Nam

346 3651 444 3689 nos
474 3639 684 3706 quidem
732 3658 917 3698 rursus
958 3645 1024 3699 de
1053 3645 1326 3717 Unigeniti
1351 3650 1515 3719 gloria
1546 3656 1702 3708 verba
1735 3656 1907 3712 facere

342 3728 407 3779 ad
440 3730 711 3784 caritatem
743 3747 966 3788 vestram
997 3740 1158 3806 parati
1187 3757 1397 3796 eramus
1423 3760 1437 3795 :
1467 3744 1557 3798 sed
1600 3761 1781 3800 eorum
1820 3751 1906 3818 qui

346 3821 517 3887 primo
560 3822 759 3877 Pascha
799 3826 1039 3894 jejunant
1077 3831 1369 3898 importuna
1415 3837 1680 3890 contentio
1709 3837 1907 3892 doctri-

348 3925 469 3961 nam
496 3927 708 3966 onmem
737 3926 970 3970 nostratn
1001 3920 1138 3989 cogit
1164 3920 1421 3977 hodierno
1449 3925 1533 3977 die
1565 3936 1725 3979 totam
1755 3930 1804 3981 in
1833 3930 1909 3984 iis

345 4002 594 4056 curandis
624 4008 888 4074 occupari.
936 4008 1064 4062 Nam
1095 4020 1149 4064 et
1190 4011 1355 4066 boum
1388 4026 1566 4083 pastor
1609 4034 1711 4070 non
1758 4018 1910 4088 lupos

343 4093 510 4163 abigit
538 4097 707 4149 solmn
728 4140 742 4164 ,
776 4100 866 4153 sed
898 4109 952 4153 et
996 4103 1219 4168 pecudes
1250 4117 1567 4174 :cgrotantes
1603 4126 1721 4162 etttn
1766 4112 1909 4163 omni

346 4185 703 4243 sollicitudine
741 4202 932 4246 curat:
966 4195 1090 4263 quid
1128 4198 1266 4249 enim
1313 4199 1558 4266 prodest,
1592 4202 1728 4269 quod
1769 4202 1908 4257 fera-

345 4289 463 4329 rum
492 4290 583 4329 ora
612 4292 795 4347 greges
824 4282 1055 4347 evitent,
1086 4283 1130 4336 si
1174 4286 1373 4341 morbis
1417 4289 1639 4342 confecti
1678 4292 1909 4344 morian-

346 4365 477 4419 tur?
506 4366 594 4419 Sic
622 4379 674 4420 et
705 4371 933 4437 optimus
965 4372 1249 4440 imperator
1278 4391 1380 4429 non
1413 4377 1679 4431 machinas
1710 4389 1910 4434 tantum

349 4458 644 4525 propulsat,
670 4461 760 4512 sed
787 4470 937 4516 antea
963 4461 1222 4518 seditione
1246 4475 1561 4520 commotam
1584 4469 1765 4522 urbem
1791 4484 1909 4523 cum

347 4546 519 4615 seipsa
553 4550 875 4613 reconciliat,
908 4566 1026 4605 cum
1060 4557 1221 4620 probe
1253 4556 1452 4608 noverit
1482 4556 1610 4609 nihil
1641 4567 1913 4612 externam

349 4638 620 4691 victoriam
671 4640 1034 4709 profuturam,
1081 4646 1328 4714 quamdiu
1375 4647 1515 4699 intus
1562 4649 1729 4701 civilia
1780 4650 1912 4703 bella

350 4732 755 4797 permanserint.
809 4734 870 4787 Ut
916 4745 1090 4789 autem
1137 4737 1393 4806 iu'elligas
1434 4738 1498 4792 ad
1547 4740 1814 4794 interitum
1854 4757 1916 4797 ac

355 4823 640 4890 perniciem
674 4825 803 4879 nihil
835 4843 982 4895 atque
1009 4844 1071 4883 ac
1097 4830 1407 4884 seditionem
1437 4840 1489 4885 et
1527 4833 1916 4886 contentionem

350 4913 556 4977 valere,
588 4915 707 4969 audi
739 4918 859 4984 quid
893 4918 1132 4973 Christus
1157 4920 1296 4973 dicat
1328 4940 1340 4975 :
1369 4920 1591 4992 Regnum
1621 4922 1672 4975 in
1701 4924 1918 4990 seipsum

351 5005 563 5060 divisum
585 5024 683 5061 non
707 5008 852 5061 stabit
875 5009 1082 5076 (Matth.
1110 5011 1193 5065 12.
1218 5011 1333 5082 23).
1360 5012 1590 5065 Tametsi
1612 5014 1733 5082 quid
1758 5028 1918 5083 regno

353 5098 653 5166 potentius,
701 5099 788 5152 ubi
838 5101 1174 5167 pecuniarum
1222 5111 1535 5169 proventus,
1581 5111 1634 5157 et
1677 5117 1823 5156 arma
1868 5114 1923 5159 ct

351 5188 486 5240 muri
528 5200 580 5241 et
613 5193 1000 5257 propugnacula
1040 5201 1092 5245 et
1136 5202 1310 5247 tantus
1339 5194 1559 5246 tnilitum
1590 5209 1840 5248 numerus
1867 5204 1922 5249 et

352 5278 472 5346 equi
518 5286 573 5331 ct
608 5278 708 5331 alia
757 5281 1027 5334 innumera
1054 5323 1068 5341 ,
1111 5297 1226 5349 quae
1270 5284 1458 5336 multas
1487 5283 1626 5337 vires
1667 5284 1919 5350 suppedi-

353 5374 507 5423 tant?
541 5370 905 5425 Verumtamen
947 5383 1087 5427 tanta
1118 5376 1345 5441 potentia
1374 5376 1654 5442 di~sipatur
1678 5390 1800 5428 cum
1831 5390 1922 5442 per

348 5461 629 5515 tlissidium
662 5463 712 5515 in
743 5464 970 5531 seipSam
1012 5464 1251 5533 insurgit.
1296 5465 1433 5520 Nihil
1467 5467 1603 5519 enim
1649 5466 1922 5520 imbecilli-

356 5561 517 5606 tatem
546 5550 679 5606 adeo
710 5568 896 5620 parare
921 5554 1076 5616 solet,
1107 5565 1160 5607 ttt
1188 5557 1296 5608 rixa
1325 5565 1377 5609 et
1405 5556 1672 5609 contentio
1697 5573 1710 5609 :
1738 5570 1923 5623 quem-

355 5643 644 5699 admodum
672 5642 799 5697 nihil
830 5643 959 5700 adeo
982 5646 1118 5698 vires
1148 5645 1200 5695 et
1224 5645 1531 5716 potentiam,
1558 5660 1619 5699 ac
1651 5643 1841 5700 caritas
1870 5651 1921 5698 et

2009 3202 2312 3258 concordia.
2358 3200 2507 3269 Quod
2535 3215 2654 3255 eum
2700 3198 3010 3266 intelligeret
3056 3194 3306 3250 Salomon
3345 3194 3572 3260 dicebat,

2010 3292 2193 3346 Frater
2217 3292 2302 3363 qui
2327 3291 2600 3357 adiuvatur
2633 3306 2666 3342 a
2694 3289 2850 3357 fratre
2869 3327 2885 3351 ,
2927 3285 3069 3358 quasi
3098 3286 3269 3338 duitas
3298 3283 3445 3351 ﬁrma
3466 3324 3480 3347 ,
3527 3293 3576 3336 et

2010 3385 2238 3438 clausum
2262 3391 2392 3436 recte
2417 3397 2621 3451 regnum
2653 3379 2827 3451 (Prov.
2853 3378 2939 3433 18.
2964 3378 3075 3449 19).
3110 3376 3264 3430 Vides
3289 3384 3481 3445 quanta
3506 3375 3576 3427 sit

1980 3472 2089 3531 “vis
2117 3474 2456 3531 concordia?
2485 3480 2736 3542 quantum
2763 3470 3118 3525 contentionis
3158 3468 3574 3523 detrimentum?

2011 3569 2248 3638 Regnum
2293 3567 2553 3621 seditione
2597 3564 2820 3618 divisum
2860 3562 3195 3622 dissolvitur,
3240 3561 3344 3615 duo
3369 3574 3493 3614 vero
3520 3562 3575 3615 in

2012 3673 2170 3710 unum
2214 3657 2378 3726 juncti
2421 3664 2475 3710 et
2514 3655 2649 3709 inter
2692 3669 2750 3708 se
2778 3653 3005 3707 devincti
3037 3655 3202 3721 magis
3225 3667 3381 3721 quam
3411 3651 3573 3705 ulluttt

2016 3749 2459 3817 propugnaculum
2486 3754 2609 3799 sunt
2654 3743 3054 3812 insuperabilcs.
3086 3744 3161 3796 Ac
3186 3744 3295 3795 scio
3335 3739 3577 3809 equidem

2014 3854 2107 3906 per
2136 3837 2225 3890 Dei
2254 3837 2475 3906 gratiam
2503 3836 2759 3904 potiorem
2788 3833 2943 3902 hujus
2968 3832 3141 3902 gregis
3166 3840 3368 3900 partem
3394 3829 3460 3881 ab
3482 3828 3580 3883 hac

2014 3925 2323 3992 :rgritudine
2349 3925 2633 3977 immunem
2662 3938 2800 3986 esse,
2842 3930 2895 3975 et
2933 3937 3129 3991 paucos
3156 3921 3396 3974 morbum
3428 3920 3574 3973 inva-

2014 4016 2166 4075 sisse,
2198 4031 2301 4068 non
2331 4025 2503 4067 tamen
2533 4014 2729 4067 idcirco
2755 4022 2833 4067 cst
2861 4013 3064 4065 curatio
3092 4010 3417 4080 negligenda.
3446 4010 3578 4063 Nam

2021 4108 2113 4162 etsi
2136 4106 2318 4159 decem
2350 4114 2573 4169 tantmn,
2616 4104 2714 4158 etsi
2741 4104 2990 4172 quinque,
3025 4103 3121 4154 etsi
3150 4101 3275 4165 duo,
3318 4101 3415 4153 etsi
3445 4116 3581 4154 ttnus

2017 4206 2219 4248 tantum
2251 4204 2391 4248 eSset
2422 4204 2667 4262 a-grotns,
2717 4207 2783 4246 ne
2823 4192 2900 4246 sic
2939 4192 3149 4259 quidem
3195 4190 3382 4258 negligi
3418 4204 3579 4256 opor-

2018 4295 2168 4339 teret.
2198 4285 2344 4339 Licet
2368 4285 2509 4338 enim
2537 4284 2620 4337 vel
2645 4299 2779 4336 unus
2808 4282 2875 4335 sit
2903 4281 3019 4334 vilis
3048 4290 3100 4333 et
3126 4280 3389 4346 :tbjectus,
3423 4279 3581 4332 frater

2017 4385 2191 4430 tamen
2238 4382 2320 4429 est
2365 4385 2578 4442 propter
2621 4388 2777 4440 quem
2825 4378 3063 4425 mortuus
3107 4380 3183 4421 est
3214 4368 3491 4433 Christus,
3527 4376 3582 4422 et

2016 4480 2260 4533 magnam
2291 4462 2469 4517 vilium
2512 4461 2768 4515 rationem
2797 4460 2952 4513 habet
2981 4458 3238 4513 Christus.
3277 4457 3584 4526 Quicumque

2018 4552 2449 4617 scandalizaverit,
2483 4551 2679 4619 inquit,
2709 4564 2864 4601 unum
2891 4547 2954 4601 de
2981 4547 3174 4617 pusillis
3204 4547 3339 4611 istis,
3384 4547 3586 4614 expedit

2018 4645 2081 4710 ei,
2106 4654 2159 4695 ut
2182 4643 2517 4713 snspendatur
2543 4641 2674 4694 mola
2700 4638 2922 4692 asinaria
2946 4639 2998 4690 in
3019 4637 3148 4690 collo
3171 4638 3278 4706 ejus
3322 4647 3366 4688 et
3393 4636 3581 4689 denter-

2018 4747 2165 4806 gatur
2196 4737 2245 4788 in
2273 4752 2409 4787 mare
2437 4732 2646 4804 (Matth.
2675 4730 2833 4799 18.6)
2863 4747 2877 4780 :7
2898 4738 2953 4782 et
2980 4743 3179 4789 rursus,
3209 4726 3459 4790 Quamdiu
3481 4741 3585 4778 non

2020 4831 2202 4898 fecistis
2241 4829 2327 4880 nni
2371 4828 2431 4879 de
2459 4824 2727 4878 minoribus
2756 4822 2856 4887 his,
2903 4838 2990 4874 nec
3037 4821 3158 4872 mihi
3205 4816 3389 4883 fecistis
3451 4816 3469 4884 (
3493 4812 3581 4869 Id.

2020 4922 2105 4975 25.
2138 4918 2245 4989 45)
2274 4936 2286 4970 :
2314 4926 2368 4971 et
2395 4932 2577 4970 rursus
2596 4956 2611 4977 ,
2643 4914 2760 4967 Non
2788 4922 2860 4965 est
2893 4912 3118 4965 voluntas
3135 4916 3254 4961 ante
3274 4909 3472 4963 Patrem
3498 4921 3583 4956 ve—

2023 5022 2201 5072 strum,
2225 5011 2310 5069 aui
2340 5010 2391 5061 in
2420 5008 2554 5060 cwlis
2584 5016 2652 5059 est
2674 5046 2689 5069 ,
2728 5014 2781 5057 ut
2815 5013 2979 5071 pereat
3005 5017 3131 5053 unus
3158 5001 3219 5051 de
3244 4997 3438 5067 pusillis
3477 4995 3585 5047 istis

2024 5101 2146 5169 (Id.
2203 5100 2289 5153 l8.
2338 5098 2448 5167 14).
2494 5098 2683 5150 Annon
2740 5095 2894 5163 igitur
2942 5089 3224 5143 absurdum
3258 5096 3357 5148 est,
3388 5085 3431 5136 si
3465 5099 3583 5136 cum

2022 5192 2264 5247 Christus
2290 5188 2593 5258 pusillorum
2623 5193 2818 5237 tantam
2842 5196 3018 5235 curam
3044 5186 3209 5246 gertl,
3237 5190 3331 5227 nos
3357 5188 3450 5227 eos
3479 5187 3585 5240 prie

2023 5280 2221 5335 desidia
2243 5273 2678 5332 contemnamus?
2699 5272 2814 5326 Noli
2845 5271 2943 5322 hoc
2966 5267 3161 5328 dicere,
3186 5278 3320 5317 unus
3344 5271 3442 5323 est,
3467 5259 3584 5325 sed,

2025 5384 2160 5423 unus
2204 5375 2535 5433 Contemptus
2566 5362 2806 5415 morbum
2854 5356 3175 5411 transmittet
3211 5352 3276 5405 ad
3319 5359 3585 5404 catteros:

2026 5459 2282 5513 Modicum
2309 5457 2439 5507 enim
2468 5458 2796 5523 fermentum,
2830 5446 3029 5514 inquit,
3058 5452 3211 5496 totam
3237 5455 3450 5495 massam
3477 5442 3587 5509 fer-

2024 5558 2209 5603 mentat
2235 5544 2373 5615 (Gal.
2398 5545 2448 5599 5.
2478 5543 2552 5608 9).
2578 5542 2747 5608 Atque
2777 5537 2877 5591 hoc
2904 5543 2989 5590 est
3030 5531 3169 5602 quod
3206 5532 3380 5583 (nimia
3420 5533 3597 5597 perdit

2025 5656 2085 5696 ac
2128 5636 2388 5703 destruit,
2437 5632 2574 5704 quod
2618 5628 2833 5702 pusillos
2879 5638 3269 5698 aspernemur:
3313 5630 3589 5691 ιντονῑριϊξτι
