4084 6186
467 341 570 396 8ϋό

472 471 659 525 magna
687 455 816 512 fiunt
843 455 1038 521 ulcera,
1065 454 1512 526 quemadmodum
1541 452 1651 508 fere
1681 456 1756 518 tit,
1783 463 1838 508 ut
1865 467 2050 523 magna

471 549 598 602 fiant
623 549 841 618 exigua,
873 549 916 603 si
945 547 1269 602 conveniens
1297 559 1422 600 cura
1449 547 1518 601 sit
1545 545 1800 599 adhibita.

493 646 510 659 ’
547 636 690 691 Nihil
733 639 1047 690 contentione
1087 637 1232 707 pejus
1275 637 1327 689 in
1373 634 1622 689 Ecclesia.
1647 665 1718 675 --
1743 635 1855 690 lloc
1897 635 2054 705 igitur

473 729 696 795 primum
744 728 846 782 illis
888 728 1145 791 dicimus,
1191 729 1531 783 contentione
1577 743 1853 798 pugnaque
1903 728 2053 797 pejus

472 821 602 874 nihil
639 834 786 886 esse,
819 829 909 872 aut
947 820 989 872 si
1023 819 1259 874 Ecclesia
1299 818 1650 888 disecrpatur,
1677 828 1728 873 et
1760 820 1934 872 tunica
1964 833 2048 884 ea,

471 929 624 980 quam
652 912 982 979 disrumpere
1013 911 1246 966 latrones
1296 927 1400 965 non
1432 912 1543 964 ausi
1574 921 1730 978 sunt,
1765 912 1814 964 in
1857 910 2051 964 multas

472 1012 644 1070 partes
669 1002 952 1055 dividatur.
983 1001 1096 1055 Non
1127 1001 1394 1055 sufficiunt
1424 1001 1640 1071 reliqum
1671 1003 1922 1065 lnereses,
1953 1002 2050 1054 nisi

469 1110 565 1147 nos
615 1094 712 1162 ipsi
765 1111 859 1148 nos
901 1093 1250 1148 dividamus?
1292 1094 1404 1148 Non
1437 1103 1490 1148 ιιι
1523 1095 1741 1148 Paulum
1785 1093 2052 1148 dicentem

467 1185 619 1241 audis
640 1229 652 1248 ,
695 1187 844 1252 Quod
872 1186 914 1239 si
944 1186 1152 1239 invicem
1183 1185 1442 1250 mordetis,
1475 1194 1520 1238 et
1547 1185 1804 1238 comeditis
1827 1224 1843 1248 ,
1892 1183 2054 1236 videte

468 1296 530 1332 nc
558 1280 619 1332 ab
651 1280 858 1332 invicem
887 1278 1253 1331 consumamini
1283 1275 1302 1348 (
1323 1275 1436 1330 Gal.
1467 1278 1515 1331 5.
1544 1277 1648 1348 15)
1675 1278 1699 1329 '!
1733 1277 1897 1330 Extra
1925 1291 2051 1345 gre-

468 1387 585 1439 gem
625 1371 901 1433 ambulas,
947 1379 1001 1425 et
1048 1369 1256 1424 leonem
1304 1369 1431 1424 foris
1475 1371 1890 1424 circumeuntem
1947 1384 2050 1422 non

471 1463 668 1517 limes?
713 1461 1042 1516 Adversarius
1087 1463 1216 1515 enim
1260 1472 1422 1515 vester
1466 1471 1718 1532 tamquam
1751 1461 1826 1514 leo
1851 1461 2050 1527 circuit,

471 1556 660 1622 inquit,
691 1554 896 1624 rugiens
921 1563 965 1608 et
993 1569 1238 1622 quierens,
1267 1569 1413 1622 quem
1439 1553 1605 1622 rapiat
1632 1554 1709 1620 (ι.
1734 1551 1867 1604 Petr.
1896 1553 1945 1607 5.
1971 1551 2046 1620 8).

473 1644 603 1699 Vide
647 1645 958 1714 sapientiam
993 1643 1220 1713 pastoris
1251 1661 1262 1698 :
1297 1658 1468 1712 neque
1509 1643 1718 1712 reliquit
1748 1644 1889 1697 intus
1916 1645 2052 1696 inter

468 1749 595 1788 oves
619 1776 634 1801 ,
682 1750 749 1788 ne
787 1749 1002 1805 gregem
1037 1733 1475 1803 pcrtet'refaeeret
1503 1750 1515 1784 :
1546 1748 1718 1803 neque
1762 1733 1826 1786 ab
1856 1733 2051 1786 exteris

471 1825 600 1879 locis
626 1826 834 1894 abegit,
869 1835 924 1879 ut
972 1825 1162 1880 bellum
1193 1835 1332 1878 metu
1373 1836 1594 1879 cunctos
1635 1827 1773 1879 intus
1812 1835 2048 1894 cogeret.

469 1914 582 1968 Non
631 1917 894 1971 revereris
941 1925 1142 1985 patrem
1168 1916 1190 1969 ?
1231 1915 1506 1971 Inimicum
1537 1914 1822 1972 reformida
1853 1934 1865 1970 :
1896 1917 1939 1970 si
1971 1927 2049 1970 te-

472 2009 641 2075 ipsum
673 2021 700 2060 a
741 2022 900 2076 grege
927 2008 1206 2072 avulscris,
1256 2008 1346 2062 ille
1389 2008 1505 2063 sine
1531 2007 1694 2063 dubio
1725 2017 1774 2062 te
1800 2009 2049 2077 excipiet.

473 2098 685 2152 l'oterat
726 2099 938 2168 quidem
970 2099 1128 2151 etiam
1157 2099 1224 2151 ab
1260 2100 1455 2153 exteris
1483 2099 1614 2153 locis
1640 2099 1785 2152 illum
1813 2098 2054 2153 Christus

471 2189 684 2258 abigere
717 2207 729 2240 2
773 2188 865 2242 sed
913 2199 966 2242 ut
1015 2188 1254 2244 efficeret
1286 2199 1342 2242 ut
1370 2189 1646 2259 vigilares.
1691 2205 1755 2243 ac
1795 2191 2054 2244 sollicitus

469 2295 639 2346 esses,
687 2289 844 2347 atque
891 2280 955 2332 ad
1005 2290 1226 2333 matrem
1272 2294 1484 2348 semper
1525 2279 1877 2350 confugeres,
1927 2279 2055 2334 foris

476 2369 623 2422 illum
656 2370 830 2436 rugire
860 2370 1116 2438 permisit,
1151 2379 1205 2423 ut
1241 2370 1327 2438 qui
1369 2380 1489 2424 sunt
1522 2370 1682 2433 intus,
1713 2371 1835 2422 dum
1869 2386 2052 2425 vocem

473 2462 612 2516 illius
637 2462 878 2526 audiunt,
914 2463 1079 2533 magis
1105 2464 1436 2533 eopulentur,
1463 2473 1515 2518 et
1543 2464 1607 2516 ad
1636 2460 1694 2518 se
1719 2472 1904 2517 mutuo
1927 2481 2055 2517 con-

471 2553 689 2622 fugiant.
737 2555 807 2606 Ita
839 2571 1048 2624 quoque
1093 2563 1288 2608 matres
1319 2553 1514 2608 faciunt
1543 2555 1828 2609 liberorum
1867 2570 2052 2608 aman-

473 2655 572 2706 tes,
605 2646 793 2700 ﬂentes
823 2647 1111 2699 infantulos
1141 2646 1443 2716 frequenter
1472 2661 1530 2700 se
1559 2647 1694 2715 lupis
1724 2647 2054 2701 devorandos

472 2736 777 2802 objecturas
809 2735 1097 2800 minantur,
1129 2752 1233 2789 non
1264 2747 1319 2790 ιιι
1345 2738 1680 2806 objiciuntur,
1709 2737 1801 2792 sed
1830 2747 1884 2790 nt
1908 2738 2053 2792 desi-

474 2835 602 2880 nant
645 2826 924 2896 indignari.
975 2827 1260 2896 Propterea
1305 2827 1545 2882 Christus
1588 2830 1764 2882 omnia
1811 2827 1952 2894 fecit,
2001 2838 2056 2882 ut

475 2933 657 2987 pacem
685 2917 943 2982 colauius,
974 2926 1032 2972 ιιι
1056 2918 1326 2988 conjuncti
1365 2919 1502 2973 inter
1529 2935 1625 2974 nos
1653 2920 1840 2973 simus.

542 3009 596 3065 2.
641 3010 843 3066 Idcirco
891 3011 1051 3065 etiam
1103 3011 1297 3066 Paulus
1349 3027 1468 3066 cum
1525 3012 1824 3068 Corinthios
1877 3012 2056 3067 multis

473 3102 784 3170 magnisque
804 3101 871 3156 de
899 3101 1056 3157 rebus
1082 3118 1335 3158 accusare
1357 3112 1534 3172 posset
1555 3118 1618 3157 ac
1638 3102 2051 3173 reprehendere,

473 3194 611 3247 nulla
643 3193 709 3246 de
755 3209 812 3247 re
851 3195 953 3248 aha
987 3195 1151 3262 prius,
1183 3209 1340 3264 quam
1382 3195 1449 3249 de
1492 3195 1586 3247 ista
1619 3196 1904 3248 aecusavit.
1950 3194 2054 3250 Sed

471 3303 589 3339 cum
623 3287 688 3340 de
730 3285 1078 3343 fornicatione
1110 3299 1288 3357 possct
1330 3289 1445 3341 illus
1485 3305 1764 3353 accusare,
1805 3291 1872 3345 de
1901 3305 2052 3343 arro-

471 3378 668 3445 gantia,
692 3377 759 3431 de
791 3377 1023 3447 profanis
1049 3379 1282 3446 judiciis,
1321 3380 1388 3434 de
1413 3381 1670 3433 conviviis
1697 3381 1749 3434 in
1781 3381 1916 3435 fanis
1945 3381 2057 3434 ido-

475 3469 668 3529 lorum,
693 3471 938 3540 quodque
961 3471 1210 3525 mulieres
1232 3471 1444 3540 quidem
1469 3474 1641 3540 capita
1670 3489 1773 3525 non
1797 3473 2054 3535 volarent,

475 3560 718 3614 homines
758 3571 932 3617 autem
975 3561 1024 3616 id
1071 3572 1317 3632 agerent,
1357 3572 1409 3618 et
1440 3580 1559 3616 cum
1602 3564 1685 3619 his
1714 3565 1961 3619 onmilms
1989 3564 2059 3618 ob

476 3652 770 3718 neglectum
801 3667 1090 3721 pauperum
1119 3665 1172 3707 et
1201 3655 1432 3707 innatam
1467 3656 1569 3708 illis
1589 3654 1657 3707 ob
1682 3656 1817 3707 dona
1841 3656 2058 3724 spiritus

475 3742 865 3811 arrogantiam,
914 3753 967 3796 et
1012 3743 1078 3798 de
1125 3759 1406 3813 Corporum
1455 3748 1892 3800 resurrectione:
1936 3761 2056 3800 cmn

475 3833 634 3886 etiam
666 3843 858 3901 praeter
887 3834 1000 3888 lucc
1027 3837 1204 3889 omnia
1238 3848 1411 3905 posset
1448 3839 1565 3890 illos
1595 3838 1663 3892 ob
1691 3839 2061 3894 contentiones

476 3939 538 3978 ac
567 3924 782 3978 dissidia
827 3926 963 3980 inter
993 3926 1112 3981 illos
1142 3935 1326 3982 exorta
1359 3931 1654 3998 Castigare,
1689 3930 2060 3997 pra-tcrmissis

475 4016 686 4070 cazteris
716 4018 962 4072 otnnibus
1004 4017 1132 4072 illttd
1179 4021 1326 4090 prius
1370 4021 1605 4087 eorrigit.
1658 4023 1732 4072 Ac.
1779 4022 1878 4074 nisi
1929 4023 2061 4074 forte

478 4106 658 4160 \idear
685 4107 897 4160 taedium
939 4122 1146 4177 parere,
1177 4108 1227 4162 id
1258 4124 1323 4163 ex
1354 4109 1480 4178 ipsis
1508 4109 1649 4162 l‘anli
1681 4112 1856 4164 \et'ltiS
1881 4121 2062 4164 osten-

474 4199 619 4252 dant.
652 4214 771 4250 cuin
799 4198 867 4252 de
892 4199 1138 4255 omnibus
1165 4201 1271 4254 illis
1300 4217 1393 4255 eos
1423 4213 1602 4271 posset
1628 4218 1898 4264 accusare,
1931 4204 2060 4257 nihil

477 4308 582 4360 pne
619 4292 718 4345 isto
746 4305 1043 4348 correctum
1087 4293 1154 4349 ab
1183 4294 1273 4349 illo
1303 4294 1488 4351 fuisse.
1535 4294 1665 4349 Nam
1701 4295 1818 4350 illos
1845 4296 2060 4365 quidem

474 4399 594 4438 csse
627 4382 912 4440 fornicatus
939 4386 1058 4440 attdi
1091 4403 1196 4456 quo
1225 4395 1378 4456 pacto
1406 4397 1584 4442 narret
1613 4405 1625 4441 :
1663 4388 1882 4442 Omnino
1909 4390 2062 4441 audi-

475 4485 556 4528 tur
583 4477 712 4530 inter
750 4492 835 4530 vos
871 4479 1136 4548 foruicatio
1165 4481 1257 4550 (1.
1282 4479 1402 4536 Cor.
1427 4481 1529 4536 5.1
1561 4481 1601 4547 ).
1645 4480 1812 4535 Porro
1855 4481 2064 4536 inflatos

476 4570 637 4625 etiam
667 4571 785 4624 illos
810 4571 972 4627 fuisse
993 4613 1006 4634 ,
1039 4583 1090 4627 et
1119 4574 1169 4627 in
1201 4574 1502 4644 superbiam
1540 4575 1708 4628 elatos
1739 4593 1751 4628 :
1782 4573 2062 4646 Tamquam

477 4681 579 4717 non
603 4674 838 4719 uenturus
863 4664 956 4719 sim
981 4667 1048 4719 ad
1074 4683 1181 4732 eos,
1204 4667 1276 4721 sic
1306 4667 1472 4736 inﬂati
1511 4677 1627 4720 sunt
1650 4667 1856 4732 quidam
1897 4667 2059 4737 (Ibid.

477 4757 666 4831 4.13).
695 4758 845 4826 Quod
885 4767 1066 4812 autem
1112 4771 1295 4812 rursus
1339 4757 1488 4823 foris,
1539 4767 1593 4812 et
1633 4758 1769 4825 apud
1814 4759 2063 4826 profanos

472 4851 676 4925 judicio
719 4850 1106 4905 contenderent
1149 4849 1358 4903 :Audet
1403 4851 1588 4919 aliquis
1618 4860 1833 4902 vestrum
1878 4850 2064 4930 habens

478 4943 728 5014 negotium
765 4942 1002 4994 adversus
1041 4940 1254 4993 alterum
1273 4940 1502 5011 judicari
1532 4941 1670 5010 apud
1697 4941 1928 5008 inﬁdeles
1955 4940 2060 5010 (Ib.

476 5040 529 5090 (ἰ.
559 5035 611 5106 1)
632 5034 655 5072 ν
684 5033 834 5100 Quod
863 5044 1038 5086 autem
1073 5031 1362 5102 idolothyta
1388 5033 1752 5099 comederent,
1781 5032 1900 5085 Non
1924 5043 2065 5101 pote-

477 5127 567 5180 stis
597 5140 781 5178 mensa?
812 5122 1014 5176 Domini
1043 5123 1310 5190 participes
1339 5138 1464 5184 esse,
1497 5131 1541 5175 et
1572 5139 1756 5175 mensa:
1783 5122 2063 5176 daemonio-

479 5236 588 5271 rum
645 5215 749 5284 (Ib.
806 5217 870 5270 10
941 5214 1055 5285 21).
1097 5214 1353 5283 Quodque
1394 5213 1644 5266 mulieres
1695 5213 1913 5266 minimc
1968 5227 2065 5266 ve-

481 5313 734 5369 larentnr,
765 5308 855 5361 sed
893 5308 990 5360 viri
1015 5319 1199 5361 contra
1230 5307 1550 5371 velat-cntur,
1581 5305 1701 5358 audi
1733 5304 1924 5372 quibus
1947 5317 2065 5356 ver-

482 5401 561 5454 bis
603 5416 696 5454 eos
738 5401 1005 5465 castiget:
1053 5399 1229 5449 ()mnis
1274 5397 1346 5449 vir
1390 5413 1576 5458 orans,
1624 5405 1710 5448 aut
1761 5397 2066 5464 pmphetans

479 5498 640 5549 uelan
662 5498 840 5564 capite.
869 5498 1101 5560 deturpat
1129 5504 1276 5561 caput
1304 5510 1449 5546 suum
1476 5508 1494 5545 :
1517 5493 1676 5545 omnis
1696 5501 1860 5543 autem
1889 5489 2067 5541 mulier

481 5605 631 5640 orans
660 5599 742 5637 aut
775 5589 1078 5652 prophetam
1118 5603 1215 5639 non
1247 5587 1404 5638 velato
1435 5585 1618 5652 capite,
1646 5584 1882 5651 deturpat
1911 5592 2064 5651 caput

483 5695 629 5732 suum
657 5676 761 5736 (Ib.
809 5678 887 5731 ιι.
929 5677 981 5729 4.
1023 5680 1100 5742 5).
1127 5679 1193 5729 At
1243 5677 1359 5730 illos
1390 5691 1648 5745 pauperes
1673 5678 2066 5743 contempsisse

483 5774 812 5849 significavit
847 5773 1005 5824 etiam
1053 5785 1174 5825 cum
1225 5770 1353 5824 dixit
1399 5786 1410 5824 :
1453 5771 1592 5823 Alius
1637 5770 1836 5840 quidem
1886 5770 2060 5835 esurit,

1215 342 1272 397 S.
1312 341 1590 398 JOANNIS
1625 339 2096 397 CllﬂYSUS’IOMl
2136 337 2452 394 AllCllliﬁl’.
2495 339 3024 394 CONSTA‘NTINOP.

3640 344 3748 398 8M

2164 449 2299 503 alius
2327 461 2492 502 autem
2523 450 2686 503 ebrius
2717 460 2788 503 est
2815 450 2890 522 (Ι.
2912 449 3030 506 Cor.
3061 451 3146 506 Il.
3169 450 3263 522 21)
3290 470 3302 504 :
3335 460 3387 506 et
3415 468 3622 519 rursus,
3642 457 3747 512 Aut

2162 542 2443 596 Ecclesium
2476 541 2567 596 Dei
2592 544 2908 596 contemnitis
2929 584 2944 608 ,
2973 554 3019 598 et
3047 544 3362 614 confunditis
3386 562 3471 599 eos
3491 588 3506 608 ,
3535 548 3619 614 qui
3645 566 3748 603 non

2165 634 2350 689 habent
2375 633 2484 704 (Ib.
2508 651 2555 688 υ.
2584 635 2679 706 2‘2)
2704 637 2726 689 ?
2766 637 3029 702 Quoniam
3056 647 3233 692 autem
3260 638 3324 692 ad
3368 639 3570 708 majora
3608 640 3748 698 dona

2161 727 2338 781 cuncti
2365 725 2557 796 cupide
2585 727 2928 794 accedebant,
2952 737 3006 782 et
3027 729 3231 782 minora
3260 744 3418 784 nemo
3440 731 3744 802 recipiebat,

2160 818 2238 873 sic
2263 819 2337 873 ait
2362 837 2378 876 :
2401 817 2663 888 Numquid
2687 835 2857 873 omnes
2880 819 3103 888 apostoli
3120 821 3145 874 .9
3167 821 3413 890 numquid
3434 838 3604 876 omnes
3627 840 3750 893 pro-

2163 908 2324 977 pheta:
2374 907 2477 983 (Ib.
2506 909 2772 979 12.9.9)?
2824 909 2990 964 Porro
3039 909 3106 963 de
3160 912 3555 968 resurrectione
3610 929 3748 983 quo-

2160 1018 2265 1071 que
2293 1003 2562 1056 dubitasse
2592 1004 2708 1057 illos
2737 1020 2798 1057 ex
2833 1004 2912 1059 his
2944 1005 3162 1074 colliges
3194 1023 3207 1059 :
3237 1005 3342 1060 Sed
3381 1006 3513 1061 dicet
3543 1009 3743 1078 aliquis,

2159 1096 2407 1162 quomodo
2428 1106 2695 1166 resurgunt
2717 1098 2901 1149 mortui
2921 1097 2946 1151 7
2965 1098 3106 1163 quali
3125 1107 3295 1150 autem
3315 1115 3527 1168 corpore
3546 1102 3747 1157 veniunt

2162 1188 2268 1259 (Ib.
2315 1191 2402 1244 15.
2441 1191 2576 1259 55)?
2609 1190 2981 1244 Verumtamen
3014 1205 3135 1246 cum
3183 1192 3346 1246 multa
3403 1204 3584 1262 posset
3639 1195 3746 1252 illis

2161 1279 2286 1334 vitio
2313 1291 2520 1334 vertere
2542 1322 2556 1340 .
2590 1281 2718 1334 nihil
2759 1280 2805 1334 ei
2838 1280 2930 1333 fuit
2961 1281 3248 1349 antiquius,
3277 1297 3434 1351 quam
3466 1293 3522 1337 ut
3549 1284 3615 1339 de
3639 1284 3748 1339 dis-

2159 1371 2295 1423 sidio
2321 1385 2371 1424 et
2397 1372 2738 1425 contentione
2767 1386 2887 1424 cum
2920 1371 3022 1424 illis
3049 1381 3227 1440 ageret
3255 1388 3268 1423 :
3295 1373 3470 1440 itaque
3493 1377 3601 1440 jam
3627 1377 3747 1430 inde

2159 1478 2186 1512 a
2220 1461 2474 1530 principio
2497 1461 2734 1530 cpistolm
2758 1461 2833 1514 sic.
2862 1460 2934 1513 ait
2958 1478 2970 1512 :
2997 1461 3215 1514 Obsecro
3242 1473 3407 1515 autem
3429 1480 3514 1516 vos
3541 1464 3743 1532 fratres,

2160 1571 2248 1623 per
2274 1571 2452 1606 nomen
2482 1554 2687 1606 homini
2718 1555 2875 1607 nostri
2898 1553 3023 1606 Iesu
3050 1553 3257 1619 Christi,
3286 1565 3340 1607 ut
3368 1556 3585 1624 idipsum
3609 1556 3746 1608 dica-

2160 1648 2221 1700 tis
2261 1662 2448 1709 omnes,
2477 1656 2520 1698 et
2552 1663 2651 1698 non
2695 1647 2792 1698 sint
2845 1648 2896 1698 in
2928 1645 3062 1699 vobis
3110 1646 3384 1699 schismata
3430 1646 3535 1718 (Ib.
3561 1649 3742 1718 Litt).

2159 1737 2372 1790 Sciebat
2415 1737 2630 1807 quippe,
2678 1737 2880 1789 sciebat
2929 1738 3091 1804 probe
3140 1738 3240 1790 hoc
3284 1753 3404 1791 esse
3451 1737 3592 1807 quod
3635 1754 3746 1806 pra:

2158 1832 2366 1881 eieteris
2409 1829 2645 1896 urgebat.
2689 1826 3000 1881 Foruicalor
3039 1828 3082 1879 si
3124 1827 3428 1896 frequenter
3467 1828 3519 1881 in
3556 1828 3741 1884 Eccle-

2159 1919 2290 1971 siam
2324 1917 2648 1988 ingrediatur
2667 1958 2680 1982 ,
2724 1927 2777 1971 et
2807 1918 3070 1985 superbus
3091 1957 3106 1983 ,
3154 1928 3246 1971 aut
3290 1919 3380 1987 qui
3408 1917 3536 1972 vitio
3561 1921 3744 1988 quovis

2159 2011 2264 2065 alio
2294 2011 2516 2071 laboret.
2551 2012 2656 2065 cito
2675 2052 2688 2074 ,
2721 2010 2846 2066 dum
2873 2012 3085 2066 assidue
3111 2012 3348 2066 doctrina
3382 2012 3590 2079 fruitur,
3618 2013 3745 2069 illud

2159 2103 2411 2172 expellet,
2460 2114 2510 2158 et
2559 2105 2832 2172 pristinam
2878 2105 3096 2174 recipiet
3144 2105 3424 2160 sanitatem
3457 2123 3471 2159 :
3500 2108 3587 2177 qui
3620 2124 3746 2162 vero

2159 2196 2391 2263 Scipsum
2425 2197 2490 2248 ab
2537 2195 2637 2249 hoc
2678 2207 2941 2250 conventu
2972 2197 3283 2265 sejunxerit,
3338 2206 3392 2252 et
3433 2198 3642 2253 Patrum
3687 2215 3746 2254 se

2160 2288 2418 2342 doctrina:
2447 2288 2804 2352 subtraxerit,
2834 2297 2992 2358 atque
3022 2306 3050 2342 a
3093 2290 3280 2344 medici
3325 2289 3533 2344 officina
3565 2291 3743 2360 procul

2161 2382 2467 2443 recesserit,
2491 2382 2732 2450 quamvis
2753 2397 2828 2435 sai
2852 2396 2886 2434 ο
2905 2397 3127 2450 corpore
3149 2397 3267 2436 esse
3289 2381 3547 2449 videatur,
3571 2397 3748 2453 quam-

2161 2476 2387 2541 primum
2419 2475 2468 2526 in
2510 2473 2752 2526 morbum
2787 2474 3004 2527 incidet.
3042 2473 3106 2526 Et
3134 2474 3580 2543 quetnadmodum
3609 2477 3748 2544 Opti-

2161 2582 2277 2619 Inus
2304 2565 2573 2626 muliens,
2604 2563 2784 2618 sedata
2815 2565 2960 2632 prius
2985 2573 3036 2618 et
3065 2566 3323 2618 chIincIa
3359 2564 3520 2630 febri,
3553 2565 3746 2619 deinde

2160 2656 2428 2709 ulceribus
2455 2670 2515 2708 ac
2543 2655 2879 2723 ruptionibus
2904 2673 2932 2706 ιι
2957 2655 3143 2708 edctnr
3166 2671 3180 2708 :
3207 2655 3273 2708 ita
3305 2654 3426 2709 fecit
3450 2666 3502 2710 et
3532 2656 3745 2718 Paulus.

2163 2746 2306 2813 prius
2353 2745 2688 2798 diSaClhittltc
2732 2745 2958 2809 sublata,
3007 2755 3114 2797 tum
3159 2744 3371 2798 demum
3417 2745 3747 2814 singulorum

2163 2837 2376 2889 vulnera
2424 2835 2782 2889 membrorum
2830 2835 3053 2888 curavit.
3106 2835 3391 2904 Propterea
3433 2852 3644 2906 quoque
3677 2837 3747 2891 de

2163 2927 2264 2980 hoc
2290 2936 2416 2981 ante
2446 2926 2621 2980 otnnia
2654 2926 2813 2980 verba
2847 2926 2990 2990 facit,
3027 2935 3083 2979 ut
3121 2942 3292 2996 neque
3336 2928 3472 2980 inter
3498 2941 3557 2980 se
3584 2928 3747 2981 dissi-

2161 3018 2340 3078 deant,
2376 3032 2545 3085 neque
2585 3017 2828 3084 prOprios
2867 3017 2966 3069 sibi
2997 3027 3232 3070 rectores
3265 3017 3572 3086 assignent,
3614 3031 3750 3070 neve

2163 3110 2354 3161 multas
2385 3108 2435 3162 in
2467 3121 2642 3177 partes
2684 3107 2919 3161 dividant
2953 3106 3147 3161 Christi
3175 3121 3386 3176 corpus.
3422 3107 3541 3160 Ila-c
3566 3115 3746 3162 autem

2164 3217 2267 3253 non
2300 3200 2404 3253 illis
2442 3200 2615 3254 Solum
2644 3198 2850 3252 diccbat
2872 3240 2886 3266 ,
2914 3197 3009 3252 sed
3033 3206 3088 3253 et
3126 3197 3208 3252 his
3236 3206 3355 3266 post
3395 3198 3512 3252 illos
3536 3197 3627 3268 qui
3650 3213 3747 3251 eo-

2163 3293 2284 3346 dem
2308 3293 2493 3344 morbo
2517 3290 2779 3355 laborant,
2801 3305 2931 3359 quos
2947 3289 3191 3359 equidem
3213 3289 3513 3343 sciscitarer
3536 3289 3743 3350 lubens.

2163 3383 2286 3450 quid
2317 3381 2386 3436 sit
2415 3381 2610 3434 Pascha
2635 3422 2649 3444 ,
2691 3379 2815 3448 quid
2845 3379 2915 3433 sit
2939 3379 3394 3448 Quadragesima?
3434 3389 3484 3432 et
3525 3378 3645 3446 qu‘:d
3678 3379 3749 3432 sit

2162 3475 2439 3527 .luda'icmn
2464 3514 2478 3534 ,
2510 3472 2637 3542 quid
2679 3471 2747 3524 sit
2795 3480 3033 3524 nostrum
3065 3487 3079 3524 :
3109 3480 3199 3524 aut
3226 3486 3383 3538 qU'm
3427 3471 3496 3523 ob
3533 3484 3746 3524 causam

2166 3567 2288 3617 illud
2333 3565 2545 3634 quidem
2589 3562 2754 3617 semel
2796 3563 2949 3616 annis
2989 3562 3211 3632 singulis
3256 3565 3434 3628 iitrot,
3485 3563 3583 3615 hoc
3623 3578 3747 3615 vero

2165 3657 2383 3726 singulis
2429 3657 2477 3708 in
2508 3655 2747 3710 collectis
2775 3653 3078 3708 celebretur
3107 3671 3120 3708 :
3152 3654 3275 3723 quid
3307 3655 3404 3706 sibi
3443 3654 3604 3708 velint
3627 3668 3750 3723 azy-

2167 3764 2271 3810 ma,
2316 3755 2369 3800 ct
2398 3749 2496 3800 alia
2545 3747 2624 3800 his
2665 3746 2831 3798 multo
2878 3745 3024 3814 plura
3050 3787 3062 3808 ,
3094 3760 3209 3812 qiue
3240 3744 3303 3797 ad
3338 3744 3438 3797 hoc
3479 3741 3751 3812 pertinent

2165 3847 2556 3909 argumentum.
2589 3837 2723 3890 Tum
2751 3853 2878 3890 vero
2909 3837 3070 3905 probe
3101 3835 3453 3903 cognoscetis,
3482 3850 3638 3902 quam
3670 3836 3752 3888 in—

2168 3930 2478 3997 tempestiva
2527 3928 2736 3982 iflorum
2781 3928 2851 3981 sit
2894 3927 3202 3992 contentio,
3249 3926 3335 3994 qui
3385 3941 3449 3978 ne
3491 3927 3748 3980 rationem

2167 4020 2381 4088 quidem
2425 4019 2646 4072 reddere
2687 4019 2754 4072 de
2801 4018 2904 4071 illis
2950 4033 2982 4086 p
3020 4025 3170 4072 ssunt
3199 4033 3317 4082 qua:
3367 4016 3598 4082 faciunt,
3629 4017 3754 4071 licet

2167 4113 2412 4165 omnibus
2441 4114 2544 4165 sint
2575 4111 2943 4179 sapientiores,
2979 4126 3151 4179 neque
3178 4110 3385 4163 discant
3426 4126 3488 4162 ex
3521 4110 3751 4173 Cameris,

2168 4203 2308 4272 quod
2335 4201 2691 4254 daumandum
2721 4212 2802 4255 cst
2840 4203 3102 4264 maxime,
3151 4215 3268 4253 cmn
3299 4216 3397 4254 nec
3430 4201 3526 4267 ipsi
3558 4199 3750 4263 sciant,

2169 4309 2341 4361 neque
2369 4307 2463 4346 eos
2499 4294 2585 4361 qui
2632 4292 2801 4344 sciunt
2851 4291 3013 4344 duces
3042 4299 3367 4360 sequantur,
3415 4290 3506 4343 Si'tl
3553 4301 3756 4344 temere

2171 4383 2486 4437 inconsulta:
2517 4382 2724 4435 cuidam
2753 4381 3122 4435 consuetudini
3169 4397 3252 4434 res
3284 4397 3405 4435 suas
3439 4383 3755 4449 ιρι-ιιιίιιριι-

2172 4485 2250 4530 tes
2279 4477 2326 4528 in
2357 4473 2602 4527 barathra
2631 4483 2684 4528 et
2716 4474 3002 4542 prmcipitia
3029 4472 3287 4526 ferantur.

2241 4569 2294 4623 5.
2319 4569 2446 4634 Quis
2473 4583 2633 4635 porro
2663 4568 2873 4635 sapiens
2899 4575 2979 4619 est
3017 4565 3224 4618 illorum
3253 4580 3449 4630 sermo,
3492 4580 3613 4620 cum
3641 4566 3755 4620 lucc

2173 4659 2276 4713 illis
2307 4657 2627 4726 obiicimus?
2657 4657 2782 4720 Vos,
2829 4656 3107 4723 inquiunt,
3144 4671 3318 4708 nonne
3356 4657 3455 4708 hoc
3493 4656 3756 4725 jejunium

2171 4761 2328 4803 antea
2374 4748 2779 4802 observabatis?
2827 4747 2935 4798 lloe
2978 4761 3102 4799 vero
3150 4755 3294 4798 tuum
3343 4760 3446 4798 non
3496 4756 3578 4800 est
3626 4746 3757 4800 mihi

2172 4842 2372 4903 dicere,
2398 4839 2490 4892 sed
2515 4839 2615 4891 hoc
2644 4839 2755 4905 ipse
2784 4837 2873 4889 tibi
2900 4835 3018 4904 jure
3044 4835 3294 4899 dixerim,
3321 4852 3416 4887 n-is
3442 4851 3652 4904 quoque
3679 4837 3758 4891 sic

2172 4943 2325 4988 antea
2353 4935 2644 4998 jejnnasse,
2676 4940 3039 4984 verumtamen
3073 4939 3368 4996 temporum
3397 4929 3755 4982 observationi

2173 5025 2556 5096 prtel'ereudam
2585 5023 2922 5078 concordiam
2949 5023 3221 5076 censuisse
3248 5039 3261 5075 :
3288 5021 3534 5092 quodque
3556 5022 3756 5077 Galatis

2171 5119 2382 5173 dicebat
2417 5116 2612 5172 Paulos
2633 5156 2647 5176 ,
2684 5115 2781 5167 hoc
2819 5125 2872 5168 et
2903 5113 3050 5165 Vultis
3080 5113 3192 5181 ipse
3231 5112 3350 5166 dico
3383 5130 3396 5164 :
3429 5111 3603 5167 Estotc
3630 5115 3758 5166 sicut

2173 5227 2283 5282 ego,
2313 5211 2430 5280 quia
2458 5219 2500 5262 et
2529 5225 2619 5279 ego
2645 5209 2770 5261 sicut
2799 5223 2882 5260 vos
2909 5203 3049 5275 (Gal.
3077 5205 3128 5258 4.
3157 5204 3264 5273 1⁵2).
3294 5205 3427 5272 Quid
3460 5204 3559 5258 hoc
3601 5222 3758 5274 porro

2171 5303 2270 5358 sibi
2299 5301 2456 5354 vult?
2485 5299 2819 5354 Persuaserat
2850 5296 2978 5361 illis,
3009 5305 3062 5348 ut
3089 5313 3115 5345 ιι
3147 5295 3551 5348 circumcisione
3581 5295 3736 5348 disce-

2173 5395 2382 5453 dercnt,
2412 5393 2625 5447 sabbata
2654 5399 3083 5459 aspernarentur,
3119 5398 3171 5441 et
3205 5387 3320 5441 dics
3348 5397 3400 5441 ct
3435 5389 3537 5440 alia
3568 5396 3757 5441 cuncta

2175 5487 2304 5557 legis
2331 5486 2568 5538 instituta
2595 5501 2607 5537 :
2636 5481 2851 5547 deinde,
2874 5480 3122 5550 quoniam
3159 5480 3272 5531 illos
3297 5479 3470 5531 vereri
3503 5477 3754 5532 cernebat

2172 5595 2233 5634 ac
2262 5577 2644 5641 reformidare,
2687 5592 2756 5630 ne
2793 5573 2931 5629 forte
2977 5572 3412 5640 transgressionis
3454 5586 3665 5638 penam
3697 5585 3758 5624 ac

2173 5673 2488 5741 supplicium
2535 5671 2898 5741 sustinerent.
2941 5682 3037 5720 suo
3085 5665 3187 5718 illis
3228 5663 3475 5730 exemplo
3519 5665 3754 5716 animum

2173 5738 2336 5830 addit,
2369 5782 2486 5821 cum
2516 5766 2581 5818 ait
2611 5804 2623 5829 ,
2656 5738 2821 5816 h’stote
2848 5762 2972 5814 sicut
3006 5775 3092 5829 rgo
3112 5797 3126 5825 ,
3155 5758 3271 5826 quia
3300 5766 3344 5809 et
3375 5771 3463 5826 ego
3490 5759 3616 5808 sicut
3648 5771 3750 5809 vos.
