4084 6186
400 231 504 283 363

400 348 537 405 Nutu
568 350 710 405 enim
747 366 810 405 ex
854 351 1129 422 gentibus,
1177 351 1370 422 inquit,
1414 352 1576 404 veni?
1619 350 1752 405 Num
1799 352 1982 419 legalis

400 445 821 499 conversationis
850 444 1122 516 imperitus
1149 460 1292 499 eram
1321 485 1334 508 ,
1374 455 1465 497 aut
1503 460 1672 513 paena:
1715 459 1830 514 qme
1872 444 1985 512 lege

405 535 917 603 transgrmlientibus
973 545 1053 590 est
1107 535 1429 606 proposita?
1482 534 1725 588 "eber
1768 552 1876 586 sum
1923 548 1987 586 ea:

406 627 653 691 Πρω-σείς,
687 629 956 680 secundum
985 628 1142 698 legem
1178 626 1469 680 Phariswus
1488 668 1502 691 ,
1533 626 1802 679 secundum
1825 641 1984 677 ιωιιιιο

406 719 640 774 lationem
684 735 979 789 persequens
1014 718 1295 772 Ecclesium
1319 735 1338 773 :
1371 718 1460 772 sed
1487 734 1599 787 qtae
1626 718 1747 771 mihi
1779 722 1983 788 fuerunt

406 810 546 863 lucra
564 847 581 875 ν
612 810 717 863 Ιιαέ
747 811 1018 863 arbitratus
1044 828 1152 863 sum
1178 820 1381 881 prapter
1405 809 1661 864 Christum
1691 809 1986 862 detrimenta

411 899 680 969 (Philipp.
708 901 741 953 5
786 901 948 970 5-7).
993 901 1103 955 Hoc
1133 911 1231 968 est,
1282 902 1446 956 semel
1477 900 1544 955 ab
1593 901 1697 955 illis
1741 900 1983 955 discessi.

409 995 593 1051 EStote
620 1011 747 1065 ergo
773 996 907 1051 sicut
934 1004 986 1049 et
1008 1010 1107 1065 ego
1136 1011 1150 1049 :
1178 1011 1297 1048 nam
1322 1004 1376 1049 et
1396 995 1533 1047 sicut
1558 1009 1650 1048 vos
1676 1010 1841 1046 eram.

484 1086 697 1141 Nica'na
748 1087 986 1158 Synodus
1031 1091 1093 1141 de
1142 1087 1395 1142 Paschate
1438 1087 1691 1141 decretum
1740 1088 1872 1157 fecit.
1918 1115 1989 1127 —

409 1178 544 1245 Quid
572 1187 747 1231 autem
775 1178 841 1232 de
867 1193 951 1231 me
982 1178 1211 1247 loquor?
1238 1177 1480 1232 Trecenti
1519 1174 1703 1230 Patres
1724 1178 1805 1232 vel
1826 1176 1985 1231 etiam

412 1271 611 1340 plures,
644 1285 763 1323 cum
793 1271 844 1322 in
887 1269 1102 1338 regione
1133 1269 1393 1340 Bithynia:
1433 1268 1839 1332 convenissent,
1875 1267 1989 1321 lia-c

410 1359 760 1415 decreverunt
793 1377 804 1412 :
840 1370 892 1413 et
924 1370 971 1412 ut
1009 1359 1128 1414 illos
1156 1374 1344 1413 omnes
1375 1359 1571 1428 probro
1599 1356 1808 1411 aflicis!
1843 1357 1986 1410 Duo-

411 1469 529 1507 rum
573 1452 713 1507 enim
755 1452 1016 1515 altermn,
1062 1460 1153 1505 aut
1200 1451 1320 1506 illos
1368 1450 1591 1504 inscitia:
1638 1449 1985 1513 condemnas,

412 1545 560 1615 quasi
609 1560 711 1598 non
756 1546 885 1599 satis
914 1554 1162 1598 accurate
1204 1545 1511 1609 novissent,
1543 1554 1633 1597 aut
1673 1541 1986 1607 timiditatis,

410 1637 557 1708 quasi
592 1638 860 1691 novissent
890 1638 1101 1708 quidem
1120 1679 1134 1701 ,
1180 1637 1273 1693 sed
1303 1636 1731 1691 dissimula~sent
1758 1652 1821 1690 ac
1852 1635 1989 1689 veri-

413 1738 574 1783 tatem
604 1728 978 1799 prodidissent.
1012 1730 1141 1782 Cum
1180 1729 1322 1783 enirn
1361 1744 1464 1782 non
1494 1739 1603 1783 stes
1634 1729 1695 1781 iis
1717 1769 1731 1791 ,
1779 1744 1896 1795 quae
1924 1728 1992 1781 ab

413 1820 515 1874 illis
545 1820 752 1874 decreta
786 1829 942 1883 sunt,
977 1819 1089 1874 ha'c
1114 1819 1290 1873 omnia
1321 1828 1632 1889 sequuntur.
1663 1818 1836 1871 Multae
1864 1834 1990 1870 vero

412 1913 684 1981 sapientia:
731 1926 795 1966 ac
838 1911 1160 1966 fortitudinis
1207 1912 1483 1981 specimen
1534 1911 1601 1965 ab
1640 1911 1745 1965 illis
1788 1911 1987 1964 editum

414 2001 572 2056 fuisse
607 2010 715 2056 tum
757 2004 1043 2072 temporis,
1084 2004 1260 2057 omnia
1291 2019 1410 2072 qua:
1436 2003 1681 2058 accidere
1708 2010 1987 2057 testantur.

412 2095 542 2149 Nam
571 2094 884 2162 sapientiam
924 2094 1135 2165 quidem
1167 2095 1376 2148 illorum
1402 2136 1416 2158 ,
1458 2110 1576 2164 qua:
1605 2103 1715 2149 tum
1745 2094 1881 2147 edita
1910 2102 1993 2147 est

416 2188 547 2241 fides
576 2186 802 2250 indicat,
846 2201 965 2256 quae
994 2196 1047 2241 et
1076 2185 1446 2240 hatreticnrutn
1492 2201 1553 2239 os
1591 2185 1892 2250 obturavit,
1938 2193 1994 2239 et

417 2285 683 2346 tamquam
728 2291 916 2331 murus
944 2276 1364 2347 inexpugnabilis
1396 2291 1582 2330 onmes
1612 2276 1821 2329 illorum
1861 2273 1992 2327 insi-

413 2367 530 2422 dias
575 2368 900 2438 propulsavit
940 2384 956 2423 :
999 2367 1360 2423 fortitudinem
1405 2376 1581 2422 autem
1626 2365 1986 2436 persrquutio,

414 2473 531 2527 qua:
557 2458 715 2529 paulo
740 2469 863 2513 ante
892 2458 1074 2514 sedata
1105 2459 1308 2523 fuerat,
1338 2468 1390 2513 et
1420 2457 1560 2526 quod
1590 2457 1843 2511 Ecclesiis
1872 2454 1991 2510 fue-

415 2557 495 2602 rat
525 2549 725 2602 illatum
754 2548 973 2605 bellum.

396 2708 399 2709 7
487 2640 699 2694 Patrum
743 2640 1069 2695 Nicwnorum
1117 2642 1359 2712 dignitas.
1403 2670 1478 2681 —
1512 2640 1800 2711 Tamquam
1848 2640 1989 2694 enim

412 2734 616 2790 strenui
646 2735 857 2804 quidam
888 2734 1189 2793 bellatores,
1221 2733 1511 2787 innumeris
1541 2733 1755 2801 trepatis
1775 2732 1988 2797 erectis,

413 2839 475 2879 ac
502 2825 679 2879 multis
708 2826 945 2895 exceptis
972 2826 1276 2880 vulneribus
1294 2866 1308 2889 ,
1340 2825 1569 2894 undique
1595 2835 1703 2878 tum
1727 2824 1993 2878 Ecclesia-

414 2934 529 2973 rum
548 2918 801 2988 pra-sules
821 2918 1217 2972 revertebantur
1233 2917 1472 2987 stigmata
1487 2916 1679 2971 Clu-isti
1699 2925 1989 2986 portantes,

412 3008 500 3078 qui
534 3009 755 3077 plurima
785 3017 1029 3078 poterant.
1070 3024 1387 3063 enumerare
1413 3007 1689 3077 supplicia,
1718 3024 1835 3076 qua:
1864 3022 1987 3059 con-

396 3099 658 3167 fessionis
708 3116 833 3170 ergo
880 3100 1255 3155 toleraverant.
1303 3100 1573 3168 Siquidem
1617 3099 1703 3151 alii
1746 3106 1993 3166 poterant.

412 3195 627 3250 metalla
666 3209 903 3257 narrare,
936 3210 996 3248 ac
1023 3194 1295 3257 miserias,
1329 3208 1459 3263 quas
1488 3192 1556 3245 ibi
1590 3192 1727 3259 passi
1759 3193 1987 3255 fuerant,

412 3287 500 3340 alii
526 3286 784 3341 bonorum
813 3285 1047 3338 omnium
1081 3284 1464 3352 publicationes
1485 3325 1498 3347 ,
1528 3282 1612 3336 alii
1644 3282 1833 3335 famem
1854 3321 1869 3343 ,
1900 3279 1989 3332 alii

413 3378 705 3448 frequentia
735 3379 987 3439 vulnera,
1035 3376 1160 3430 dum
1210 3376 1329 3429 aliis
1372 3376 1535 3429 latera
1581 3371 1985 3437 deraderentur,

411 3472 528 3525 aliis
570 3479 712 3540 terga
742 3468 1200 3525 contunderentur
1222 3509 1236 3530 ,
1269 3468 1354 3520 alii
1393 3467 1615 3521 effossos
1643 3466 1825 3520 oculos
1850 3507 1865 3531 ,
1898 3466 1987 3519 alii

412 3572 559 3632 parte
584 3562 757 3632 aliqua
784 3562 1024 3632 corporis
1053 3569 1267 3630 propter
1294 3559 1560 3613 Christum
1588 3573 1645 3611 se
1675 3556 1840 3611 fuisse
1868 3573 1988 3609 nm-

413 3653 588 3707 tilatos
631 3662 875 3723 poterant
916 3652 1172 3707 indicare.
1202 3654 1374 3721 Atque
1415 3666 1478 3705 ex
1521 3649 1601 3703 Itis
1630 3650 1844 3703 athletis
1873 3649 1987 3701 col-

411 3745 542 3799 lecta
572 3754 680 3799 tum
711 3745 879 3799 fuerat
912 3744 1149 3815 synodus
1180 3744 1443 3805 universa,
1490 3742 1864 3810 communique
1891 3740 1988 3791 de-

409 3838 649 3895 finitione
697 3839 818 3893 fidei
873 3840 974 3893 hoc
1021 3853 1231 3908 quoque
1287 3835 1676 3899 decreverunt,
1728 3844 1780 3886 ut
1832 3833 1987 3885 simul

412 3947 622 4003 unoque
644 3948 908 3987 consensu
950 3932 1140 3987 festum
1183 3928 1321 3984 istud
1364 3928 1741 3983 celebraretur.
1782 3928 1988 3995 Ergone

409 4024 497 4094 qui
542 4024 699 4078 fidem
732 4023 1057 4092 temporibus
1098 4022 1234 4077 adeo
1263 4020 1568 4075 difficilibus
1599 4035 1703 4072 non
1737 4016 1986 4086 prodide-

410 4126 567 4182 runt,
611 4114 667 4169 bi
710 4121 929 4184 propter
967 4113 1171 4167 dierum
1212 4110 1640 4167 observationem
1684 4110 1987 4162 dissimula-

410 4206 555 4261 tione
599 4207 673 4259 uti
720 4205 1046 4275 potuerunt?
1090 4204 1219 4258 Vide
1261 4204 1383 4274 quid
1432 4218 1595 4272 agas,
1636 4201 1761 4254 dum
1813 4210 1989 4253 tantos

411 4297 597 4351 Patres
627 4295 951 4350 condemnas
972 4336 987 4359 ,
1020 4295 1152 4348 adeo
1197 4295 1390 4358 fortes,
1421 4294 1659 4362 adeoque
1698 4291 1985 4360 sapientes.

409 4386 543 4443 Nam
590 4386 634 4441 si
682 4386 1017 4456 publicanum
1063 4384 1422 4439 condemnatis
1468 4384 1767 4437 Pharisreus
1811 4380 1986 4433 omnia

411 4479 549 4532 bona
580 4475 829 4547 perdidit,
872 4491 990 4544 qua:
1016 4474 1243 4529 habebat
1272 4492 1283 4527 :
1317 4490 1418 4543 qua
1447 4475 1600 4527 venia
1631 4473 1819 4541 dignus
1839 4514 1852 4537 ,
1884 4487 1986 4541 qua

410 4566 720 4623 defensione
746 4566 1074 4624 censebat-is.
1106 4565 1193 4635 qui
1222 4564 1478 4618 adversus
1506 4572 1583 4617 tot
1610 4564 1857 4617 doctores
1883 4563 1989 4617 Duo

411 4675 582 4725 caros,
632 4662 788 4731 idque
838 4659 1027 4729 injuria
1068 4668 1121 4713 et
1168 4668 1350 4711 contra
1395 4659 1655 4711 rationem
1707 4656 1989 4725 insurgas?

412 4751 522 4806 Non
550 4752 740 4806 audisti
767 4752 1035 4806 Christum
1068 4750 1353 4815 dicentem,
1391 4748 1488 4803 Ubi
1516 4750 1616 4802 duo
1646 4749 1719 4802 rel
1748 4759 1846 4802 tres
1872 4757 1989 4803 sunt

411 4848 461 4899 iu
491 4847 690 4899 nomine
735 4863 842 4899 meo
887 4844 1197 4916 congregati,
1247 4843 1314 4895 ibi
1356 4860 1469 4896 sunt
1512 4843 1564 4895 in
1610 4843 1773 4896 mcdio
1816 4858 1989 4895 eorum

414 4936 623 5007 (Matth.
655 4936 738 4990 18.
761 4935 891 5007 20)⁹
917 4936 1064 5002 Quod
1094 4935 1134 4988 si
1166 4935 1249 4987 ubi
1278 4934 1382 4987 duo
1411 4944 1583 4989 tresve
1607 4944 1749 4997 sunt,
1780 4933 1987 4987 medius

410 5036 490 5082 est
518 5028 760 5081 Christus
793 5046 805 5081 :
840 5028 925 5082 ubi
970 5028 1190 5080 trecenti
1234 5043 1295 5080 ac
1325 5027 1491 5081 multo
1533 5026 1714 5096 plures
1742 5024 1984 5089 aderant,

411 5120 576 5176 multo
605 5120 770 5190 magis
798 5120 983 5174 aderat
1005 5162 1017 5182 ,
1050 5122 1335 5189 omniaque
1364 5121 1673 5190 designal-at
1704 5136 1767 5175 ac
1795 5120 1986 5175 decer-

411 5210 587 5265 nebat.
622 5211 690 5264 At
731 5217 785 5263 tu
834 5225 937 5264 non
983 5212 1099 5264 illos
1149 5220 1350 5265 tantum
1391 5212 1753 5277 condemnas,
1799 5210 1892 5265 sed
1931 5217 1987 5265 et

409 5306 593 5359 orbem
623 5313 881 5361 terrarqu
913 5309 1247 5369 universum,
1277 5308 1365 5377 qui
1411 5309 1726 5365 sententiam
1773 5309 1982 5364 illorum

408 5399 792 5467 comprobavit.
834 5400 915 5453 An
960 5415 1083 5453 vero
1121 5399 1337 5455 Jud:eos
1383 5401 1540 5455 etiam
1575 5400 1805 5454 universi
1836 5402 1981 5458 orbis

412 5500 669 5548 terrarum
698 5489 942 5546 Patribus
970 5491 1318 5560 sapientiores
1357 5491 1628 5545 arbitraris
1650 5531 1666 5558 ,
1714 5490 1980 5560 homines,

411 5580 648 5650 inquam,
677 5582 860 5652 patriis
890 5584 1077 5637 ritilms
1102 5585 1350 5648 orbatos,
1383 5593 1437 5639 et
1462 5584 1551 5654 qui
1580 5599 1649 5640 ne
1679 5584 1842 5639 ullum
1868 5584 1987 5654 qui-

413 5673 529 5727 dem
561 5678 749 5731 festum
776 5673 1089 5731 celebrant?
1137 5675 1267 5730 Nam
1314 5690 1411 5731 nec
1454 5674 1593 5746 apud
1641 5675 1761 5735 illos
1798 5690 1984 5750 azyma

1139 240 1203 299 IN
1244 239 1367 297 EOS
1404 238 1517 307 QUI
1558 238 1816 296 PASCIIA
1859 238 2220 296 JEJUNANT.
2264 241 2633 300 ADVERSUS
2672 243 2815 301 JUD.
2860 245 2940 301 Ill.

3564 242 3667 297 8b6

2094 367 2241 417 essm
2284 369 2380 408 nec
2413 355 2608 409 Pascha
2646 354 2861 425 (multos
2887 356 3079 427 quippe
3103 357 3279 413 dicere
3321 360 3458 415 istud
3505 363 3665 417 audio

2090 444 2288 497 l’astha
2316 460 2434 499 es~e
2477 462 2595 500 cum
2638 449 2868 517 azyma),
2914 448 3004 501 sed
3055 449 3191 518 apud
3238 449 3355 503 illos
3398 466 3500 505 non
3545 466 3665 508 esse

2088 551 2294 606 azyma,
2324 553 2383 588 ex
2417 536 2498 590 his
2529 536 2840 603 legislatoris
2871 539 3041 592 verbis
3071 540 3294 607 collige,
3326 538 3446 592 Non
3476 541 3664 608 poteri-

2090 627 2151 678 tis
2179 626 2342 695 facere
2366 627 2560 681 Pascha
2592 630 2640 681 in
2671 630 2775 681 ulla
2803 630 2995 680 urbium
3027 639 3246 697 tuarum,
3275 646 3397 697 quas
3420 629 3667 685 Dominus

2091 718 2224 771 Deus
2254 730 2368 772 tuus
2389 721 2473 772 dat
2499 720 2617 783 tibi,
2647 721 2734 773 sed
2764 722 2813 773 in
2844 721 2971 781 loco,
3002 722 3052 773 in
3080 738 3177 788 quo
3203 725 3487 775 invocatum
3514 721 3667 793 fuerit

2089 827 2269 865 nomen
2310 813 2419 879 ejus
2458 812 2630 883 (Deut.
2659 812 2742 867 16.
2769 816 2821 867 5.
2844 816 2900 882 6)
2931 832 2943 865 :
2971 814 3038 868 de
3078 814 3375 869 Jerusalem
3421 815 3663 884 loquens.

2093 901 2250 955 Vides
2277 918 2383 972 quo
2412 914 2585 971 pacto,
2612 919 2731 957 cum
2772 904 2822 958 in
2855 920 3010 959 uuam
3058 905 3239 960 urbem
3281 904 3471 960 festum
3503 905 3671 959 inclu-

2088 992 2266 1058 sisset,
2310 993 2560 1061 deinceps
2587 1005 2636 1047 et
2671 994 2835 1062 ipsam
2868 996 3052 1050 urbem
3081 998 3366 1059 everterit,
3401 1005 3455 1050 ut
3482 998 3560 1051 vel
3588 997 3672 1050 in-

2090 1086 2225 1140 vitos
2273 1085 2390 1140 illos
2437 1088 2504 1139 ab
2549 1086 2632 1139 illa
2681 1087 2934 1157 religione
2980 1089 3297 1143 revocaret?
3344 1088 3481 1143 Nulli
3528 1089 3670 1143 enim

2090 1175 2305 1231 dubium
2331 1217 2344 1240 ,
2390 1178 2515 1246 quin
2561 1177 2699 1232 Deus
2728 1195 2843 1248 qtae
2884 1190 3037 1233 erant
3064 1191 3453 1250 consequutura
3484 1180 3676 1251 pnevi-

2092 1267 2259 1322 deret.
2289 1269 2454 1335 Quam
2488 1268 2645 1337 igitur
2674 1268 2742 1323 ob
2770 1283 2980 1322 causam
3010 1269 3115 1323 illic
3144 1285 3239 1325 eos
3265 1286 3330 1325 ex
3362 1279 3473 1325 toto
3500 1277 3675 1324 terra.

2091 1376 2210 1414 rum
2238 1359 2368 1413 orbe
2391 1362 2750 1430 congregavit,
2772 1374 2891 1415 cum
2917 1359 3028 1413 fore
3050 1360 3383 1429 prcevidcret,
3407 1369 3462 1413 ut
3487 1359 3675 1414 civitas

2093 1454 2422 1507 vastaretur?
2458 1455 2647 1507 Annon
2676 1453 2799 1507 hinc
2829 1453 2992 1521 liquet
3018 1453 3164 1506 illutn
3194 1453 3303 1506 tolli
3335 1453 3672 1507 festivitatem

2092 1543 2365 1597 voluisse?
2399 1544 2534 1597 Deus
2574 1544 2715 1597 illam
2738 1543 2985 1608 sustulit,
3019 1552 3072 1597 et
3101 1552 3154 1596 tu
3179 1542 3389 1596 .ludmos
3429 1542 3672 1608 sectaris,

2091 1634 2157 1688 de
2185 1636 2375 1704 quibus
2406 1636 2477 1688 ait
2505 1634 2781 1704 propheta,
2812 1633 2881 1687 Et
2908 1635 3017 1703 quis
3043 1650 3234 1697 cwcus,
3263 1634 3360 1687 nisi
3388 1633 3530 1703 pueri
3556 1633 3673 1699 mei,

2092 1740 2137 1780 et
2163 1728 2345 1781 surdus
2368 1770 2379 1789 ,
2415 1729 2509 1781 nisi
2553 1729 2639 1797 qui
2680 1728 3006 1781 dominantur
3042 1743 3213 1779 eorum
3245 1724 3395 1799 (Isai.
3422 1724 3510 1779 42.
3544 1724 3676 1792 l9)?

2094 1822 2230 1891 Erga
2263 1837 2418 1891 quem
2448 1819 2590 1873 enim
2622 1821 2695 1873 illi
2738 1836 2842 1874 non
2890 1819 3101 1873 fuerunt
3132 1818 3319 1889 ingrati
3351 1833 3412 1871 ac
3438 1815 3678 1885 stupidi?

2092 1930 2216 1983 erga
2248 1914 2548 1984 apostolos,
2580 1927 2701 1981 erga
2732 1912 3048 1981 prophetas,
3082 1926 3203 1979 erga
3234 1909 3483 1962 doctores
3508 1922 3631 1960 suos
3652 1907 3677 1959 ?

2092 2005 2226 2073 Quid
2256 2014 2428 2057 autem
2457 2019 2587 2072 opus
2613 2002 2779 2057 estde
2806 2001 3112 2056 doctoribus
3135 2016 3196 2054 ac
3223 2000 3495 2069 prophetis
3516 1998 3675 2053 verba

2095 2096 2267 2148 facere
2287 2134 2301 2158 ,
2344 2111 2461 2146 cum
2493 2104 2544 2146 et
2574 2095 2716 2161 ipsus
2747 2094 2941 2146 liberos
2969 2106 3093 2146 suos
3120 2092 3406 2146 occiderint
3430 2090 3453 2143 ?
3478 2091 3676 2144 Immo-

2094 2186 2266 2238 Iarunt
2295 2185 2435 2238 enim
2470 2184 2608 2236 filios
2636 2198 2761 2237 suos
2791 2193 2843 2236 et
2885 2183 3017 2236 filias
3048 2198 3171 2236 suas
3199 2183 3477 2236 dzemoniis
3504 2181 3674 2254 (Psal.

2096 2279 2217 2332 105.
2244 2279 2309 2332 57
2331 2279 2371 2346 ).
2414 2277 2665 2331 Naturam
2701 2278 3047 2343 ignorarunt,
3093 2290 3218 2330 num
3248 2276 3406 2346 igitur
3426 2317 3442 2341 ,
3474 2290 3675 2343 qua-so,

2094 2370 2209 2424 dies
2229 2378 2379 2423 erant
2400 2370 2773 2423 observaturi?
2805 2370 3253 2437 Propinquitatem
3277 2369 3676 2434 conculcarunt,

2094 2471 2147 2517 et
2179 2461 2404 2515 filiorum
2435 2460 2583 2514 obliti
2612 2469 2735 2514 sunt
2755 2502 2768 2523 ,
2803 2461 2891 2513 Dei
2923 2461 3108 2527 ipsius,
3140 2475 3169 2513 a
3199 2475 3303 2528 quo
3330 2459 3526 2513 canditi
3559 2458 3676 2513 fue-

2096 2563 2235 2614 rant,
2264 2562 2386 2605 sunt
2415 2552 2582 2605 obliti.
2614 2550 2777 2604 Deum
2805 2550 2971 2613 enim,
3006 2551 3192 2619 inquit,
3222 2550 3529 2619 dereliquisti
3546 2590 3560 2611 .
3592 2548 3679 2618 qui

2096 2656 2143 2698 te
2166 2653 2439 2715 genuerat,
2486 2654 2533 2697 et
2568 2643 2749 2695 oblitus
2779 2659 2829 2695 cs
2867 2641 2959 2694 Dei
2988 2642 3252 2695 nutrientis
3283 2651 3327 2694 te
3365 2639 3560 2710 (Deut.
3585 2638 3675 2695 52.

2095 2736 2220 2805 18).
2261 2736 2425 2789 Deum
2456 2735 2846 2803 dereliqnerunl
2870 2772 2886 2799 ,
2929 2740 2982 2785 et
3012 2733 3374 2787 solemnitates
3402 2739 3554 2786 erant
3578 2730 3673 2785 ob-

2095 2828 2397 2883 servaturi?
2439 2827 2566 2895 Quis
2595 2826 2692 2879 hoe
2722 2825 2903 2878 dicat?
2944 2824 3213 2894 Siquidem
3248 2823 3490 2879 Christus
3516 2826 3673 2878 etiam

2093 2921 2290 2975 idcirco
2319 2935 2437 2973 cum
2471 2921 2572 2973 illis
2619 2919 2816 2972 Pascha
2864 2918 2980 2972 fecit
3004 2957 3020 2982 ,
3062 2933 3166 2971 non
3208 2926 3263 2971 ut
3302 2933 3397 2970 nos
3428 2932 3545 2969 cum
3575 2915 3677 2969 illis

2098 3012 2373 3075 faciamus,
2399 3011 2489 3064 sed
2522 3019 2576 3062 ut
2604 3025 2696 3078 per
2719 3010 2957 3061 umbram
2984 3008 3257 3061 veritatem
3291 3007 3674 3060 introduceret.

2093 3101 2223 3156 Nam
2252 3110 2306 3155 ct
2331 3099 2786 3155 circumcisionetn
2816 3113 3002 3168 passus
3028 3106 3143 3160 est,
3175 3106 3228 3151 et
3253 3096 3467 3150 sabbata
3498 3112 3707 3149 servam

2092 3196 2166 3249 vit
2190 3237 2203 3260 ,
2251 3204 2305 3248 et
2348 3194 2474 3247 festa
2520 3192 2841 3254 celebravit,
2875 3199 2928 3244 et
2956 3206 3138 3260 azyma
3169 3189 3431 3249 comedit,
3464 3197 3518 3240 et
3562 3187 3675 3239 ha-c

2093 3288 2270 3340 omnia
2309 3285 2653 3357 .Ierosolymis
2695 3285 2932 3352 peregit;
2980 3282 3071 3337 sed
3106 3282 3233 3335 nulli
3279 3291 3451 3333 tamen
3486 3280 3672 3332 horum

2093 3395 2192 3434 nos
2219 3378 2431 3432 obnoxii
2462 3394 2645 3431 sumus
2667 3420 2680 3443 ,
2710 3393 2770 3431 ac
2798 3378 2989 3431 clamat
3018 3374 3214 3429 Paulus
3243 3373 3453 3434 dicens,
3488 3372 3547 3426 Si
3576 3374 3677 3424 cir-

2091 3469 2447 3522 cttmcidamini
2466 3510 2481 3535 ,
2512 3467 2739 3523 Christus
2765 3466 2903 3519 vobis
2932 3465 3061 3517 nihil
3100 3464 3322 3533 proderit
3351 3461 3490 3531 (Gal.
3516 3463 3563 3517 5.
3592 3460 3672 3530 2).

2094 3562 2160 3617 Ει
2185 3562 2251 3616 de
2278 3563 2479 3632 azymis
2506 3576 2709 3623 rursus,
2741 3559 2920 3627 Itaque
2944 3561 3122 3629 festum
3147 3556 3468 3618 celebremus,
3499 3572 3595 3607 non
3621 3555 3671 3606 in

2092 3658 2335 3725 fermento
2359 3653 2537 3716 veteri,
2572 3668 2728 3722 neque
2759 3652 2809 3703 in
2843 3652 3084 3722 ferntruto
3114 3648 3319 3700 malitia:
3345 3657 3387 3699 et
3418 3646 3669 3711 nequitur,

2091 3746 2179 3799 sed
2217 3746 2267 3798 in
2307 3746 2497 3816 azymis
2539 3743 2838 3798 sinceritatis
2882 3752 2927 3793 et
2967 3740 3190 3793 veritatis
3234 3738 3327 3809 (1.
3351 3736 3468 3790 Cor.
3493 3738 3546 3789 5.
3577 3735 3673 3803 8).

2091 3839 2281 3894 Nostra
2310 3839 2450 3893 enim
2494 3851 2676 3907 azyma
2715 3846 2836 3888 sunt
2870 3848 2973 3887 non
3009 3832 3173 3885 farina
3219 3830 3502 3883 commixta
3525 3868 3537 3889 ,
3583 3825 3676 3879 sed

2091 3930 2425 3987 conversatio
2452 3929 2655 3981 sincera
2685 3939 2735 3980 et
2768 3927 2869 3978 vita
2900 3940 2992 3993 per
3020 3923 3268 3975 virtutem
3300 3929 3584 3974 transacta.

2162 4023 2217 4076 4.
2257 4020 2360 4074 Cur
2402 4020 2625 4072 Christus
2669 4015 2871 4070 Pascha
2916 4012 3174 4066 celebrarit
3217 4009 3308 4064 illo
3355 4020 3676 4078 tempore.—

2091 4112 2257 4179 Quam
2292 4111 2449 4181 igitur
2473 4110 2540 4162 ob
2569 4122 2784 4161 causam
2823 4113 2929 4158 tam
2960 4101 3211 4171 temporis
3241 4100 3358 4153 fecit
3388 4098 3673 4153 Christus?

2091 4203 2349 4271 Quoniam
2382 4210 2527 4257 vetus
2572 4198 2770 4253 Pascha
2804 4197 2959 4250 futuri
3003 4205 3116 4248 erat
3165 4194 3351 4261 figura,
3397 4190 3673 4245 veritatem

2092 4304 2267 4347 autem
2296 4292 2528 4361 oportuit
2553 4290 2671 4343 addi
2698 4290 2896 4357 ﬁgtlt‘m,
2920 4302 3038 4341 cum
3066 4284 3211 4354 prius
3240 4282 3479 4336 umbram
3501 4292 3675 4335 osten-

2093 4384 2279 4447 disset,
2313 4384 2586 4435 veritatem
2629 4378 2821 4433 deinde
2868 4379 2917 4431 itt
2965 4377 3151 4431 eadem
3196 4388 3378 4426 mensa
3431 4371 3671 4426 induxit:

2096 4492 2254 4547 porro
2278 4476 2386 4544 jam
2420 4474 2561 4527 illata
2593 4473 2835 4533 veritate,
2867 4469 3053 4523 umbra
3100 4466 3354 4534 deinceps
3396 4465 3677 4519 abscondi-

2094 4580 2197 4634 tur,
2229 4582 2401 4638 neque
2424 4567 2532 4637 jam
2559 4564 2786 4635 amplius
2813 4561 3122 4632 tempestiva
3152 4571 3251 4614 est.
3286 4559 3401 4613 Noli
3426 4572 3553 4627 ergo
3575 4556 3676 4611 hoc

2094 4660 2404 4723 obtendere,
2432 4658 2524 4713 sed
2568 4656 2697 4712 mihi
2726 4654 2853 4710 illud
2884 4652 3125 4717 ostende,
3160 4651 3228 4705 ita
3259 4650 3371 4705 fieri
3400 4648 3673 4703 Christum

2088 4753 2331 4823 jussi-se.
2377 4751 2506 4806 Nam
2555 4765 2653 4820 ego
2691 4748 2902 4818 quidem
2930 4744 3250 4800 contrarium
3290 4738 3533 4803 ostendo,
3569 4755 3671 4792 non

2093 4847 2252 4901 modo
2282 4861 2385 4900 non
2423 4845 2647 4912 jussisse
2677 4843 2791 4895 dies
2818 4839 3111 4901 observari,
3158 4835 3251 4890 scd
3282 4836 3440 4889 etiam
3480 4833 3545 4884 ab
3577 4833 3676 4886 hac

2095 4955 2193 4992 nos
2224 4938 2542 4992 necessitate
2572 4935 2845 4990 liberasse.
2876 4931 3009 4985 Audi
3039 4944 3166 4982 sane
3192 4926 3314 4996 quid
3359 4924 3498 4976 dicat
3542 4922 3674 4976 l‘au-

2094 5029 2199 5095 lus,
2231 5044 2349 5083 cum
2379 5044 2505 5082 vero
2531 5026 2749 5082 Paulum
2768 5024 2906 5087 dico,
2928 5022 3047 5075 dico
3068 5019 3332 5075 Christum
3360 5034 3371 5068 :
3404 5015 3514 5081 ipse
3533 5014 3672 5066 (enim

2093 5129 2175 5175 est
2199 5120 2288 5189 qui
2319 5118 2467 5173 Pauli
2494 5118 2724 5171 animam
2754 5122 2965 5169 movet:
2995 5110 3119 5181 quid
3169 5109 3325 5178 igitur
3369 5105 3467 5159 iste
3510 5105 3674 5157 dicit?

2092 5211 2213 5266 Dies
2240 5211 2510 5267 observatis
2535 5220 2579 5264 et
2615 5225 2826 5272 menses,
2870 5215 2917 5259 et
2946 5215 3189 5271 tempora,
3219 5208 3265 5253 et
3291 5213 3468 5250 annos.
3499 5194 3673 5248 Timeo

2091 5323 2196 5371 vos,
2225 5323 2288 5359 ne
2315 5305 2445 5374 forte
2469 5304 2576 5357 sine
2603 5318 2755 5355 causa
2795 5296 3121 5353 laboraverim
3170 5295 3221 5346 in
3266 5291 3403 5345 vobis
3441 5288 3582 5352 (Cal.
3616 5288 3668 5341 4.

2093 5400 2181 5455 10.
2210 5398 2298 5469 11)
2325 5417 2338 5452 :
2362 5407 2414 5451 et
2436 5410 2637 5459 rursus,
2669 5393 3084 5460 Quotiescumque
3097 5387 3476 5443 manducabitis
3490 5398 3669 5451 panem

2091 5493 2241 5555 hunc,
2271 5500 2318 5545 et
2344 5491 2550 5545 calicem
2578 5488 2769 5550 bibetis,
2817 5493 3024 5539 mortem
3070 5483 3269 5535 Donum
3311 5476 3669 5530 annuntiubitis

2095 5584 2171 5656 (1.
2213 5583 2332 5639 Cor.
2367 5583 2452 5638 11.
2483 5579 2600 5652 26).
2642 5579 3076 5646 Quotiescumque
3124 5586 3254 5627 vero
3300 5586 3418 5625 cum
3452 5568 3664 5656 dixerit,

2090 5653 2331 5750 permisit
2363 5674 2463 5731 hoc
2493 5673 2608 5745 ejus
2635 5669 2873 5738 arbitrio,
2900 5667 2986 5741 qui
3014 5664 3238 5732 accedit,
3266 5675 3494 5734 eumque
3522 5653 3666 5713 omni
