4084 6186
425 220 452 248 κ

444 297 547 352 807

436 396 642 451 dierum
669 395 1038 449 observatione
1062 394 1335 450 liberavit.
1376 393 1499 451 Non
1544 394 1688 448 enim
1719 392 1864 456 idem,
1888 400 2013 446 sunt

439 485 640 541 Pascha
680 495 732 540 et
778 485 1187 555 Quadragesuna
1227 484 1361 539 :sed
1408 484 1548 538 aliud
1598 484 1822 548 Pascha,
1869 482 2012 537 aliud

438 577 849 645 Quadi-agesima
874 594 887 631 :
914 575 1170 646 siquidem
1188 576 1593 644 Qnadmgesima
1611 576 1776 631 semel
1798 577 1846 629 in
1874 590 2012 628 anno

441 670 518 731 ﬁt,
555 669 752 724 Pascha
784 669 855 739 (α)
880 686 1004 723 vero
1030 680 1108 725 ter
1137 672 1186 723 iu
1219 669 1584 734 heblomada,
1618 684 2012 737 nonnumquam

437 762 598 814 etiam
620 768 826 829 quater,
853 760 932 814 rel
962 763 1137 829 potius
1162 761 1598 830 quotiescumque
1626 761 1887 813 volumus.
1916 757 2014 812 Est

437 850 578 903 enim
599 849 798 903 Pascha
820 865 923 902 non
941 849 1222 918 jejunium,
1243 849 1334 903 sed
1354 850 1574 913 oblatio,
1594 857 1648 901 et
1666 846 2010 913 sacriﬁcium,

435 941 576 1010 quod
610 942 659 993 io
690 942 910 1009 singulis
937 941 992 994 lit
1016 941 1274 995 collectis.
1306 941 1416 995 lloc
1442 950 1616 995 autem
1650 941 1716 992 ita
1747 955 1886 1001 esse,
1907 938 2011 993 col-

438 1032 538 1100 lige
560 1048 623 1086 ex
656 1031 738 1084 his
760 1031 905 1085 Pauli
936 1032 1129 1096 verbis,
1162 1033 1360 1086 Pascha
1379 1041 1601 1085 nostrum
1629 1048 1720 1098 pro
1749 1030 1888 1084 nobis
1916 1032 2013 1083 im-

437 1126 651 1179 molatus
677 1134 747 1177 est
772 1124 999 1179 Cltrtstus
1042 1126 1116 1194 (Ι.
1156 1124 1268 1178 Cor.
1313 1125 1361 1179 5.
1391 1124 1469 1192 7),
1510 1134 1558 1177 cl
1596 1123 2013 1195 Quotiescumque

434 1214 801 1270 nmuducuL-itis
847 1233 1026 1286 panem
1069 1216 1219 1275 Imue.
1265 1226 1311 1268 et
1343 1217 1546 1269 culicem
1585 1215 1774 1279 bibetis,
1801 1225 2011 1268 mortem

443 1305 644 1359 Domini
689 1308 1051 1360 annuutiabitis
1098 1306 1204 1378 (Ib.
1258 1307 1343 1360 il.
1384 1306 1500 1377 26).
1553 1304 1737 1375 Itaque,
1770 1301 2010 1375 quoties-

434 1410 661 1465 etuuque
699 1412 818 1450 cum
850 1399 1168 1452 conscientia
1200 1397 1391 1450 tnuuda
1421 1397 1650 1462 accedis,
1685 1396 1882 1451 Pascha
1924 1410 2012 1450 ce-

439 1487 632 1554 lebras,
666 1504 771 1543 non
797 1489 1010 1557 quando
1034 1489 1261 1556 jejunas,
1292 1488 1384 1543 sed
1429 1488 1641 1557 quando
1667 1487 1911 1542 sacrificii
1944 1487 2007 1540 il-

438 1577 535 1629 lius
558 1577 618 1631 iis
636 1579 916 1647 particeps.
939 1578 1353 1645 Quotiescumque
1377 1580 1505 1643 enim
1530 1578 1898 1632 munducubitis
1920 1597 2011 1645 pu-

438 1688 548 1723 nem
580 1672 732 1731 hunc,
756 1683 801 1725 et
826 1673 1031 1725 calicem
1061 1673 1248 1735 bibetis,
1279 1682 1487 1725 mortem
1516 1670 1718 1725 Domini
1737 1673 2008 1725 annuntia-

435 1760 567 1813 bitis.
599 1761 797 1815 Pascha
831 1778 957 1816 vero
1003 1775 1081 1814 est
1115 1772 1338 1816 mortem
1365 1763 1699 1815 anntmtiare.
1732 1761 1862 1819 Nam
1889 1778 2008 1831 quae

435 1848 591 1903 hodie
616 1851 672 1905 lit
697 1851 913 1913 obl-tio,
947 1868 1170 1922 qumque
1215 1851 1463 1907 he~lferno
1487 1854 1573 1907 die
1614 1852 1876 1907 celebrata
1902 1859 2004 1917 est,

433 1951 485 1994 et
515 1957 632 2010 qua:
661 1943 879 2013 singulis
905 1941 1110 2004 diebus,
1138 1944 1324 1998 similis
1350 1952 1432 1998 est
1475 1955 1527 1997 ct
1566 1944 1751 1998 eadem
1778 1957 1897 1997 cum
1918 1958 2005 2010 ea,

433 2049 550 2101 qme
580 2033 665 2089 die
693 2035 774 2088 illa
815 2036 1017 2091 sabbati
1048 2041 1177 2090 iacta
1211 2048 1309 2100 est,
1334 2048 1383 2090 et
1414 2037 1578 2091 nihilo
1610 2039 1701 2091 fuit
1732 2037 1814 2091 illa
1843 2052 2006 2092 νοηθ-

435 2124 652 2178 rabilior
672 2125 792 2188 ista,
826 2143 992 2195 neque
1021 2129 1173 2181 \‘ilinr
1198 2129 1309 2182 hzec
1333 2145 1487 2197 quam
1518 2130 1627 2191 itla,
1655 2115 1876 2186 seduna
1908 2143 2006 2182 ea-

433 2212 661 2283 demque
683 2217 878 2281 pariter
904 2217 1171 2269 tremenda
1205 2227 1256 2270 et
1282 2219 1544 2271 salutaris.
1896 2201 1909 2214 ’

503 2302 604 2356 Cur
626 2321 713 2371 per
738 2304 804 2359 40
827 2306 931 2359 dies
945 2307 1306 2377 jejunetur.—
1327 2308 1493 2374 Quam
1528 2309 1684 2378 igitur
1704 2308 1772 2363 ob
1791 2325 2004 2363 causam

431 2392 752 2462 jcjtmanms,
807 2395 993 2465 inquit,
1043 2412 1136 2466 per
1178 2396 1273 2452 hes
1312 2399 1423 2452 dies
1450 2399 1832 2469 quadraginta?
1858 2398 2004 2453 Multi

433 2482 696 2551 quondam
744 2493 940 2539 temere
976 2501 1037 2540 ac
1065 2487 1180 2540 sine
1204 2486 1422 2556 jtulicio,
1465 2489 1722 2558 Ira-cipue
1751 2504 1876 2543 vero
1906 2490 2005 2542 hoc

431 2583 673 2644 tempore
701 2570 805 2646 quo
833 2578 1070 2631 Christus
1111 2596 1171 2632 ea
1213 2580 1453 2644 tradidit,
1479 2581 1543 2633 ad
1576 2596 1725 2635 sacra
1753 2581 2001 2653 mysteria

425 2665 767 2721 accedebant.
797 2668 927 2721 Cum
955 2668 1114 2735 igitur
1141 2670 1492 2741 intelligerent
1519 2672 1719 2737 Patres,
1749 2681 2000 2743 quantum

433 2771 497 2810 cx
527 2759 810 2811 temerario
858 2775 1074 2815 accessu
1123 2761 1424 2816 detrimenti
1465 2773 1759 2832 caperetur,
1808 2780 2002 2821 conve-

428 2847 634 2902 nientes
673 2849 1021 2920 quadraginta
1067 2853 1182 2907 dies
1205 2851 1412 2923 jejunii,
1444 2870 1682 2925 precum,
1716 2857 2003 2912 auditionis

425 2939 572 2993 verbi
604 2941 714 3007 Dei,
748 2952 799 2995 ct
828 2955 1180 2998 cooreutuum
1204 2936 1570 3016 designaruut.
1603 2957 1659 3003 ut
1686 2949 1737 3006 in
1778 2948 1858 3002 his
1887 2951 2002 3003 dic-

427 3032 524 3086 lms
550 3048 734 3087 manes
763 3049 857 3104 per
898 3051 1104 3113 preces,
1140 3052 1233 3104 per
1276 3037 1690 3111 eleemosynam,
1724 3056 1820 3111 per
1853 3041 2000 3111 jvju-

423 3123 589 3189 nium,
620 3140 712 3193 rer
740 3126 957 3194 t'tgilia<,
990 3142 1081 3196 per
1102 3127 1387 3198 1.tcrytu:ts,
1411 3146 1502 3197 pt'r
1521 3118 2001 3187 confessioucurac

424 3229 518 3283 per
546 3226 733 3269 ca-tera
762 3219 935 3269 ottntia
964 3218 1242 3286 diligenter
1283 3219 1576 3289 cxpurgali,
1621 3221 1688 3274 ita
1718 3238 1812 3291 pro
1840 3233 1997 3291 eaput

420 3314 602 3357 nostro
641 3322 759 3359 eum
803 3310 1120 3363 coascieutia
1154 3325 1280 3378 pura
1324 3314 1653 3366 accedamus.
1690 3314 1850 3368 l’orr-i
1881 3314 1996 3368 illos

422 3394 520 3450 hac
547 3409 642 3449 Sua
673 3397 858 3450 curule:
873 3400 1125 3453 censione
1177 3417 1421 3470 maguum
1454 3402 1575 3469 quid
1628 3412 1682 3456 et
1724 3390 1992 3473 egregium

421 3489 752 3555 prmstitisse,
787 3490 911 3549 dqu
945 3491 1251 3556 effecerunt,
1287 3505 1338 3551 ul
1374 3487 1422 3548 in
1446 3495 1632 3564 jejunii
1654 3496 1996 3551 consuetudi-

421 3593 541 3632 nem
583 3580 905 3648 veniremus,
959 3584 1083 3637 inde
1127 3597 1357 3642 constat.
1408 3587 1540 3641 Nam
1588 3605 1684 3643 nos
1707 3591 1917 3660 quidem
1949 3593 1992 3645 si

419 3677 529 3721 toto
555 3685 696 3723 anno
722 3672 953 3726 clamare
988 3689 1051 3728 ac
1074 3674 1336 3744 jejunium
1362 3678 1649 3746 pradicare
1680 3696 1782 3734 non
1810 3697 1992 3735 cesse-

417 3776 556 3821 mus,
606 3777 762 3814 nemo
789 3764 962 3817 verbis
1000 3767 1197 3820 nostris
1223 3766 1456 3822 animum
1487 3770 1707 3824 attendit
1735 3789 1747 3820 :
1780 3772 1919 3842 quod
1948 3774 1997 3828 si

417 3859 619 3903 tantum
647 3851 1072 3921 Quadragesitua:
1097 3866 1304 3928 tempus
1325 3860 1619 3925 advenerit,
1652 3862 1775 3918 licet
1803 3864 1993 3917 cohor-

417 3952 555 4001 lclttr
584 3960 760 4010 nemo,
810 3949 925 4000 licet
965 3948 1246 4004 consilium
1276 3951 1367 4005 det
1395 3968 1570 4015 nemo,
1603 3956 1762 4009 etiam
1805 3955 1870 4020 is,
1902 3956 1990 4025 qui

416 4037 898 4108 neglige-ltissimus
926 4039 1103 4105 fuerit,
1131 4043 1411 4108 excitatur,
1436 4054 1490 4098 et
1519 4044 1752 4100 oblatum
1779 4046 1848 4100 ab
1876 4047 1992 4114 ipsi»

413 4141 650 4199 tempore
677 4134 956 4186 consilium
989 4145 1040 4185 et
1071 4134 1488 4189 eohortationem
1516 4135 1767 4195 admittit.
1802 4137 1856 4197 Si
1891 4137 1989 4204 igi-

413 4231 497 4275 tur
521 4222 805 4291 interroget
842 4235 892 4278 te
912 4223 1129 4278 Judaeus
1157 4232 1209 4279 et
1237 4224 1464 4280 chtilis
1489 4243 1588 4294 qua
1618 4227 1686 4282 de
1724 4243 1883 4282 causa
1909 4227 1989 4296 je-

405 4312 585 4382 juues,
619 4330 684 4368 ue
709 4316 852 4368 dicas
893 4329 1107 4387 propter
1131 4317 1350 4380 Pascha,
1402 4330 1574 4386 neque
1623 4328 1837 4389 propter
1863 4330 1986 4373 cru-

407 4418 560 4465 cem:
587 4407 662 4459 sic
687 4406 827 4459 enim
855 4423 1037 4474 ausam
1070 4409 1141 4462 illi
1173 4425 1271 4463 nos
1296 4412 1547 4480 arguendi
1576 4412 1864 4480 pra-heres.
1884 4411 1988 4466 Ne-

408 4512 512 4565 que
527 4496 668 4549 enim
693 4498 761 4552 ob
784 4498 981 4553 Pascha
997 4501 1316 4570 jejunamus,
1344 4519 1513 4573 neque
1542 4504 1610 4557 ob
1634 4519 1867 4569 crucem,
1893 4505 1986 4559 sed

411 4590 481 4642 ob
504 4598 718 4654 peccata
743 4603 941 4658 nostra,
965 4596 1214 4663 quoniam
1234 4595 1300 4649 ad
1324 4598 1574 4667 mysteria
1597 4614 1781 4655 sumus
1806 4614 1988 4653 acces-

408 4679 520 4733 snri
554 4697 567 4731 :
599 4696 720 4734 nam
750 4682 942 4752 alioqui
975 4683 1174 4739 Pascha
1212 4701 1315 4739 non
1341 4687 1547 4755 jejunii,
1579 4704 1750 4758 neque
1794 4690 1985 4756 luctus,

407 4771 501 4826 sed
524 4772 697 4842 gaudii
722 4785 773 4828 ct
796 4776 1166 4831 exsultationis
1184 4787 1264 4832 est
1285 4781 1515 4833 οιιοςιείη.
1539 4783 1675 4835 Crux
1697 4783 1837 4837 enim
1862 4798 1987 4853 pec-

404 4872 584 4917 catum
599 4866 833 4941 sustulit,
865 4867 1094 4935 expiatio
1121 4868 1374 4924 htitorhis
1394 4880 1675 4937 terrarum,
1708 4875 1984 4929 inveterati

406 4953 511 5008 odii
546 4956 925 5016 reconciliatio,
953 4957 1143 5022 jauuas
1173 4961 1286 5014 caeli
1326 4964 1552 5028 aperuit,
1583 4979 1676 5020 ens
1703 4965 1788 5034 qni
1819 4967 1985 5021 odiosi

405 5057 579 5112 erant,
598 5049 796 5103 amicos
821 5050 1067 5114 reddidit,
1091 5053 1141 5105 in
1172 5053 1358 5119 cadum
1376 5054 1606 5117 reduxit,
1633 5068 1870 5112 naturam
1901 5074 1988 5113 no-

407 5153 572 5198 stram
601 5145 653 5197 in
671 5143 843 5199 throni
868 5144 1082 5215 dextera
1098 5147 1397 5215 collocavit,
1414 5149 1515 5203 alia
1542 5150 1691 5205 nobis
1710 5150 1985 5209 innumera

405 5235 539 5289 lmna
569 5237 749 5307 largita
771 5249 871 5294 est.
890 5237 1004 5292 Non
1034 5238 1191 5309 igitur
1212 5241 1391 5312 lugere
1406 5259 1467 5296 ac
1490 5257 1720 5299 maerore
1741 5247 1986 5304 contrahi

404 5339 633 5396 oportet,
689 5329 782 5384 sed
832 5329 1021 5385 horum
1058 5334 1294 5389 omnium
1323 5350 1482 5389 causa
1512 5335 1745 5406 gaudere
1780 5353 1845 5393 ac
1890 5339 1986 5394 he-

465 5503 541 5580 (tfi
556 5507 735 5580 Pascha
750 5508 841 5580 hoc
860 5508 965 5580 loco
981 5508 1266 5580 intelligitur
1282 5498 1561 5580 sacriﬁcium
1587 5520 1639 5564 et
1655 5513 1864 5580 liturgia,
1875 5530 1986 5580 quae

402 5563 702 5642 al‘esatulrize
726 5579 803 5642 ter
828 5572 877 5621 in
915 5563 1213 5642 hebdomade
1247 5573 1605 5642 celebrabatur,
1626 5563 1706 5627 et
1722 5563 1987 5642 (aliquid?)

615 5632 959 5703 Wflefeh‘d
981 5633 1162 5703 Cilicem
1194 5647 1398 5703 open}!!!
1418 5632 1734 5702 Cht'ysostond
1758 5632 1864 5690 fuse
1885 5641 1985 5690 dis-

400 5690 661 5750 putabitur,
685 5692 766 5739 ubi
787 5691 851 5741 de
870 5691 1059 5756 liturgia
1077 5690 1240 5747 sermo
1264 5698 1372 5745 erit.

1178 277 1235 336 S.
1273 278 1550 336 JOANNIS
1584 276 2052 369 CHRYSOSTOMl
2091 275 2407 334 ARCHIEP.
2434 274 2983 357 (CONBTANTINOP.

3591 278 3697 337 868

2119 390 2238 444 tari.
2265 389 2555 460 Propterea
2576 406 2786 462 quoque
2807 389 2939 444 dixit
2968 387 3195 443 Paulus:
3222 387 3350 443 .llilii
3377 396 3541 442 autem
3566 390 3698 444 absit

2115 479 2345 553 gloriari,
2377 481 2474 551 nisi
2500 482 2551 539 in
2577 498 2725 534 cruce
2757 480 2961 534 Domini
2995 479 3155 535 nostri
3178 479 3303 533 Jesu
3336 479 3522 535 (.‘Itristi
3548 480 3690 551 (Gul.

2118 571 2172 627 6.
2219 571 2336 643 l4):
2364 580 2421 627 et
2459 588 2644 627 rursus
2672 591 2683 626 :
2714 572 3044 635 Commendat
3072 583 3238 626 autem
3268 574 3524 627 caritatem
3549 591 3694 627 suum

2116 659 2256 717 Deus
2284 679 2402 733 ergo
2429 680 2520 718 nos
2542 679 2562 717 :
2593 663 2827 733 quoniam
2867 680 2982 717 cum
3022 663 3190 716 adlmc
3212 656 3215 659 ’
3234 674 3515 730 peccatores
3557 681 3694 717 esse-

2117 769 2249 815 ntus,
2280 753 2509 808 Christus
2548 771 2641 824 pro
2683 736 2825 808 nobis
2859 764 3085 808 mortuus
3113 764 3185 806 est
3224 753 3398 818 (Rem.
3432 754 3482 811 5.
3518 755 3611 825 8):
3639 765 3696 810 et

2116 843 2346 921 Joannes
2366 844 2435 921 ita
2457 844 2611 921 plane
2630 845 2864 915 loquitur
2888 863 2899 898 :
2927 845 3018 900 Sic
3036 846 3167 899 enim
3190 845 3321 898 Deus
3344 846 3524 901 dilexit
3541 865 3690 907 uinit-

2117 933 2238 986 dum
2264 918 2442 1003 (Jama.
2478 935 2531 988 5.
2557 918 2670 1007 16).
2702 934 3000 1002 Quomodo,
3034 934 3251 1005 qtneso?
3282 936 3347 990 Et
3373 937 3495 990 aliis
3514 939 3693 990 enmi-

2114 1023 2215 1077 bus
2246 1014 2617 1095 pra-termissis
2642 1039 2851 1080 crucem
2880 1027 3074 1095 posuit.
3117 1025 3251 1078 Cum
3278 1026 3417 1080 enim
3450 1025 3690 1090 dixisset,

2116 1113 2207 1169 Sic
2232 1111 2369 1167 Deus
2388 1115 2562 1179 dilexit
2587 1116 2848 1181 mundum,
2875 1115 3085 1186 adjecit,
3113 1114 3179 1171 Ut
3196 1114 3244 1170 F
3244 1117 3385 1172 ilium
3408 1134 3552 1171 suum
3574 1120 3693 1171 ani-

2114 1209 2334 1278 genitum
2361 1207 2524 1273 daret,
2551 1218 2607 1263 ut
2627 1209 3042 1278 crucifigeretur,
3066 1210 3123 1261 ut
3152 1205 3335 1277 omnis,
3356 1210 3441 1279 qui
3461 1210 3614 1262 credit
3638 1211 3691 1267 in

2115 1316 2245 1363 euut,
2278 1317 2375 1352 non
2403 1289 2591 1371 pereat,
2630 1299 2719 1352 sed
2757 1300 2934 1352 habeat
2976 1299 3127 1353 citam
3169 1313 3424 1353 a'ternum.
3463 1296 3520 1354 Si
3563 1315 3692 1369 ergo

2114 1389 2349 1443 raritatis
2376 1389 2585 1444 occasio
2613 1405 2739 1444 crux
2773 1399 2873 1456 est,
2902 1401 2955 1444 et
2976 1378 3325 1461 gloriatio,ne
3341 1388 3580 1446 dicamus
3594 1406 3691 1445 nos

2114 1480 2229 1546 ejus
2257 1496 2414 1535 causa
2437 1481 2635 1552 lugere.
2667 1479 2782 1534 Non
2814 1482 2956 1536 enim
2982 1480 3048 1535 ob
3074 1480 3214 1533 illam
3238 1482 3498 1550 ingemas,
3531 1479 3687 1545 absit,

2113 1571 2206 1624 sed
2229 1570 2296 1624 ob
2317 1579 2496 1625 nostra
2527 1580 2760 1641 peccata.
2785 1571 2985 1625 ldrirco
3005 1572 3323 1641 jcjauamus.

2184 1662 2237 1715 5.
2278 1648 2627 1716 Catecliumeni
2646 1679 2745 1716 non
2772 1663 3019 1717 celebrant
3051 1661 3275 1715 Pascha;
3296 1692 3364 1702 -—
3384 1662 3525 1718 Sane
3546 1663 3690 1719 Cate-

2112 1753 2408 1809 chumeuus
2434 1770 2718 1825 nutuquam
2744 1756 2940 1809 Pascha
2968 1755 3218 1817 celebrat,
3237 1754 3686 1825 quamvisjejunet

2112 1845 2334 1912 singulis
2374 1844 2548 1909 annis,
2597 1846 2844 1915 quoniam
2877 1844 3127 1899 oblationi
3159 1861 3264 1899 non
3307 1848 3685 1913 communicat,

2111 1932 2556 2003 quemadmodum
2588 1943 2641 1988 et
2660 1935 2746 2004 qui
2776 1950 2880 1987 non
2911 1934 3136 2003 jejuuat,
3167 1938 3213 1987 si
3240 1949 3359 1987 emu
3391 1951 3518 2004 pura
3546 1950 3687 1990 acce-

2111 2023 2564 2086 datconscientia.
2584 2016 2789 2079 Pascha
2814 2024 3067 2086 celebrat,
3092 2026 3205 2079 sive
3225 2025 3402 2090 hodie,
3420 2024 3532 2080 sive
3547 2040 3682 2091 cras,

2111 2114 2225 2168 sive
2253 2113 2358 2168 alio
2384 2117 2572 2184 quovis
2604 2122 2842 2183 tempore
2872 2114 3256 2179 communionis
3287 2100 3373 2168 lial
3402 2116 3682 2184 giarticepz.

2112 2205 2225 2259 Non
2270 2208 2411 2260 enim
2455 2221 2521 2261 ex
2564 2215 2859 2276 temporum
2906 2208 3294 2273 observatione,
3328 2210 3421 2263 sed
3451 2225 3514 2264 es
3557 2225 3683 2279 pura

2111 2295 2431 2351 conscientia
2458 2298 2689 2365 optimus
2714 2298 2981 2366 judicatur
3015 2313 3279 2354 access-ts.
3327 2299 3395 2355 At
3438 2315 3534 2353 nos
3568 2317 3687 2354 rou-

2113 2386 2327 2440 trarium
2353 2387 2577 2457 agimus,
2598 2397 2826 2444 mentem
2848 2391 3059 2458 quidem
3079 2405 3566 2460 nouexpurgaums.
3589 2392 3684 2451 sed

2110 2478 2152 2528 si
2169 2477 2255 2531 die
2280 2470 2369 2531 illo
2391 2479 2719 2542 accedamus,
2744 2479 3015 2535 celebrare
3040 2496 3136 2535 nos
3157 2479 3354 2535 Pascha
3382 2494 3683 2545 censemus,

2109 2571 2448 2639 quantumvis
2479 2574 2708 2640 peccatis
2736 2573 3112 2628 redundemus.
3140 2574 3242 2630 Sed
3274 2592 3378 2628 non
3419 2576 3575 2639 itase
3600 2590 3685 2630 res

2109 2660 2289 2726 habet,
2318 2678 2422 2717 non
2451 2665 2519 2718 ita
2544 2666 2720 2734 plane,
2741 2682 2925 2723 verum
2953 2666 3075 2723 licet
3104 2669 3187 2722 vel
3228 2667 3279 2725 iu
3310 2669 3424 2738 ipso
3466 2668 3687 2726 sabbato

2108 2769 2225 2806 cum
2261 2771 2417 2825 prava
2459 2759 2747 2813 acees~cris
2770 2760 3113 2825 conscientia,
3142 2760 3380 2815 excidisti
3403 2776 3431 2814 a
3456 2777 3686 2815 connnu-

2107 2845 2288 2916 nione,
2312 2858 2364 2904 et
2384 2865 2488 2904 nou
2518 2850 2783 2905 C(‘lt'bl‘.:l0
2807 2848 3006 2908 PasCha
3028 2853 3328 2909 recessisti:
3350 2853 3686 2925 quemadmo-

2107 2938 2230 2993 dum
2267 2951 2468 3006 contra,
2511 2942 2631 2997 licet
2659 2942 2814 2998 hodie
2839 2945 3198 3000 communices
3225 2944 3478 3000 abstersis
3506 2957 3686 3017 peccs—

2108 3029 2194 3096 lis,
2217 3030 2496 3102 diligenter
2535 3033 2731 3087 Pascha
2764 3035 3063 3089 celebrasﬁ.
3109 3034 3254 3089 llane
3285 3035 3442 3105 igitur
3464 3034 3683 3105 diligen-

2102 3121 2232 3174 tiam
2254 3131 2516 3191 oporteret
2550 3138 2610 3177 ac
2639 3124 3023 3179 vehementiam
3051 3139 3154 3179 non
3181 3127 3231 3179 in
3256 3117 3556 3194 temporum
3584 3125 3682 3179 ob-

2104 3214 2424 3277 servatione,
2457 3215 2550 3267 sed
2568 3215 2624 3267 in
2652 3214 2868 3270 accessu
2890 3216 3136 3271 servare:
3160 3227 3211 3293 et
3236 3216 3678 3287 quemadmodum

2104 3305 2313 3372 quidvis
2340 3307 2538 3374 perpeu
2571 3307 2815 3369 malletis,
2847 3322 3005 3376 quam
3031 3305 3466 3361 consuetudinem
3492 3307 3681 3359 immu-

2105 3405 2249 3452 tare:
2277 3398 2345 3453 ita
2378 3388 2643 3468 negligere
2665 3399 2874 3468 quidem
2899 3399 2999 3455 hoc
3026 3411 3315 3468 oporteret,
3338 3400 3545 3470 quidvis
3587 3416 3682 3453 au-

2106 3499 2209 3544 tem
2241 3493 2441 3559 perpeti
2473 3508 2534 3545 ac.
2564 3494 2836 3566 perlicere,
2867 3503 2918 3545 ut
2949 3503 3158 3546 necum
3189 3493 3418 3561 peccatis
3453 3493 3677 3547 accede-

2101 3582 2248 3635 retis.
2280 3581 2349 3637 Ut
2391 3583 2530 3638 enim
2564 3583 2826 3653 intelligas
2870 3579 3033 3638 Deum
3077 3583 3598 3651 uolamrlemporum
3625 3590 3679 3635 et

2100 3673 2490 3727 observationis
2529 3674 2679 3727 istius
2710 3660 2903 3728 habere
2929 3676 3209 3738 rationem,
3238 3675 3359 3728 audi
3386 3690 3506 3730 eum
3536 3672 3676 3744 judi.

2098 3766 2237 3818 cium
2286 3775 2626 3820 exercentem
2656 3782 2668 3818 :
2696 3765 3008 3822 Esuricutent
3047 3783 3125 3821 me
3157 3762 3366 3831 vidistis,
3410 3753 3675 3837 inquit,“

2098 3850 2294 3909 aluistis
2315 3873 2392 3909 nte
2405 3872 2427 3912 :
2443 3857 2708 3919 sitientem,
2731 3865 2778 3911 et
2797 3857 3004 3912 dedistis
3023 3842 3144 3911 mihi
3166 3870 3338 3927 potum
3357 3874 3376 3912 :
3396 3859 3607 3924 nudum,
3630 3867 3678 3911 ct

2099 3950 2365 4015 operut'stt's
2411 3965 2488 4001 me
2533 3947 2742 4019 (.lIattIt.
2769 3931 2854 4004 23.
2893 3949 3020 4015 55):
3050 3959 3100 4002 et
3148 3949 3229 4003 his
3271 3950 3415 4018 quia
3447 3949 3675 4004 sinistris

2096 4047 2221 4091 sunt
2248 4039 2507 4108 cttltll'at‘la
2529 4040 2812 4108 exprobrat
2852 4034 2920 4093 Et
2948 4056 3131 4093 rursus
3153 4040 3312 4093 alium
3338 4040 3675 4096 introducens

2097 4134 2167 4183 oh
2198 4130 2959 4200 recordationeminjuriarum
2998 4132 3219 4203 castigat
3256 4148 3271 4188 :
3315 4131 3468 4187 Serve
3507 4135 3672 4199 enim,

2096 4223 2284 4294 inquit,
2319 4238 2551 4295 nequam,
2582 4242 2727 4278 autne
2755 4224 2976 4278 debitum
3006 4225 3136 4278 illud
3171 4224 3341 4289 dimisi
3367 4226 3486 4291 tibi;
3512 4242 3675 4279 nonne

2096 4317 2316 4388 oportuit
2338 4328 2384 4370 et
2413 4330 2459 4370 te
2486 4300 2707 4370 misereri
2734 4318 2956 4371 conservi
3000 4318 3092 4377 tui,
3112 4312 3115 4315 ’
3132 4318 3262 4371 sicut
3288 4325 3336 4370 et
3363 4326 3454 4388 ego
3482 4319 3556 4371 tui
3583 4318 3668 4369 mi-

2094 4422 2255 4465 sertus
2296 4428 2406 4485 sum
2435 4409 2549 4477 (Id.
2609 4410 2673 4465 18
2728 4410 2853 4477 '52)?
2882 4409 3083 4464 llttrsus
3125 4410 3378 4480 virgines,
3426 4412 3671 4480 quoniam

2094 4504 2270 4557 oleum
2303 4505 2352 4556 in
2380 4502 2712 4573 lampadibus
2755 4517 2858 4557 non
2888 4502 3145 4558 habebant
3180 4500 3289 4575 (Id.
3312 4503 3402 4559 25.
3432 4504 3485 4558 'l.
3517 4504 3670 4573 ηιμ),

2094 4611 2124 4650 a
2147 4586 2380 4650 thalamo
2400 4595 2578 4664 sponsi
2604 4595 2829 4648 exclusit
2853 4611 2864 4646 :
2899 4594 3080 4653 alium,
3110 4594 3248 4662 quod
3274 4594 3561 4663 nuptialem
3587 4608 3673 4645 ve-

2094 4694 2228 4740 stem
2260 4675 2364 4739 non
2397 4685 2595 4740 habens
2635 4693 2779 4739 esset
2821 4685 3090 4755 ingressus
3128 4682 3240 4753 (Id.
3290 4683 3671 4755 22.1l.sqq.),

2093 4775 2186 4831 sed
2207 4776 2435 4832 sordidis
2463 4784 2604 4830 esset
2638 4777 2965 4832 vestimentis
2990 4776 3221 4832 indutus.
3254 4775 3602 4832 fctrtticatione
3622 4783 3672 4827 rt

2096 4868 2398 4938 impuritalc
2426 4878 2745 4937 coopertus:
2769 4867 2908 4936 quod
2935 4876 3111 4921 autem
3144 4866 3242 4920 hoc
3272 4866 3352 4919 Vt'l
3380 4866 3473 4921 illo
3494 4880 3673 4921 menso

2095 4961 2292 5015 Pascha
2323 4959 2530 5026 fecerit,
2559 4976 2716 5015 nemo
2744 4975 2992 5031 tauquam
3020 4960 3233 5029 punitus
3253 4968 3352 5023 est,
3376 4968 3465 5013 aut
3497 4973 3673 5030 repre-

2095 5052 2310 5107 hensus.
2339 5050 2444 5106 Sed
2472 5052 2597 5123 quid
2625 5067 2722 5121 ego
2749 5051 2817 5106 de
2854 5051 3005 5105 nobis
3037 5051 3223 5121 loquor
3261 5050 3336 5104 ab
3355 5053 3501 5104 omni
3531 5050 3672 5119 ejus-

2093 5144 2236 5200 modi
2257 5145 2444 5214 quavis
2467 5144 2781 5199 necessitate
2816 5132 3072 5203 liberatis.
3103 5152 3157 5197 et
3182 5136 3406 5212 quorum
3444 5156 3670 5197 com-cro

2092 5234 2229 5290 satio
2252 5250 2460 5291 sursum
2506 5235 2557 5290 in
2586 5232 2731 5289 caelis
2759 5244 2862 5301 est,
2892 5234 2982 5289 ubi
3012 5248 3225 5289 menses
3251 5241 3306 5288 et
3332 5231 3413 5287 sol
3444 5242 3498 5287 et
3525 5232 3667 5296 luna,

2091 5335 2146 5382 et
2170 5342 2427 5382 annorum
2458 5342 2564 5380 non
2591 5338 2673 5381 est
2703 5327 2996 5382 circuitus?
3017 5324 3095 5381 Ne
3135 5325 3273 5397 apud
3314 5323 3529 5380 Judmos
3556 5325 3669 5395 qui-

2092 5418 2233 5482 dem,
2286 5419 2329 5473 si
2375 5419 2492 5488 quis
2535 5419 2817 5490 diligenter
2856 5420 3091 5474 animum
3119 5416 3394 5472 attendere
3420 5415 3666 5478 voluerit,

2093 5512 2346 5583 temporis
2375 5525 2618 5581 magnam
2646 5511 2874 5566 habitam
2903 5524 3024 5566 esse
3047 5511 3305 5565 rationem
3335 5505 3667 5567 videbit.sod

2093 5603 2546 5674 Jerosolymorum
2569 5603 2644 5658 illi
2671 5603 2835 5660 l'ois.<e
2853 5604 3027 5659 locum
3052 5603 3357 5658 antelatum.
3385 5597 3518 5655 Nam
3538 5610 3667 5669 quo-

2096 5695 2237 5750 niam
2269 5707 2333 5751 ao
2361 5690 2596 5758 Movscm
2625 5700 2940 5760 accedentes
2954 5701 3207 5761 dicebant
3232 5719 3246 5757 :
3273 5694 3543 5755 Immsudi
3570 5707 3664 5748 su-
