4084 6186
420 303 530 365 867

412 446 593 513 πάσης
637 438 861 510 ἡμερῶν
887 437 1321 509 παρατηρήσεως
1353 438 1666 505 ἀπαλλάξας
1698 442 1878 497 αὐτόν.
1917 444 1991 496 Οὐ

410 525 519 596 γάρ
550 519 747 578 ταύτὸν
791 521 980 591 πάσχα
1029 521 1122 573 καὶ
1169 522 1603 594 τεσσαρακοστὴ,
1650 524 1764 577 ἀλλ’
1809 526 1993 596 ἕτερον

411 609 615 678 πάσχα,
644 605 737 658 κα)⁸
764 605 951 675 ἕτερον
973 606 1407 676 τεσσαρακοστή.
1441 604 1865 679 Τεσσαρακοστὴ
1893 609 1991 681 μὲν

408 693 516 763 γάρ
572 687 719 754 ἅπαξ
758 687 853 741 τοῦ
898 685 1145 741 ἐνιαυτοῦ
1188 688 1436 755 γίνεται,
1492 689 1679 760 πάσχα
1718 690 1775 744 δὲ
1810 692 1992 762 τρίτον

406 776 507 845 τῆς
545 770 867 842 ἑϐδομάδος·
896 770 1013 822 ἐστι
1043 770 1088 824 δ’
1117 771 1207 824 ὅτε
1243 772 1336 824 καὶ
1374 770 1656 842 τέταρτον,
1704 773 1902 843 μᾶλλον
1932 774 1990 826 δὲ

408 860 599 923 ὁσάκις
627 858 695 913 ἂν
723 855 1039 926 βουλώμεθα
1064 871 1079 885 ο
1115 856 1299 925 πάσχα
1322 855 1432 927 γὰρ
1470 857 1532 909 οὐ
1571 859 1794 933 νηστεία
1821 860 1989 922 ἐστὶν,

408 945 525 1000 ἀλλ’
559 946 593 1014 ή
627 939 914 1013 προσφορά
954 940 1047 993 καὶ
1080 941 1114 1010 ή
1156 939 1318 994 θυσία
1349 941 1384 1013 ή
1416 940 1538 996 καθ’
1567 940 1804 1013 ἑκάστην
1842 956 1990 1011 γινο-

408 1030 546 1099 μένη
575 1023 816 1090 σύναξιν.
847 1023 959 1076 Καὶ
977 1023 1059 1076 ὅτι
1087 1022 1243 1075 τοῦτό
1269 1025 1439 1086 ἐστιν,
1467 1025 1700 1079 ἄκουσον
1726 1024 1820 1080 τοῦ
1844 1025 1991 1078 Παύ-

406 1110 501 1165 λου
530 1109 800 1177 λέγοντος,
838 1103 909 1160 Τὸ
952 1104 1162 1174 πάσχα
1206 1104 1377 1175 ἡμῶν
1427 1106 1576 1175 ὑπὲρ
1604 1105 1774 1177 ἡμῶν
1808 1108 1988 1174 ἐτύθη

407 1191 662 1263 Χριστός
683 1205 697 1220 ·
729 1189 843 1253 καὶ,
885 1186 1123 1254 Ὁσάκις
1155 1186 1232 1242 ἂν
1257 1189 1498 1257 ἐσθίητε
1518 1188 1627 1243 τὸν
1651 1189 1836 1258 ἄρτον
1855 1189 1990 1244 τοῦ·

404 1292 532 1337 τον,
564 1273 664 1328 καί
711 1271 778 1325 τὸ
809 1268 1096 1338 ποτήριον
1140 1271 1375 1339 πίνητε,
1425 1271 1534 1325 τόν
1580 1271 1841 1327 θάνατον
1880 1272 1987 1328 τοῦ

406 1361 629 1430 Κυρίου
676 1354 1129 1425 καταγγέλλετε.
1192 1356 1356 1410 Ὥστε
1403 1357 1596 1421 ὁσάκις
1644 1356 1712 1411 ἂν
1754 1356 1988 1429 προσίῃς

406 1443 548 1516 μετά
574 1437 815 1512 καθαροῦ
848 1437 1165 1503 συνειδότος,
1201 1439 1382 1509 πάσχα
1410 1438 1697 1505 ἐπιτελεῖς,
1733 1441 1832 1510 οὐχ
1857 1440 1986 1492 ὅταν

403 1523 702 1598 νηστεύῃς,
753 1520 868 1574 ἀλλ’
910 1521 1039 1574 ὅταν
1086 1520 1189 1590 τῆς
1238 1521 1426 1586 θυσίας
1468 1521 1685 1594 ἐκείνης
1729 1523 1982 1595 μετέχῃς.

414 1605 653 1672 Ὁσάκις
686 1605 796 1675 γὰρ
841 1603 919 1658 ἂν
963 1602 1206 1669 ἐσθίητε
1245 1603 1354 1659 τὸν
1389 1603 1569 1674 ἀρτον
1616 1604 1854 1681 τοῦτον,
1883 1606 1982 1660 καί

401 1693 469 1746 τὸ
498 1688 786 1759 ποτήριον
815 1686 990 1742 τοῦτο
1021 1688 1257 1754 πίνητε,
1290 1687 1397 1741 τὸν
1428 1689 1689 1743 θάνατον
1720 1689 1827 1743 τοῦ
1868 1693 1985 1744 Κυ-

397 1774 534 1843 ρίου
568 1770 1022 1841 καταγγέλλετε.
1071 1770 1263 1840 Πάσχα
1293 1769 1351 1823 δέ
1385 1772 1501 1831 ἐστι
1537 1771 1599 1825 τὸ
1629 1771 1723 1826 τὸν
1755 1771 1983 1826 θάνατον

401 1856 809 1925 καταγγέλλειν.
854 1855 966 1908 Καὶ
1008 1853 1117 1924 γάρ
1157 1856 1191 1925 ἡ
1238 1857 1476 1926 σήμερον
1523 1856 1782 1926 γινομένη
1813 1868 1983 1928 προσ-

400 1941 568 2012 φορὰ,
598 1939 692 1994 καὶ
724 1941 758 2010 ή
787 1938 913 2010 χθὲς
940 1937 1366 2002 ἐπιτελεσθεῖσα,
1400 1940 1494 1993 καὶ
1529 1942 1562 2011 ή
1597 1941 1720 1993 καθ’
1745 1941 1981 2010 ἑκάστην

398 2024 617 2096 ἡμέραν
642 2023 805 2093 ὁμοία
830 2022 947 2075 ἐστὶ
977 2023 1068 2074 καὶ
1092 2023 1126 2092 ή
1164 2022 1302 2093 αὐτη
1334 2025 1400 2093 τῇ
1434 2026 1693 2096 γινομένῃ
1719 2023 1859 2078 κατὰ
1880 2023 1980 2095 τὴν

400 2107 616 2179 ἡμέραν
642 2105 858 2175 ἐκείνην
886 2104 987 2177 τὴν
1018 2105 1112 2159 τοῦ
1143 2107 1443 2171 Σαϐϐάτου,
1489 2110 1583 2162 καὶ
1609 2109 1762 2163 οὐδὲν
1793 2109 1979 2180 ἐκείνη

400 2190 603 2261 ταύτης
633 2188 953 2261 σεμνοτέρα,
998 2190 1119 2243 οὐδὲ
1160 2190 1301 2262 αῦτη
1342 2192 1558 2263 ἐκείνης
1603 2192 1976 2263 εύτελεστέρα,

399 2272 538 2328 ἀλλά
564 2269 665 2343 μία
690 2271 783 2325 καὶ
810 2273 846 2342 ή
887 2272 1049 2344 αὐτὴ,
1085 2273 1287 2344 ὁμοίως
1316 2275 1518 2346 φρικτὴ
1566 2277 1660 2330 καὶ
1690 2277 1975 2348 σωτήριος.

470 2445 627 2506 Τίνος
652 2438 746 2497 οὖν
777 2443 963 2498 ἕνεκεν
1005 2444 1355 2517 νηστεύομεν,
1393 2452 1544 2518 φησὶ,
1586 2449 1682 2514 τὰς
1713 2453 1980 2524 τεσσαρά-

398 2542 564 2582 κοντα
591 2527 795 2590 ταύτας
819 2527 1060 2599 ήμέρας;
1093 2528 1287 2582 Πολλοὶ
1306 2530 1366 2583 τὺ
1391 2532 1617 2607 παλαιὸν
1636 2536 1747 2599 τοῖς
1773 2552 1980 2607 μυστη-

401 2612 537 2682 ρίοις
568 2609 879 2681 προσῄεσαν
925 2609 1110 2674 ἁπλῶς
1154 2611 1249 2665 καὶ
1294 2613 1369 2676 ὡς
1397 2606 1583 2684 ἐτυχεξ
1606 2617 1701 2670 καὶ
1746 2617 1978 2687 μάλιστα

394 2697 541 2749 κατὰ
563 2694 656 2747 τὸν
682 2693 871 2765 καιρὸν
890 2692 1101 2760 τοῦτον,
1124 2694 1246 2749 καθ’
1272 2696 1373 2752 ὃνό
1399 2698 1633 2770 Χριστὸς
1665 2701 1805 2754 αὐτά
1832 2718 1976 2774 παρ-

397 2776 587 2832 έδωκε.
614 2777 922 2842 Συνειδὸτες
936 2775 1029 2833 οὖν
1053 2782 1101 2834 οί
1124 2781 1359 2853 πατέρες
1375 2784 1473 2854 τὴν
1487 2784 1691 2856 βλάϐην
1719 2787 1816 2859 τὴν
1830 2804 1979 2857 γινο-

397 2859 569 2930 μένην
598 2861 664 2912 ἐκ
685 2861 1149 2934 τῆςήμελημένης
1165 2866 1446 2937 προσόδου,
1481 2868 1823 2933 συνελθόντες
1851 2870 1976 2924 ἐτύ-

398 2959 589 2997 πωσαν
608 2943 821 3014 ἡμέρας
834 2946 1240 3017 τεσσαράκοντα
1255 2952 1529 3021 νηστείας,
1552 2954 1750 3025 εὐχῶν,
1769 2954 1974 3027 ἀκροά-

278 3080 288 3091 ,
398 3040 559 3090 σεως,
585 3026 838 3091 συνόδων,
867 3029 932 3082 ἶν’
954 3030 1011 3082 ἐν
1038 3033 1158 3094 ταῖς
1187 3033 1421 3105 ἡμέραις
1436 3035 1655 3101 ταύταις
1675 3037 1979 3111 καθαρθέν-

395 3122 488 3192 τες
541 3111 658 3180 μετ’
701 3111 987 3183 ἀκριϐείας
1029 3113 1267 3179 ἀπαντες
1299 3118 1389 3171 καὶ
1434 3118 1500 3172 δι’
1548 3120 1744 3192 εὐχῶν,
1785 3125 1878 3177 καὶ
1906 3123 1974 3176 δι’

396 3189 784 3276 ἐλεημοσύνης,
819 3194 910 3247 καὶ
944 3194 1032 3248 διὰ
1063 3197 1336 3268 νηστείας,
1369 3200 1458 3254 καὶ
1497 3201 1585 3255 διά
1614 3189 1973 3276 παννυχίδων,

396 3274 492 3328 καὶ
523 3274 609 3328 διὰ
638 3275 909 3347 δακρύων,
942 3280 1035 3333 καὶ
1055 3279 1124 3333 δι’
1150 3280 1609 3355 ὲξομολογήσεως,
1644 3289 1738 3341 καὶ
1759 3274 1849 3342 διὰ
1867 3289 1977 3343 τῶν

395 3357 571 3444 ἄλλων
583 3360 856 3444 ἁπάντων,
871 3361 1012 3416 οὕτω
1027 3364 1167 3417 κατὰ
1181 3364 1407 3436 δύναμιν
1421 3368 1521 3440 τὴν
1543 3371 1709 3440 ήμετέ
1717 3387 1815 3442 ραν
1838 3374 1976 3444 μετά

397 3441 638 3514 καθαροῦ
689 3444 986 3509 συνειδότος
1016 3446 1351 3518 προσίωμεν.
1398 3450 1509 3504 Καὶ
1538 3451 1619 3504 δτι
1667 3441 1811 3524 μέγα
1840 3441 1976 3511 κατ-

395 3524 683 3596 ώρθωσαν,
717 3527 806 3581 διά
832 3529 929 3601 τῆς
967 3531 1424 3600 συγκαταϐάσεως
1476 3536 1680 3609 ταύτης
1722 3541 1805 3603 εἰς
1853 3559 1977 3594 συν-

395 3608 588 3692 ήθειαν
616 3611 765 3681 ἡμᾶς
798 3613 1053 3683 νηστείας
1076 3619 1537 3688 καταστήσαντες,
1561 3608 1720 3692 δῆλον
1744 3624 1971 3681 ἐκεῖθεν.

405 3691 598 3779 ξίῐμεῖς
630 3694 733 3779 μὲν
752 3692 862 3765 γὰρ
890 3694 956 3779 ἂν
990 3696 1077 3750 διὰ
1102 3694 1303 3763 παντὸς
1327 3700 1422 3754 τοῦ
1450 3691 1697 3758 ἐνιαυτοῦ
1726 3706 1973 3779 μένωμεν

396 3774 626 3846 βοῶντες
654 3777 747 3829 καὶ
776 3778 1139 3850 κηρύττοντες
1179 3783 1454 3852 νηστείαν,
1495 3786 1670 3852 οὐδεὶς
1715 3774 1970 3863 προσέχει

393 3860 506 3943 τοῖς
525 3859 860 3930 λεγομένοιςο
889 3862 955 3915 ἂν
979 3861 1035 3916 δὲ
1059 3866 1253 3938 ἐπιστῇ
1283 3866 1440 3938 μόνον
1468 3871 1496 3923 ό
1524 3870 1624 3940 τῆς
1644 3859 1973 3943 τεσσαρακο-

395 3941 526 4028 στῆς
547 3943 755 4014 καιρὸς,
778 3947 871 3997 καὶ
909 3947 1134 4017 μηδενὸς
1164 3952 1550 4020 παραινοῦντος
1584 3955 1717 4026 μηδέ
1740 3941 1972 4028 συμϐου-

392 4022 658 4090 λεύοντος,
686 4029 780 4081 καὶ
811 4030 840 4081 ό
879 4030 1084 4102 σφόδρα
1117 4033 1452 4103 νωθρότατος
1477 4022 1841 4103 διανίσταται,
1870 4040 1971 4114 τὴν

392 4107 546 4178 παρὰ
563 4108 658 4160 τοῦ
682 4111 870 4180 καιροῦ
884 4112 1171 4182 λαμϐάνων
1188 4117 1495 4189 συμϐουλὴν
1516 4123 1608 4175 καὶ
1627 4107 1966 4193 παραίνεσιν.

393 4188 494 4242 Ἂν
522 4186 616 4274 οῦν
642 4191 833 4274 ἔρηταί
859 4211 918 4246 σε
945 4196 1195 4261 Ἰουδαῖος
1227 4201 1323 4253 καὶ
1358 4186 1578 4274 Ἕλλην,
1605 4186 1747 4269 τίνος
1780 4206 1968 4261 ἕνεκεν

388 4271 695 4358 νηστεύεις,
727 4273 800 4344 μὴ
837 4277 1015 4346 εῖπῃς,
1051 4279 1131 4331 ὅτι
1164 4280 1252 4333 διὰ
1277 4283 1337 4335 τὺ
1371 4271 1575 4356 πάσχα,
1614 4288 1747 4358 μηδὲ
1771 4291 1852 4343 ὅτι
1882 4290 1971 4345 διὰ

388 4355 483 4406 τὸν
512 4356 763 4445 σταυρδν,
795 4358 925 4445 ⁵ἐπεὶ
958 4359 1156 4445 πολλὴν
1184 4362 1330 4435 αὐτῷ
1355 4355 1508 4430 δίδως
1535 4355 1633 4441 τὴν
1662 4355 1831 4445 λαϐήν
1849 4391 1860 4403 ·
1905 4375 1966 4427 οὐ

389 4437 501 4509 γάρ
533 4437 621 4490 διὰ
651 4439 714 4528 τδ
737 4440 921 4510 πάσχα
947 4443 1300 4528 νηστεύομεν,
1326 4448 1446 4501 οὐδέ
1474 4449 1561 4503 διά
1588 4437 1679 4507 τὸν
1713 4437 1965 4528 σταυρὸν,

390 4521 531 4576 ἀλλά
556 4522 647 4610 διά
661 4521 728 4576 τὰ
744 4523 1117 4610 ἁμαρτήματα
1130 4525 1199 4578 τά
1211 4529 1475 4601 ἡμέτερα,
1497 4533 1683 4606 ἐπειδὴ
1704 4521 1967 4610 μέλλομεν

397 4606 716 4691 μυστηρίοις
738 4607 1016 4691 προσιέναι
1035 4625 1049 4638 ο
1085 4610 1206 4661 ἐπεὶ
1234 4611 1296 4663 τό
1322 4629 1385 4681 γε
1413 4615 1597 4688 πάσχα
1631 4622 1693 4673 οὐ
1718 4606 1966 4691 νηστείας

392 4690 541 4742 ἐστὶν
566 4688 687 4776 οὐδὲ
716 4688 968 4776 πένθους,
1001 4691 1138 4745 ἀλλά
1163 4693 1501 4770 εὐφροσύνης
1523 4703 1617 4755 καὶ
1641 4688 1814 4776 χαράς
1835 4688 1966 4761 ὑπόέ

394 4770 561 4864 οεσις.
611 4772 670 4824 '0
712 4773 821 4864 γάρ
855 4776 1085 4864 σταυρὸς
1131 4777 1304 4864 ἀνεῖλε
1338 4781 1437 4852 τὴν
1485 4770 1773 4857 ἁμαρτία-ν,
1813 4789 1963 4864 [612]

392 4853 687 4947 κμθάρσεον
722 4856 831 4947 τῆς.
852 4858 1173 4947 οίκσυμένης
1205 4862 1443 4947 ἐγένετο,
1479 4853 1791 4943 καταλλαγὴ
1813 4853 1963 4947 δχροί

390 4935 509 5000 νίας
551 4936 769 5022 ἔχθρας,
807 4939 1008 5022 ἀνέῳξε
1039 4941 1133 4994 τοῦ
1181 4944 1411 5014 οὐρανοῦ
1455 4948 1553 5013 τάς
1596 4935 1791 5016 πύλας,
1835 4935 1964 5022 τοὺς

394 5021 750 5110 μισουμένους
774 5021 958 5110 ςρίλους
979 5024 1256 5110 ἐποίησεν,
1288 5030 1369 5092 είς
1387 5030 1478 5091 τὸν
1504 5034 1730 5105 οὐρανὸν
1760 5021 1964 5110 ἐπανήὲ

388 5120 576 5194 γαγεν,
616 5107 674 5157 ἐν
722 5105 872 5194 δεξιᾷ
910 5108 1003 5161 τοῦ
1051 5109 1241 5181 θρόνου
1289 5116 1510 5170 ἐκάθισε
1547 5119 1645 5192 τὴν
1690 5105 1962 5194 ἡμετέραν

390 5187 568 5254 φύσιν,
600 5188 772 5258 μυρία
797 5189 958 5263 ἔτερα
989 5194 1263 5265 παρέσχεν
1285 5199 1414 5269 ἡμῖν
1442 5187 1641 5270 ἀγαθά.
1783 5187 1960 5261 τοίνυν

393 5274 602 5328 πενθεῖν
639 5276 758 5329 οὐδέ
803 5279 1162 5333 κατεστάλθαι
1210 5282 1337 5353 χρὴ,
1385 5285 1709 5352 ἀγάλλεσθαι
1753 5291 1811 5343 δὲ
1865 5295 1960 5346 καὶ

387 5357 597 5430 χαίρειν
633 5360 773 5432 ὑπὲρ
815 5361 1017 5415 τούτων
1045 5364 1317 5420 ἁπάντων.
1355 5370 1452 5422 Διά
1489 5372 1648 5426 τοῦτο
1676 5378 1771 5429 καὶ
1806 5377 1956 5431 Παῦ-

385 5437 475 5530 λός
505 5458 688 5530 (ρησιν,
734 5443 887 5530 Ἐμοί
919 5444 988 5530 δὲ
1007 5446 1094 5515 μὴ
1135 5446 1364 5516 γένοιτο
1405 5455 1765 5525 καυχᾶσθαι,
1793 5462 1845 5512 εί
1866 5461 1954 5530 μὴ

383 5523 454 5578 ὲν
481 5524 561 5591 τῷ
586 5527 825 5596 σταυρῷ
846 5529 951 5582 τοῦ
992 5532 1212 5599 Κυρίου
1239 5532 1409 5601 ἡμῶν
1448 5523 1650 5605 Ἰησοῦ
1676 5523 1953 5609 Χριστοῦξ

385 5610 507 5694 καί
530 5610 715 5670 πάλιν.
749 5614 1083 5680 Συνίστησι
1109 5614 1176 5666 δὲ
1206 5614 1322 5683 τὴν
1347 5618 1565 5676 ἑαυτοῦ
1593 5624 1834 5694 ἀγάπην
1863 5632 1954 5693 εὶς

373 5691 545 5761 ⁸ἡμᾶς
590 5699 624 5750 ό
669 5696 833 5762 Θεὸς,
869 5696 956 5750 ὅτι
1002 5697 1086 5753 ἔτι
1137 5700 1498 5770 ἁμαρτωλῶν
1544 5691 1733 5763 ὄντων
1772 5691 1943 5781 ἡμῶν

714 5813 984 5876 Ριτιιοι..
1033 5818 1147 5877 Gn.
1197 5818 1479 5883 XLVIII.

1127 316 1192 369 IN
1235 316 1365 373 EOS
1405 318 1524 386 QUI
1563 318 1834 377 PASCIIA
1869 321 2243 386 JI‘JUNANT.
2285 332 2653 393 ADVERSUS
2689 334 2835 394 JUD.
2880 336 2968 395 III.

3569 346 3676 403 868

2104 450 2353 520 Χριστὸς
2405 456 2558 526 ὑπὲρ
2607 457 2775 528 ἡμῶν
2821 442 3102 515 ἀπέθανε.
3156 460 3264 518 Καὶ
3323 465 3350 517 ὁ
3422 464 3678 538 Ἰωάννης

2097 543 2241 600 οὕτω
2286 546 2405 612 πώς
2437 567 2622 623 φησιν·
2661 552 2825 605 οὕτω
2853 552 2963 622 γὰρ
2992 554 3311 623 ἠγάπησεν
3336 558 3369 610 ὀ
3397 556 3540 623 Θεὸς
3569 557 3679 612 τὸν

2096 640 2349 710 κόσμον.
2380 643 2528 706 Πῶςς
2551 644 2692 697 εἰπέ.
2739 645 2846 698 Καὶ
2872 646 3047 700 πάντα
3083 646 3457 721 παραδραμὼν
3484 649 3675 714 τᾶλλα,

2096 730 2186 783 τὸν
2208 733 2438 805 σταυρὸν
2460 734 2726 791 τέθεικεν.
2759 734 2944 791 Εἰπὼν
2968 738 3099 811 γὰρ,
3129 740 3328 808 Οὕτως
3356 740 3677 811 ἠγάπησεν

2095 823 2129 874 ό
2159 822 2303 888 Θεὸς
2330 825 2437 879 τὸν
2467 831 2721 896 κόσμον,
2746 830 3047 901 ἐπήγαγεν,
3081 831 3210 885 Ὀτι
3244 833 3350 887 τάν
3372 831 3676 902 μονοτεηῖ

2094 915 2280 970 αὑτοῦ
2318 915 2457 971 Υίὸν
2474 918 2718 989 ἔδωκεν,
2740 919 2828 976 ἵνα
2865 925 3175 996 σταυρωθῇ,
3203 925 3306 981 ἵνα
3341 924 3463 991 πᾶς
3512 929 3546 981 ό
3576 942 3674 981 πι-

2093 1006 2327 1059 στεύων
2355 1009 2444 1074 είς
2480 1009 2668 1064 αὑτὸν
2692 1011 2779 1080 μὴ
2827 1012 3144 1082 ἀπόληται,
3176 1015 3316 1070 ἀλλ’
3360 1017 3474 1087 ἔχῃ
3522 1015 3676 1086 ζωὴν

2086 1094 2350 1152 ἀίιὲινιον.
2387 1099 2452 1152 ΕΞ
2482 1100 2664 1155 τοίνυν
2692 1103 2913 1177 ἀγάπης
2940 1105 3197 1171 ὑπόθεσις
3225 1107 3319 1162 καὶ
3360 1109 3620 1180 καύχημα
3643 1111 3674 1164 ὀ
3790 1173 3804 1188 .

2095 1187 2347 1259 σταυρὸς,
2386 1189 2462 1261 μὴ
2497 1190 2746 1263 λέγωμεν
2793 1194 2874 1248 ὅτι
2912 1196 2981 1249 δι’
3010 1197 3173 1252 αὐτὸν
3220 1198 3559 1271 πενθοῦμψ
3610 1203 3671 1254 οὐ

2089 1278 2199 1350 γὰρ
2231 1279 2537 1353 πενθοῦμεν
2566 1282 2635 1337 δι’
2667 1284 2893 1351 ἐκεῖνον,
2929 1286 3004 1358 μή
3036 1288 3277 1357 γένοιτοί
3311 1290 3447 1345 ἀλλά
3474 1291 3565 1346 διὰ
3601 1293 3671 1347 τά

2087 1372 2263 1426 οἰκεῖα
2298 1373 2692 1446 ἁμαρτήματα.
2722 1378 2821 1431 Διά
2848 1378 3005 1432 τοῦτο
3036 1379 3387 1451 νηστεύομεν.

2166 1545 2229 1595 ε’.
2266 1540 2324 1593 '0
2343 1542 2473 1611 γοῦν
2501 1544 2908 1615 κατηχούμενος
2929 1546 3185 1602 οὐδέποτε
3206 1550 3393 1622 πάσχα
3412 1551 3667 1617 ἐπιτελεῖ,

2088 1631 2265 1686 καίτοι
2293 1634 2571 1706 νηστεύων
2600 1636 2721 1690 κατ’
2751 1638 3017 1706 ἐνιαυτὸν,
3054 1640 3242 1714 ἐπειδὴ
3264 1648 3580 1716 προσφοράς
3607 1648 3667 1700 οὐ

2086 1719 2371 1794 κοινωνεῖ,
2406 1727 2593 1798 ῶσπερ
2639 1724 2731 1783 οὖν
2779 1732 2872 1784 καὶ
2914 1732 2944 1784 ό
2974 1731 3049 1802 μὴ
3082 1732 3391 1804 νηστεύων,
3425 1733 3492 1789 ἂν
3526 1737 3668 1806 μετά

2085 1816 2325 1889 καθαροῦ
2359 1820 2631 1893 προσέλθῃ
2663 1824 2964 1887 συνειδότος
2984 1863 3000 1889 ,
3032 1826 3218 1896 πάσχα
3249 1827 3525 1894 ἐπιτελεῖ,
3561 1828 3664 1885 κᾶν

2086 1910 2324 1979 σήμερον
2347 1950 2361 1976 ,
2394 1910 2496 1965 κᾶν
2545 1913 2727 1988 αὔριον
2756 1959 2772 1983 ,
2804 1915 2907 1970 κᾶν
2954 1917 3213 1971 ὁποτεοῦν
3267 1917 3512 1992 μετάσχῃ
3562 1921 3664 1991 τῆς

2084 2001 2384 2066 κοινωνίας.
2419 2005 2492 2057 Οὐ
2522 2005 2631 2078 γὰρ
2673 2008 2728 2061 ἐν
2774 2011 3154 2081 παρατηρήσει
3189 2011 3432 2083 καιρῶν,
3465 2013 3581 2067 ἀλλ’
3608 2016 3666 2065 ἐν

2085 2093 2348 2150 συνειδότι
2365 2095 2588 2170 καθαρῷ
2613 2101 2646 2170 ή
2671 2101 2868 2172 ἀρίστη
2897 2103 3140 2172 κρίνεται
3165 2105 3443 2176 πρόσοδος.
3475 2107 3666 2179 Ἡμεῖς

2080 2183 2137 2238 δὲ
2163 2187 2472 2244 τούναντίον
2514 2191 2796 2263 ποιοῦμεν.
2826 2193 2938 2265 Τὴν
2970 2192 3070 2266 μὲν
3106 2193 3347 2250 διάνοιαν
3374 2197 3436 2252 οὐ
3471 2199 3665 2253 καθαίο

2083 2292 2249 2348 ρομεν
2270 2319 2284 2342 ,
2316 2281 2365 2333 εί
2403 2279 2461 2334 δὲ
2505 2284 2572 2354 τῇ
2606 2284 2796 2357 ἡμέρᾳ
2828 2286 3219 2360 προσέλθοιμεν
3264 2290 3448 2362 ἐκείνῃ
3469 2330 3484 2355 ,
3511 2295 3665 2363 νομίο

2082 2367 2247 2441 ζομεν
2275 2372 2461 2443 πάσχα
2487 2373 2774 2441 ἐπιτελεῖν,
2816 2376 2920 2433 κᾶν
2950 2379 3158 2449 μυρίων
3195 2379 3455 2452 γέμωμεν
3485 2383 3666 2455 ἀμαρ-

2081 2462 2361 2533 τημάτων.
2408 2465 2551 2519 Ἀλλ’
2588 2467 2691 2522 οὐκ
2738 2468 2854 2524 ἐστι
2891 2470 3099 2537 ταῦτα,
3141 2473 3243 2526 οὐκ
3294 2472 3480 2539 ἐστιν,
3528 2463 3666 2531 ἀλ)ῗά

2080 2553 2184 2608 κάν
2211 2556 2268 2608 ἐν
2308 2555 2456 2629 αὐτῷ
2491 2556 2569 2629 τῷ
2618 2559 2882 2633 Σαϐϐάτῳ
2911 2564 3213 2635 προσέλθῃς
3253 2564 3390 2635 μετά
3422 2566 3664 2638 πονηροῦ

2080 2648 2380 2715 συνειδότος
2404 2691 2419 2717 ,
2459 2651 2717 2719 ἐξέπεσες
2765 2655 2863 2724 τῆς
2899 2657 3217 2721 κοινωνίας,
3277 2657 3519 2728 ἀπῆλθες
3561 2662 3663 2713 οὐκ

2077 2739 2396 2807 ἐπιτελέσας
2444 2743 2504 2798 τὸ
2550 2746 2768 2817 πάσχα⁸
2797 2747 2987 2820 ὥσπερ
3018 2743 3112 2803 οὖν
3145 2748 3247 2804 κᾶν
3277 2751 3515 2822 σήμερον
3546 2768 3663 2806 κοι-

2075 2835 2292 2906 νωνῇς,
2339 2835 2407 2890 τὰ
2457 2837 2832 2909 ἁμαρτήματα
2877 2841 3315 2913 ἀπονιψάμενος,
3364 2844 3425 2899 τὸ
3476 2847 3663 2916 πάσχα

2080 2918 2401 2991 ἐπετέλεσας
2447 2928 2709 3001 ἀκριϐῶς.
2748 2930 2944 3003 Ἐχρῆν
2997 2935 3176 2989 τοίνυν
3225 2936 3323 3009 τὴν
3372 2938 3662 3010 ἀκρίϐειαν

2075 3019 2279 3091 ταύτην
2313 3021 2456 3092 ὑμᾶς
2491 3021 2586 3075 καὶ
2616 3023 2717 3094 τὴν
2755 3024 2999 3078 εὐτονίαν
3029 3027 3104 3096 μὴ
3135 3028 3195 3081 ἐν
3220 3031 3288 3099 τῇ
3317 3029 3426 3082 τῶν
3450 3032 3661 3103 καιρῶν

2076 3113 2494 3184 παρατηρήσει,
2529 3114 2644 3168 ἀλλ’
2695 3116 2756 3169 ὲν
2797 3119 2863 3188 τῇ
2913 3118 3161 3189 προσόδῳ
3192 3120 3499 3189 φυλάττειν.
3549 3122 3662 3177 Καὶ

2076 3203 2326 3275 καθάπερ
2357 3205 2599 3277 αἱρεῖσθε
2624 3206 2719 3262 νῦν
2745 3210 2920 3263 πάντα
2946 3208 3257 3281 ὑπομεῖναι,
3285 3212 3318 3284 ἢ
3346 3216 3659 3284 μεταθεῖναι

2075 3296 2174 3367 τήν
2208 3297 2496 3369 συνήθειαν
2518 3338 2533 3362 ,
2567 3297 2741 3364 οὕτως
2783 3299 2890 3355 ἔδει
2923 3300 3111 3356 τούτου
3144 3303 3244 3375 μὲν
3276 3311 3656 3379 καταφρονεῖν,

2075 3388 2254 3441 πάντα
2305 3388 2361 3442 δὲ
2410 3390 2682 3461 αἱρεῖσθαι
2725 3390 2953 3463 πάσχειν
3000 3396 3094 3449 καὶ
3134 3400 3343 3465 ποιεῖν,
3386 3398 3530 3453 ὥστε
3581 3403 3657 3475 μὴ

2076 3478 2194 3550 μεθ’
2217 3482 2632 3554 ἁμαρτημάτων
2663 3485 2967 3556 προσιέναι.
3002 3487 3123 3542 Ὅτι
3156 3491 3265 3564 γάρ
3296 3492 3472 3557 οὐδεὶς
3502 3493 3660 3563 λόγος

2073 3572 2282 3646 καιρῶν
2325 3571 2403 3644 τῷ
2429 3573 2548 3645 Θεῷ
2581 3577 2675 3631 καὶ
2704 3579 3140 3650 παρατηρήσεως
3166 3582 3425 3655 τοιαύτης
3447 3623 3462 3648 ,
3493 3583 3658 3639 ἄκου·

2074 3679 2165 3716 σον
2211 3663 2376 3718 αὐτοῦ
2411 3666 2719 3732 δικάζοντος
2743 3685 2758 3699 °
2795 3669 3100 3726 Πεινῶντά
3122 3688 3203 3742 με
3241 3674 3433 3730 εἴδετε
3454 3717 3469 3742 ,
3500 3680 3654 3748 φησὶ,

2071 3755 2171 3809 καὶ
2195 3756 2515 3836 ἐθρέψατε,
2543 3758 2834 3828 διψῶντα.
2871 3761 2972 3817 καὶ
3006 3763 3327 3820 ἐποτίσατε
3351 3809 3365 3833 ,
3396 3770 3654 3836 γυμνὸν,

2070 3849 2170 3903 καί
2197 3834 2603 3920 εἰεριεϐιίλετε·
2631 3855 2723 3908 καὶ
2748 3859 2861 3920 τοῖς
2901 3856 2963 3922 ἐξ
3005 3856 3302 3930 εὐωνύμων
3335 3834 3414 3913 τά-
3437 3834 3653 3915 ἐναντία

2069 3942 2280 4009 τούτοις
2316 3946 2554 4015 ἐγκαλεῖ.
2587 3949 2696 4002 Καλ⁵
2743 3946 2908 4002 πάλιν
2952 3948 3110 4005 ἀλλον
3143 3951 3527 4021 ἐπεισαγαγὼν
3562 3954 3655 4006 ἐπὶ

2073 4038 2412 4109 μνησικακία
2462 4039 2714 4104 κολάζει·
2768 4041 3003 4110 Πονηρὲ
3045 4043 3189 4113 γὰρ,
3225 4044 3400 4113 φησὶ,
3445 4044 3651 4109 δοῦλε,

2071 4132 2280 4187 πᾶσαν
2308 4132 2423 4200 τὴν
2446 4133 2699 4202 ὀφειλὴν
2724 4133 2968 4202 ἐκείνην
2990 4132 3198 4202 ἀφῆκά
3229 4152 3328 4190 σοι
3350 4152 3365 4168 ο
3394 4138 3508 4191 οὐκ
3531 4139 3654 4194 ἔδει

2071 4224 2168 4277 καὶ
2193 4223 2268 4277 σὲ
2289 4224 2541 4294 ἐλεῆσαι
2568 4227 2676 4280 τὸν
2695 4226 3042 4280 σύνδουλόν
3060 4240 3198 4291 σου,
3223 4227 3303 4292 ὡς
3325 4228 3423 4282 καὶ
3443 4229 3557 4297 ἐγώ
3578 4248 3652 4285 σε

2068 4316 2344 4385 ὴλέησα;
2388 4319 2556 4373 Πάλιν
2607 4317 2705 4382 τὰς
2742 4317 3073 4389 παρθένους,
3107 4318 3292 4388 ἐπειδὴ
3328 4316 3506 4373 ἔλαιον
3551 4323 3652 4378 οὐκ

2070 4402 2215 4478 εἶχον
2247 4411 2306 4462 ἐν
2334 4410 2457 4473 ταῖς
2489 4408 2738 4479 λαμπάσι
2761 4451 2776 4475 ,
2819 4411 2914 4463 τοῦ
2963 4411 3247 4481 νυμφῶνος
3285 4410 3608 4469 ἀπέκλεισεν
3631 4431 3646 4446 ο

2071 4496 2275 4569 ἕτερον,
2303 4500 2486 4573 ἐπειδὴ
2505 4502 2708 4572 ἔνδυμα
2731 4502 2910 4572 γάμου
2936 4502 3037 4556 οὐκ
3062 4501 3201 4573 ἔχων
3226 4503 3495 4575 εἰσῆλθεν,
3515 4506 3650 4563 ἀλλά

2074 4590 2295 4663 ῥυπαρά
2325 4593 2596 4663 ἠμφίεστο
2632 4594 2820 4664 ἱμάτια
2841 4636 2857 4657 ,
2882 4592 3135 4667 πορνείαν
3165 4598 3258 4650 καὶ
3309 4597 3655 4673 ἀκαθαρσίαν
3681 4616 3689 4622 ·

2072 4681 2565 4755 περιϐεϐλημένος
2593 4687 2677 4741 ὅτι
2715 4686 2771 4739 δὲ
2816 4684 2896 4757 τῷ
2942 4687 3072 4740 δεῖνι
3110 4689 3241 4759 μηνὶ
3268 4690 3361 4741 καὶ
3403 4691 3482 4761 τῷ
3519 4691 3647 4749 δεῖνι

2070 4777 2291 4846 ἐποίησε
2324 4779 2385 4831 τὸ
2428 4779 2646 4850 πάσχα,
2685 4779 2861 4844 οὐδεὶς
2898 4781 3163 4853 ἐκολάσθη
3199 4783 3327 4836 ποτὲ
3368 4784 3489 4835 οὐδὲ
3535 4786 3647 4838 ἑνε-

2067 4868 2259 4940 κλήθη.
2294 4870 2406 4924 Καὶ
2438 4873 2491 4925 τί
2537 4872 2680 4942 λέγω
2711 4872 2841 4945 περὶ
2890 4875 3047 4946 ἡμῶν
3074 4875 3184 4929 τῶι
3214 4873 3647 4950 ἀπηλλαγμένων

2067 4963 2247 5034 πάσης
2282 4964 2536 5039 τοιαύτης
2585 4967 2830 5038 ἀνάγκης
2853 5007 2869 5033 ,
2908 4969 3003 5021 καὶ
3050 4969 3163 5023 ἀνω
3215 4969 3646 5039 πολιτευομένων

2064 5059 2122 5113 ἐν
2168 5061 2280 5122 τοῖς
2316 5059 2467 5134 [615]
2492 5061 2738 5132 οὐρανοῖς
2759 5102 2774 5124 ,
2809 5060 2937 5115 ἔνθα
2967 5062 3172 5133 μῆνες,
3208 5064 3300 5116 καὶ
3337 5063 3517 5131 ἥλιος,
3554 5063 3646 5115 καὶ

2064 5148 2288 5221 σελήνη,
2317 5157 2410 5206 καὶ
2441 5154 2702 5207 ἐνιαυτῶν
2735 5155 2980 5226 περίοδος
3026 5156 3124 5208 ούκ
3149 5156 3327 5216 ἐστινς
3360 5155 3494 5208 Οὐδὲ
3533 5163 3643 5230 γάρ

2062 5242 2147 5295 ἐπ’
2169 5243 2347 5297 αὐτῶν
2370 5243 2478 5298 τῶν
2524 5246 2813 5312 Ἰουδαίων,
2844 5247 2910 5301 ἂν
2934 5247 3177 5318 ἀκριϐῶς
3205 5248 3493 5320 ἐπιστῆσαι
3526 5248 3643 5302 ἐθε-

2060 5336 2198 5409 λήσῃ
2226 5354 2311 5402 τις
2333 5379 2347 5399 ,
2376 5339 2438 5393 οὐ
2467 5339 2633 5393 πολὺν
2660 5341 2849 5410 ὄψεται
2890 5341 2984 5393 τοῦ
3013 5341 3205 5412 χρόνου
3241 5344 3523 5413 γινόμενον
3553 5343 3642 5397 λόι

2060 5446 2174 5497 γον,
2207 5430 2341 5483 ἀλλά
2372 5430 2464 5483 τὸν
2492 5431 2600 5485 τῶν
2636 5432 3020 5503 Ἱεροσολύμων
3049 5433 3213 5487 αὐτοῦ
3256 5437 3418 5488 τόπον
3453 5455 3641 5508 προτιο

2061 5522 2332 5593 μώμενον.
2375 5523 2588 5597 Ἐπειδὴ
2636 5525 2743 5597 γάρ
2796 5526 3186 5598 προσελθόντες
3244 5529 3519 5600 ἄνθρωποι
3559 5532 3639 5603 τῷ

2058 5616 2263 5687 Μωῦσῇ
2300 5615 2513 5686 ἔλεγον,
2556 5616 2892 5688 Ἀκάθαρτοί
2919 5620 3106 5691 ἐσμεν
3147 5621 3247 5676 ἐπὶ
3274 5621 3477 5695 ψυχῖπ
3513 5624 3641 5690 πῶς

3271 5841 3352 5901 22
3630 5889 3675 5919 γ,
