4084 6186
411 320 518 377 869

411 442 512 494 ἵνα
532 440 617 511 μὴ
646 441 1076 513 ὑστερήσωμεν
1104 445 1219 498 ἀπὸ
1246 445 1362 499 τῶν
1383 445 1585 515 δώρων
1609 445 1714 500 τοῦ
1728 444 1983 513 Κυρίου;

413 524 600 591 Στῆτε
628 526 812 579 αὐτοῦ
832 566 848 589 ,
880 529 1031 598 φησί,
1068 529 1164 581 καί
1198 529 1537 597 ἀνοίσωμεν
1562 528 1661 582 ἐπὶ
1686 528 1793 581 τόν
1816 528 1985 581 Θεόν.

414 605 547 661 Εἶτα
569 610 753 680 ἐπειδὴ
786 611 1070 681 ἀνήνεγκε,
1105 614 1407 682 κατήνεγκε
1437 612 1598 683 νόμον
1630 612 1877 679 λέγοντα,
1909 610 1989 662 ὃτι

419 693 523 743 Ἀν
546 708 637 757 τις
665 691 1001 760 ἀκάθαρτος
1035 695 1132 747 ἐπὶ
1160 693 1333 763 ψυχῇ
1360 688 1403 765 ᾖ
1420 735 1434 756 ,
1460 694 1497 763 ἢ
1529 695 1599 748 ἐν
1624 694 1742 759 ὀδῷ
1767 691 1988 763 μακρᾷ,

417 775 515 828 καί
556 778 641 844 μὴ
694 777 944 843 δύνηται
993 776 1239 843 ποιῆσαι
1269 778 1339 831 ἐν
1367 777 1447 843 τῷ
1493 779 1699 847 πρώτῳ
1744 776 1889 846 μηνί
1922 774 1991 829 τὸ

419 859 645 927 πάσχα,
681 859 916 925 ποιήσει
953 860 1023 913 ἐν
1053 859 1132 926 τῷ
1156 860 1431 928 δευτέρῳ.
1466 856 1598 914 Εἶτα
1625 861 1717 913 ἐπὶ
1761 859 1858 929 μέν
1884 857 1989 912 τῶν

430 942 695 996 Ἰουδαίων
729 944 761 1013 ή
795 943 889 996 τοῦ
919 944 1110 1016 χρόνου
1142 943 1325 997 λύεται
1351 946 1730 1015 παρατήρησις
1751 984 1765 1006 ,
1794 942 1880 995 ἵνα
1913 943 1992 1005 εἰς

418 1024 488 1077 τὰ
526 1024 872 1096 Ἰεροσόλυμα
898 1027 960 1079 τὸ
998 1027 1179 1097 πάσχα
1208 1026 1431 1098 γένηται
1455 1045 1469 1060 ·
1505 1028 1569 1081 σύ
1599 1026 1656 1078 δὲ
1696 1025 1757 1079 οὐ
1808 1042 1993 1095 προτι-

422 1108 531 1177 μᾷς
561 1106 656 1160 τοῦ
687 1108 880 1178 χρόνου
910 1109 1007 1180 τῆς
1042 1109 1367 1179 Ἐκκλησίας
1388 1108 1488 1180 τήν
1511 1108 1847 1179 συμφωνίαν,
1878 1107 1991 1161 ἀλλ’

421 1188 509 1242 ἵνα
535 1189 691 1261 δόξῃς
721 1191 934 1261 ἡμέρας
969 1195 1333 1263 παρατηρεῖν,
1373 1194 1453 1255 εἰς
1480 1190 1579 1262 τὴν
1610 1192 1791 1262 κοινὴν
1817 1190 1991 1244 ἀπάν-

420 1289 529 1327 των
563 1274 719 1345 ήμῶν
757 1276 1108 1347 ἐμπαροινεῖς
1153 1276 1364 1346 μητέρα
1383 1317 1397 1341 ,
1427 1276 1522 1329 καὶ
1548 1275 1645 1346 τὴν
1695 1275 1855 1344 ἁγίαν
1882 1274 1995 1328 δια-

420 1357 637 1427 τέμνεις
662 1358 908 1423 σύνοδον;
939 1360 1032 1413 καὶ
1068 1359 1185 1423 πῶς
1214 1359 1281 1413 ἂν
1304 1360 1452 1424 ἄξιος
1480 1359 1596 1429 εἴης
1642 1357 1991 1430 συγγνώμης,

424 1440 565 1510 ὑπὲρ
600 1442 694 1494 τοῦ
731 1442 955 1514 μηδενὸς
981 1442 1218 1497 τοσαῦτα
1246 1444 1581 1514 ἁμαρτάνειν
1604 1442 1957 1514 αἰρούμενος;

493 1524 605 1576 Kal
655 1522 706 1575 τί
732 1524 837 1595 χρὴ
869 1525 1048 1593 λέγειν
1091 1525 1218 1596 περὶ
1258 1524 1556 1591 Ἰουδαίων;
1592 1526 1715 1579 Ὅτι
1740 1525 1848 1597 γὰρ
1872 1526 1994 1579 οὐδέ

425 1607 628 1679 σφόδρα
684 1608 1026 1679 βουλομένοις
1071 1610 1202 1679 ἡμῖν
1244 1608 1338 1662 καὶ
1371 1608 1727 1672 σπουδάζουσι
1774 1608 1996 1663 δυνατὸν

427 1690 642 1754 πάντως
663 1692 901 1762 τηρῆσαι
928 1691 1023 1762 τὴν
1047 1692 1257 1762 ἡμέραν
1290 1691 1532 1762 ἐκείνην,
1560 1691 1680 1744 καθ’
1708 1692 1774 1761 ἢν
1800 1691 1995 1747 ἐσταυ-

430 1773 597 1843 ρώθη,
629 1774 788 1840 δῆλον
809 1775 1036 1830 ἐκεῖθεν.
1070 1776 1133 1829 Εἰ
1155 1775 1263 1847 γὰρ
1295 1776 1392 1830 καὶ
1418 1775 1492 1845 μὴ
1518 1774 1843 1846 παρέϐαινον
1869 1774 1998 1827 Ἰου-

424 1854 583 1921 δαῖοι,
628 1855 758 1930 μηδὲ
779 1855 1090 1928 ἀγνώμονες
1110 1854 1249 1930 ἦσαν
1271 1900 1286 1925 ,
1318 1857 1452 1929 μηδέ
1479 1856 1791 1927 ἀναίσθητοι
1816 1896 1830 1919 ,
1864 1854 1996 1927 μηδὲ

428 1938 663 2010 ῥᾴθυμοι
710 1940 805 1993 καὶ
859 1942 1268 2013 καταφρονηταὶ
1298 1954 1322 1982 II
1344 1981 1359 2007 ,
1414 1940 1544 2012 μηδέ
1572 1938 1997 1994 ἐκπεπτώκεσαν

424 2021 525 2092 τῆς
547 2022 803 2093 πατρῴας
831 2024 1104 2089 πολιτείας
1122 2066 1136 2089 ,
1169 2024 1285 2078 ἀλλ’
1312 2023 1553 2096 ἀκριϐῶς
1578 2024 1745 2094 αὐτὴν
1770 2024 1997 2094 ἐτήρουν

425 2103 543 2168 νῦν,
572 2104 689 2158 οὐδὲ
714 2104 858 2159 οὓτω
890 2106 1111 2161 δυνατὸν
1138 2104 1205 2179 ἦν
1232 2110 1365 2178 ἡμῖν
1398 2106 1779 2160 ἀκολουθοῦσιν
1816 2107 1999 2168 αὐτοῖς

425 2187 775 2242 ἐπιλαϐέσθαι
803 2191 902 2260 τῆς
944 2191 1155 2261 ἡμέρας
1183 2191 1379 2261 αὐτῆς,
1416 2187 1537 2243 καθ’
1570 2188 1637 2259 ἢν
1662 2187 1997 2259 ἐσταυρώθη,

425 2272 521 2322 xal
545 2271 604 2323 τὸ
634 2272 817 2342 πάσχα
848 2273 1149 2327 ἐπετέλεσε.
1166 2272 1272 2326 Kal
1303 2271 1420 2336 πῶς
1439 2311 1454 2331 ,
1481 2269 1590 2339 ἐγὼ
1621 2269 1785 2339 λέγω.
1810 2270 2001 2324 Ἦνίκα

427 2354 758 2424 ἐσταυροῦτο
780 2396 794 2419 ,
828 2354 947 2409 τότε
981 2358 1014 2428 ἡ
1045 2356 1234 2428 πρώτη
1257 2357 1363 2409 τῶν
1388 2355 1623 2427 ἀζύμων
1644 2352 1712 2429 ἦν
1734 2396 1750 2420 ,
1783 2356 1877 2410 καὶ
1907 2372 2001 2409 πα·

429 2439 669 2509 ρασκευή
700 2454 713 2467 ·
744 2439 1028 2509 ἀμφότερα
1056 2439 1113 2492 δὲ
1138 2440 1309 2494 ταῦτα
1334 2440 1395 2492 οὐ
1431 2440 1654 2494 δυνατὸν
1680 2440 1765 2493 ἀεὶ
1795 2456 2002 2509 συμπε-

429 2521 560 2573 σεῖν.
605 2520 733 2574 Ἰδοὺ
768 2520 896 2589 γοῦν
923 2520 1065 2575 κατὰ
1087 2522 1179 2574 τὸν
1207 2523 1449 2593 παρόντα
1478 2524 1722 2578 ἐνιαυτὸν
1746 2526 1779 2593 ή
1811 2521 2000 2594 πρώτη

427 2605 536 2657 τῶν
584 2602 810 2675 ἀζύμων
858 2608 939 2668 εἰς
983 2605 1251 2677 κυριακὴν
1303 2607 1515 2678 ἡμέραν
1563 2607 1863 2678 ἐμπίπτεις
1910 2608 2003 2660 καὶ

428 2690 641 2759 ἀνάγκη
666 2691 845 2742 πᾶσαν
872 2689 1160 2758 νηστεῦσαι
1188 2691 1287 2762 τὴν
1316 2690 1584 2762 ἑϐδομάδα
1608 2730 1624 2754 ,
1660 2691 1752 2745 καὶ
1780 2690 1872 2744 τοῦ
1900 2691 2005 2744 πά-

431 2778 558 2840 θους
596 2775 957 2846 παρελθόντος
984 2818 997 2839 ,
1034 2775 1129 2828 καὶ
1165 2774 1258 2827 τοῦ
1308 2774 1538 2846 σταυροῦ
1584 2773 1874 2844 γενομένου
1909 2774 2008 2827 καὶ

430 2863 528 2932 τῆς
561 2860 911 2922 ἀναστάσεως
935 2899 949 2921 ,
985 2861 1142 2928 ἡμεῖς
1196 2859 1430 2929 μένομεν
1479 2858 1845 2927 νηστεύοντες.
1893 2857 2006 2912 Kal

431 2944 690 3007 πολλάκις
713 2943 871 2997 τοῦτο
890 2942 1091 3013 συνέϐη
1117 2984 1131 3006 ,
1167 2944 1304 3013 μετά
1332 2943 1422 2995 τὸν
1456 2942 1707 3013 σταυρὸν,
1743 2940 1880 3012 μετά
1904 2940 2005 3013 τὴν

430 3028 724 3082 ἀνάστασιν
752 3067 768 3089 ,
820 3026 1044 3098 μηδέπω
1075 3026 1170 3096 τῆς
1216 3024 1507 3096 ἑϐδομάδος
1556 3022 2002 3095 ἀπαρτισθείσης,

429 3112 530 3184 τὴν
579 3111 831 3181 νηστείαν
885 3110 1283 3165 ἐπιτελεῖσθαι·
1318 3109 1489 3172 οὓτως
1537 3098 1757 3179 οὐδεμία
1812 3105 2005 3179 καιροῦ

431 3195 815 3268 παρατήρησίς
853 3197 987 3249 ἐστι.

504 3343 596 3413 Μὴ
629 3342 807 3396 τοίνυν
863 3340 1252 3411 φιλονεικῶμεν
1278 3383 1289 3403 ,
1331 3340 1464 3412 μηδέ
1516 3342 1691 3393 ἐκεῖνο
1738 3339 2007 3409 λέγωμεν,

436 3427 700 3482 Τοσοῦτον
733 3429 1033 3498 ἐνήστευσα
1068 3424 1282 3496 χρόνον,
1323 3426 1415 3477 καὶ
1444 3422 1539 3477 νῦν
1585 3422 1961 3494 μεταϐήσομαι
1990 3439 2005 3489 ;

436 3511 515 3563 Δι’
542 3510 673 3563 αὐτὸ
720 3510 818 3580 μὲν
867 3505 960 3562 οῦν
996 3508 1154 3561 τοῦτο
1202 3507 1432 3577 μετάθου
1458 3523 1473 3536 ·
1522 3504 1706 3576 ἐπειδὴ
1757 3505 2009 3559 τοσοῦτον

437 3593 773 3664 ἀπεσχίσθης
803 3593 993 3664 χρόνον
1023 3580 1128 3661 τῆξ
1151 3591 1505 3661 Ἐκκλησίας,
1537 3588 1795 3643 ἐπάνελθε
1825 3588 2009 3643 λοιπὸν

440 3677 574 3748 πρὸς
626 3677 725 3746 τὴν
775 3676 1003 3747 μητέρα.
1052 3674 1239 3737 Οὐδεὶς
1269 3675 1453 3741 λέγει,
1496 3673 1712 3744 Ἐπειδὴ
1761 3673 2010 3726 τοσοῦτον

440 3762 629 3832 χρόνον
663 3761 720 3812 ἐν
745 3759 914 3831 ἔχθρᾳ
943 3760 1184 3829 διέμεινα
1217 3798 1231 3821 ,
1259 3757 1581 3829 αἰσχύνομαι
1611 3756 2009 3827 καταλλαγῆναι

440 3846 555 3899 νῦν.
590 3844 828 3915 Αίσχύνη
854 3845 961 3915 γάρ
991 3846 1172 3905 ἐστιν,
1198 3843 1259 3895 οὐ
1300 3842 1359 3895 τὸ
1406 3840 1833 3911 μεταϐάλλεσθαι
1878 3843 2012 3911 πρὸς

439 3928 502 3981 τὸ
545 3928 787 3997 βέλτιον,
833 3927 969 3981 ἀλλά
1006 3928 1066 3979 τὸ
1099 3926 1276 3997 μένειν
1322 3924 1415 3977 ἐπὶ¹
1459 3924 1561 3993 τῆς
1589 3923 1814 3995 ἀκαίρου
1863 3923 2011 3993 φιλο-

441 4013 667 4077 νεικίας.
696 4012 865 4065 Τοῦτο
893 4013 989 4065 καὶ
1025 4009 1307 4072 Ἰουδαίους
1334 4008 1638 4071 ἀπώλεσεν,
1684 4008 1733 4061 οἳ
1776 4008 1874 4078 τὴν
1906 4024 2009 4060 πα⁸

443 4098 598 4152 λαιὰν
649 4094 1030 4168 ἐπιζητοῦντες
1076 4095 1162 4148 ἀεὶ
1218 4092 1499 4163 συνήθειαν
1526 4135 1540 4159 ,
1577 4093 1711 4162 πρὸς
1761 4091 2043 4145 ἀσέϐειαν’

388 4180 403 4196 ⁸
443 4179 616 4236 ἀπεσύ
625 4197 793 4252 ροντο.

513 4328 627 4380 Καὶ
665 4326 717 4379 τί
751 4325 893 4394 λέγω
924 4325 1051 4395 περὶ
1094 4324 1342 4395 νηστείας
1373 4322 1466 4376 καὶ
1511 4322 1734 4394 ἡμερῶν
1768 4340 2018 4397 παρατηο

445 4412 685 4482 ρήσεως,
714 4413 743 4465 ὁ
766 4410 975 4473 Παῦλος
998 4410 1091 4463 τὸν
1115 4409 1277 4480 νόμον
1307 4406 1528 4462 διετέλει
1563 4408 1845 4478 φυλάττων
1870 4449 1883 4472 ,
1921 4410 2015 4462 καὶ

443 4496 611 4548 πολὺν
640 4494 929 4563 ὑπέμεινεν
964 4491 1183 4562 ἱδρῶτα,
1207 4492 1302 4546 καὶ
1335 4491 1537 4555 πολλὰς
1565 4492 1662 4562 μὲν
1688 4491 2012 4562 ὁδοιπορίας,

445 4577 646 4641 πολλὰς
668 4577 724 4630 δὲ
752 4576 1010 4647 ἠνέσχετο
1036 4576 1405 4646 ταλαιπωρίας
1431 4577 1622 4647 ἐτέρας
1640 4616 1654 4640 ,
1681 4577 1775 4629 καὶ⁸
1801 4577 2016 4631 πάντων

445 4663 667 4734 ἐκράτει
704 4660 812 4714 τῶν
841 4660 1116 4731 ὁμηλίκων
1145 4659 1287 4714 κατὰ
1314 4661 1413 4731 τὴν
1443 4660 1543 4730 τῆς
1576 4661 1849 4725 πολιτείας
1878 4660 2019 4714 ἐκεί-

445 4766 544 4819 νης
586 4744 898 4819 ἀκρίϐειαν·
939 4743 1051 4797 ἀλλ’
1074 4744 1224 4814 ὅμως
1275 4743 1412 4813 μετά
1463 4744 1522 4797 τὸ
1554 4744 1689 4814 πρὸς
1737 4745 1799 4797 τὸ
1852 4745 2017 4817 ἀκρον

445 4832 633 4885 ἐλάσαι
679 4829 776 4900 τῆς
828 4827 1102 4889 πολιτείας
1150 4827 1397 4897 ἐκείνης,
1440 4826 1624 4896 ἐπειδὴ
1661 4826 1895 4880 συνεῖδεν
1938 4828 2019 4880 ὅτι

446 4913 536 4967 ἐπ’
580 4911 788 4982 ὀλέθρῳ
852 4909 945 4963 καὶ
1004 4907 1174 4978 βλάϐῃ
1232 4908 1407 4962 πάντα
1463 4907 1764 4977 ἔπραττεν,
1818 4909 2017 4973 εὐθέως

449 4996 719 5069 μετέθετο.
748 4995 858 5049 Kal
888 4994 990 5047 οὐκ
1021 4988 1141 5046 εἶπε
1171 4992 1305 5063 πρὸς
1331 4992 1538 5057 ἐαυτὸν,
1570 4992 1720 5065 [614]
1743 4994 1808 5046 Τί
1834 4994 2017 5058 τοῦτο;

445 5080 714 5152 τοσαύτην
763 5077 1064 5150 ζημιοῦμαι
1100 5077 1371 5147 σπουδήν;
1404 5077 1654 5131 τοσοῦτον
1698 5079 1883 5133 ἀπολῶ
1927 5080 2021 5132 πό-

446 5181 569 5230 νον;
601 5162 738 5218 ἀλλά
772 5162 837 5216 δι’
871 5161 1004 5215 αὐτὸ
1048 5161 1145 5231 μὲν
1189 5158 1282 5215 οῦν
1334 5160 1489 5213 τοῦτο
1518 5162 1813 5232 ταχύτερον
1864 5179 2021 5232 μετεο

448 5249 576 5319 τέοη
599 5287 613 5311 ,
644 5248 728 5301 ἴνα
756 5246 829 5317 μὴ
863 5244 999 5316 μένῃ
1033 5243 1193 5304 πάλιν
1227 5244 1321 5297 ἐπί
1344 5243 1441 5315 τῆς
1463 5244 1634 5314 αὐτῆς
1663 5242 1866 5316 ζημίας
1885 5286 1899 5310 ,
1928 5246 2022 5299 καὶ

448 5333 546 5401 τῆς
580 5334 636 5384 ἐν
666 5330 745 5402 τῷ
785 5330 933 5399 νόμῳ
964 5328 1307 5399 δικαιοσύνης
1341 5329 1769 5400 κατεφρόνησεν,
1804 5330 1888 5383 ἵνα
1925 5330 2022 5400 τὴν

451 5417 515 5471 ἐκ
552 5417 785 5477 πίστεως
831 5413 1003 5486 λάϐῃ·
1052 5414 1145 5467 xal
1179 5414 1275 5484 βοᾷ
1307 5413 1479 5482 λέγων
1505 5455 1519 5480 ,
1551 5407 1764 5467 ’Ἁτινα
1798 5410 1880 5483 ἦν
1921 5430 2024 5483 μοι

450 5497 664 5564 κέρδη,
699 5496 886 5551 ταῦτα
930 5496 1149 5565 ἥγημαι
1198 5494 1296 5549 διὰ
1337 5496 1444 5548 τὸν
1491 5495 1749 5564 Χριστὸν
1793 5495 2021 5566 ζημίαν.

464 5581 602 5634 Ἐὰν
634 5579 986 5649 προσφέρῃς
1042 5579 1108 5633 τὸ
1159 5578 1352 5646 δῶρόν
1388 5592 1533 5645 σου,
1586 5581 1748 5651 φησῖν
1772 5620 1785 5646 ,
1826 5581 1920 5634 ἐπὶ
1956 5580 2023 5634 τὸ

518 5764 535 5784 ⁸
566 5766 645 5812 ἐκ
666 5763 787 5819 Reg.
818 5760 948 5810 lidili
968 5774 1083 5810 vero
1107 5764 1465 5824 καταφξόνητοι.

1139 325 1196 380 S.
1236 324 1517 382 JOANNIS
1545 324 2034 384 CHRYSOSTOMI
2071 327 2391 387 ARCHIEP.
2431 330 2989 390 CONSTANTINOP.

3548 328 3653 389 R70

2096 447 2533 518 θυσιαστήριον
2555 493 2569 518 ,
2628 450 2806 505 κάκεῖ
2843 446 3158 520 μνησθῇς,
3194 447 3283 502 ὅτι
3330 451 3364 502 δ
3402 449 3663 521 ἁδελφός

2091 546 2208 584 σου
2227 535 2352 601 ἔχει
2380 550 2435 587 τι
2468 534 2617 588 κατὰ
2637 535 2774 600 σοῦ,
2803 535 3014 604 ὕπαγε,
3048 532 3283 602 πρῶτον
3312 531 3666 603 διαλλάγηθι

2089 610 2171 678 τῷ
2189 614 2429 684 ἀδελφῷ
2456 633 2593 680 σου,
2623 617 2720 670 καί
2759 618 2892 670 τότε
2922 616 3115 671 ἐλθὼν
3142 615 3443 684 πρόσφερε
3466 618 3529 668 τὸ
3555 615 3664 669 δῶ-

2083 699 2202 764 ρόν
2237 711 2354 751 σου
2378 715 2392 729 ·
2421 698 2485 750 Τί
2516 698 2726 767 λέγειςς
2776 699 2841 753 ἂν
2874 699 2971 771 μὲν
3020 701 3049 752 ὁ
3080 698 3306 767 ἀδελφός
3332 714 3426 750 σου
3470 696 3569 770 ἐχῃ
3613 714 3666 751 τι

2092 778 2233 833 κατά
2262 780 2378 842 σοῦ,
2411 780 2472 833 οὐ
2507 784 2780 853 συγχωρεῖ
2803 799 2885 834 σοι
2908 784 3294 852 προσενεγκεῖν
3322 780 3423 850 τὴν
3452 779 3665 847 θυσίαν,

2089 862 2196 926 ἕως
2224 862 2290 917 ἂν
2321 861 2469 933 αὐτῷ
2496 863 2840 935 καταλλαγῆς
2857 881 2873 897 ·
2908 863 3233 936 Ἐκκλησίας
3260 862 3317 916 δέ
3344 862 3663 933 ὁλοκλήρου,

2091 947 2187 999 καὶ
2209 945 2475 999 τοσούτων
2507 947 2759 1018 πατέρων
2787 948 3017 1018 ἐχόντων
3040 946 3181 1001 κατά
3205 945 3320 1011 σοῦ,
3343 946 3545 1017 τολμᾷς
3573 946 3667 999 καὶ

2093 1028 2422 1100 ὑπομένεις,
2453 1030 2526 1101 μὴ
2572 1030 2879 1093 καταλύσας
2924 1030 3026 1101 τὴν
3073 1029 3271 1100 ἔχθραν
3300 1028 3399 1099 τὴν
3441 1030 3668 1098 ἀκαιρον

2092 1112 2295 1184 ταύτην
2317 1153 2332 1177 ,
2361 1116 2473 1177 τοῖς
2506 1112 2671 1176 θείοις
2705 1112 3018 1182 προσελθεῖν
3051 1112 3404 1183 μυστηρίοις;
3429 1111 3523 1164 καὶ
3554 1110 3669 1174 πῶς

2095 1196 2162 1250 ἂν
2188 1196 2372 1250 δύναιο
2404 1196 2588 1266 πάσχα
2622 1194 2887 1248 ἐπιτελεῖν
2918 1195 3060 1249 οὔτω
3085 1195 3456 1265 διακείμενος;
3486 1192 3668 1246 Ταῦτα

2093 1279 2213 1349 οὐχί
2237 1278 2373 1350 πρὸς
2398 1280 2638 1342 ἐκείνους
2661 1278 2803 1346 λέγω
2836 1279 3027 1349 μόνους
3042 1319 3056 1341 ,
3078 1277 3212 1331 ἀλλά
3244 1276 3341 1330 καὶ
3364 1275 3501 1345 πρὸς
3526 1275 3670 1345 ὑμᾶς

2094 1362 2220 1425 τούς
2251 1362 2606 1430 ὑγιαίνοντας,
2636 1361 2725 1414 ἵνα
2744 1362 2902 1424 ὅσους
2929 1360 2995 1414 ἂν
3028 1360 3172 1433 ἴδητε
3197 1358 3468 1422 τοιούτους
3490 1359 3667 1422 ὄντας,

2099 1445 2237 1515 μετά
2265 1445 2551 1517 ἀκριϐείας
2597 1444 2797 1514 πολλῆς
2836 1444 2932 1497 καὶ
2979 1443 3310 1514 προσηνείας
3359 1439 3669 1509 ἐκλέγοντες

2099 1528 2478 1600 συναγάγητε,
2525 1527 2622 1581 καὶ
2676 1526 2811 1597 πρὸς
2853 1525 2953 1596 τὴν
3002 1523 3665 1597 μητέρα-ἐπαναγάγητε.

2096 1609 2214 1664 Κᾶν
2242 1609 2616 1674 ἀντιτείνωσι,
2658 1608 2763 1663 κᾶν
2802 1606 3088 1679 σκιρτῶσι,
3131 1607 3234 1661 κᾶν
3276 1605 3454 1660 ὁτιοῦν
3485 1605 3669 1675 ἓτερον

2097 1694 2414 1763 πράττωσι,
2451 1693 2526 1765 μὴ
2564 1690 2940 1761 ἀποκάμωμεν
2959 1732 2974 1756 ,
3007 1689 3113 1753 ἕως
3140 1689 3206 1743 ἂν
3232 1689 3427 1750 αὐτοὺς
3472 1686 3666 1739 πείσω.

2100 1793 2235 1848 μεν·
2270 1776 2421 1831 οὐδὲν
2475 1774 2584 1847 γὰρ
2637 1774 2857 1845 εἰρήνης
2907 1772 3020 1826 ἴσον
3063 1772 3157 1826 καὶ
3193 1770 3528 1841 συμφωνίας.
3573 1769 3669 1822 Διά

2095 1859 2254 1913 τοῦτο
2284 1860 2378 1914 καὶ
2402 1858 2586 1913 εἰσιὼν
2613 1859 2643 1912 ὁ
2671 1856 2855 1927 πατὴρ
2880 1896 2895 1920 ,
2921 1856 2982 1910 οὐ
3007 1850 3267 1926 πρότερον
3295 1854 3388 1905 ἐπὶ
3424 1852 3514 1905 τὸν
3544 1851 3668 1922 θρόε-

2096 1958 2188 1995 νον
2231 1942 2511 1996 ἀναϐαίνει
2541 1941 2761 2005 τοῦτον,
2808 1940 2913 2002 ἐως
2944 1939 3012 1992 ἂν
3057 1939 3258 1992 ἅπασιν
3291 1936 3422 2006 ὑμῖν
3450 1935 3671 2005 εἰρήνην

2100 2025 2431 2098 ἐπεύξηται,
2464 2027 2558 2080 καὶ
2598 2024 2837 2087 ἀναστὰς
2886 2024 2948 2076 οὐ
3001 2021 3264 2093 πρότερον
3304 2019 3528 2092 ἄρχεται
3573 2020 3672 2086 τῆς

2100 2108 2235 2180 πρὸς
2265 2110 2409 2179 ὑμᾶς
2436 2107 2782 2170 διδασκαλίας
2808 2147 2823 2169 ,
2853 2106 2958 2169 ἕως
2990 2105 3055 2159 ἀν
3081 2104 3253 2158 ἅπασι
3280 2100 3355 2172 δῷ
3381 2102 3482 2172 τὴν
3517 2101 3671 2170 εἰρή-

2097 2207 2214 2261 νην.
2262 2192 2369 2245 Kal
2426 2191 2711 2262 μέλλοντες
2759 2188 3001 2258 εὐλογεῖν
3054 2188 3103 2240 οί
3157 2187 3321 2256 ἱερεῖς
3343 2223 3358 2247 ,
3411 2182 3673 2255 πρὰτερον

2098 2272 2257 2327 τοῦτο
2312 2275 2441 2345 ὑμῖν
2486 2273 2873 2343 ἐπευξάμενοι,
2928 2269 3070 2324 οὕτω
3119 2270 3218 2342 τῆς
3276 2266 3522 2335 εὐλογίας
3570 2266 3669 2336 ἆρ-

2100 2373 2302 2426 χονται.

2173 2503 2283 2557 Kal
2308 2504 2337 2556 ὁ
2368 2501 2613 2565 διάκονος
2642 2500 2697 2554 δὲ
2723 2499 2957 2554 κελεύων
2984 2495 3240 2569 εὐχεσθαι
3284 2492 3420 2567 μετά
3442 2492 3549 2546 τῶν
3580 2489 3675 2546 ἀλ-

2103 2584 2230 2649 λων,
2260 2584 2534 2639 καὶτοῦτο
2567 2583 2841 2637 ἐπιτάττει
2874 2581 3017 2636 κατὰ
3044 2580 3142 2652 τὴν
3176 2579 3361 2650 εὐχὴν,
3391 2578 3561 2631 αἰτεῖν
3585 2573 3677 2626 τὸν

2103 2666 2329 2737 ἄγγελον
2384 2667 2482 2738 τῆς
2536 2667 2758 2738 εἰρήνης
2783 2707 2798 2729 ,
2849 2665 2944 2718 καὶ
2993 2664 3062 2718 τὰ
3108 2660 3448 2735 προκείμενα
3500 2657 3679 2711 πάντα

2104 2750 2353 2821 εἰρηνικὰ
2377 2789 2393 2813 ,
2424 2751 2517 2803 καὶ
2562 2750 2660 2819 τῆς
2699 2747 2917 2801 συνόδου
2958 2746 3161 2812 ταύτης
3207 2742 3457 2799 ἀπολύων
3504 2739 3701 2810 ὑμᾶς,-

2103 2834 2259 2887 τοῦτο
2286 2834 2414 2904 ὑμῖν
2439 2832 2733 2903 ἐπεύχεται
2763 2831 2958 2900 λέγων,
2989 2829 3324 2898 Πορεύεσθε
3348 2828 3418 2881 ἐν
3447 2823 3677 2894 είρήνῃ·

2105 2918 2198 2970 καὶ
2226 2917 2376 2969 οὐδὲν
2403 2916 2537 2979 ὅλως
2572 2915 2651 2967 ἔνι
2687 2913 2808 2968 οὐτε
2841 2915 3013 2967 εἰπεῖν
3037 2954 3053 2978 ,
3094 2911 3217 2966 οὐτε
3253 2910 3457 2982 πρᾶξαι
3478 2908 3679 2975 ταύτης

2104 3000 2291 3069 χωρίς.
2328 2999 2475 3071 Αὐτη
2512 2998 2621 3068 γάρ
2659 2999 2865 3068 ἐστινὴ
2897 2996 3097 3066 τροφὸς
3145 2994 3303 3067 ήμῶν
3352 2992 3446 3046 καὶ
3477 2993 3678 3061 μήτηρ,

2107 3082 2385 3137 θάλπουσα
2414 3081 2552 3153 μετὰ
2573 3081 2773 3151 πολλῆς
2799 3082 2897 3152 τῆς
2925 3077 3207 3150 ἀκριϐείας
3245 3078 3411 3149 ἡμᾶς.
3444 3073 3687 3145 Εἰρήνην

2105 3165 2165 3218 δέ
2190 3165 2424 3234 λέγω,οὐ
2453 3165 2553 3237 τὴν
2583 3164 2690 3217 ἀπὸ
2714 3164 3071 3235 προσρήσεως
3090 3161 3253 3231 ψιλῆς
3269 3200 3284 3222 ,
3307 3159 3427 3214 οὐδέ
3452 3157 3550 3229 τὴν
3576 3156 3684 3209 ἀπὸ

2107 3249 2207 3318 τῆς
2238 3248 2520 3310 κοινωνίας
2572 3246 2679 3299 τῶν
2707 3245 2995 3317 τραπεζῶν
3016 3285 3030 3305 ,
3080 3244 3217 3299 ἀλλά
3249 3242 3345 3313 τὴν
3378 3240 3517 3295 κατά
3550 3239 3682 3291 Θεὸν

2110 3333 2330 3405 εἰρήνην
2354 3372 2369 3398 ,
2400 3331 2498 3402 τὴν
2529 3332 2591 3384 ἐκ
2641 3331 2741 3399 τῆς
2781 3330 3096 3400 συμφωνίας
3137 3329 3236 3397 τῆς
3286 3323 3680 3396 πνευματικῆς,

2107 3417 2175 3488 ἦν
2205 3416 2387 3470 πολλοὶ
2414 3414 2682 3468 διασπῶσι
2703 3413 2818 3481 νῦν,
2850 3414 2990 3485 ὑπὲρ
3019 3412 3247 3483 ἀκαίρου
3271 3407 3684 3480 φιλονεικίαςτά

2110 3500 2352 3571 ἡμέτερα
2382 3498 2800 3570 καθαιροῦντες,
2848 3500 2942 3551 καὶ
2985 3495 3054 3549 τά
3105 3494 3373 3549 Ἰουδαίων
3409 3491 3679 3557 αὔξοντες,

2110 3582 2350 3645 ἐκείνους
2398 3580 2869 3651 ἀξιοπιστοτέρους
2915 3579 3265 3640 διδασκάλους
3313 3575 3421 3629 τῶν
3469 3573 3683 3627 οἰκείων

2112 3665 2362 3736 πατέρων
2390 3665 2702 3737 ἡγούμενοι,
2728 3665 2823 3717 κά).
2856 3666 2970 3728 τοῖς
3003 3660 3403 3734 χριστοκτὸνοις
3435 3658 3565 3728 περὶ
3592 3655 3684 3709 τοῦ

2111 3749 2316 3813 πάθους
2355 3748 2736 3812 πιστεύοντες·
2777 3741 2839 3801 οῦ
2886 3746 2938 3799 τί
2986 3744 3179 3815 γένοιτ’
3208 3744 3274 3799 ἂν
3314 3740 3682 3811 ἀλογώτερον;

2113 3837 2227 3888 Οὐκ
2256 3830 2400 3899 οἶδας
2428 3835 2509 3889 ὄτι
2538 3836 2715 3887 ἐκεῖνο
2738 3832 2935 3897 τύπος,
2962 3831 3121 3885 τοῦτο
3152 3830 3208 3883 δέ
3249 3828 3507 3899 ἀλήθεια;
3545 3826 3688 3895 Ὅρα

2116 3918 2225 3988 γὰρ
2250 3919 2408 3971 πόσον
2439 3917 2500 3971 τὸ
2528 3917 2805 3987 διάφορον.
2846 3914 3051 3968 Ἐκεῖνο
3085 3912 3310 3967 θάνατον
3339 3910 3542 3965 ἐκώλυε
3579 3925 3685 3960 σω-

2104 4001 2369 4072 ματικὸν,
2394 4000 2554 4055 τοῦτο
2578 4000 2745 4072 ὀργὴν
2774 3998 2930 4051 ἔλυσε
2950 3997 3050 4068 τὴν
3078 3995 3216 4069 κατά
3242 3996 3340 4065 τῆς
3368 3991 3685 4061 οἰκουμένης

2124 4085 2429 4157 φερομένην
2454 4084 2673 4154 ἀπάσης
2697 4099 2711 4112 ·
2739 4083 2913 4136 ἐκεῖνο
2935 4081 3215 4150 οΑἰγύπτου
3239 4081 3359 4133 τότε
3392 4075 3684 4147 ἀπήλλαξε,

2123 4169 2281 4221 τοῦτο
2325 4165 2763 4238 εἰδωλολατρείας
2797 4163 3199 4235 ἠλευθέρωσεν·
3230 4164 3406 4215 ἐκεῖνο
3450 4160 3544 4213 τὸν
3584 4160 3686 4211 Φα·

2124 4250 2239 4323 ραὼ
2257 4293 2271 4315 ,
2315 4250 2470 4303 τοῦτο
2508 4250 2598 4302 τὸν
2628 4248 2872 4303 διάϐολον
2904 4247 3199 4311 ἀπέπνιξε·
3231 4246 3349 4317 μετ’
3376 4247 3552 4298 ἐκεῖνο
3582 4244 3689 4296 Πα-

2118 4331 2393 4417 λαιστίνη,
2428 4331 2567 4404 μετά
2594 4331 2751 4386 τοῦτο
2782 4332 3026 4403 οὐρανός.

2191 4476 2257 4529 Τί
2286 4476 2464 4530 τοίνυν
2499 4477 2578 4547 τῷ
2605 4476 2785 4547 λύχνῳ
2815 4474 3227 4547 προσεδρεύεις,
3261 4472 3354 4527 τοῦ
3384 4472 3537 4544 ήλίου
3586 4490 3689 4541 φα-

2119 4568 2335 4633 νέντος;
2363 4570 2414 4622 τί
2443 4569 2500 4622 δέ
2530 4567 2607 4638 τῷ
2638 4567 2873 4637 γάλακτι
2904 4565 3198 4636 τρέφεσθαι
3230 4564 3440 4635 βούλει,
3470 4564 3690 4635 στερεᾶς

2125 4675 2208 4712 σοι
2238 4658 2519 4731 διδομένης
2549 4659 2791 4731 τροφῆςς
2834 4658 2933 4711 Διά
2970 4656 3126 4712 τοῦτο
3154 4657 3395 4728 ἐτράφης
3439 4655 3687 4725 γάλακτι,

2121 4751 2207 4804 ἵνα
2241 4750 2315 4821 μὴ
2353 4751 2517 4825 μένῃς
2546 4752 2604 4806 ἐν
2636 4750 2712 4821 τῷ
2738 4750 2971 4819 γάλακτι
2996 4767 3008 4779 ·
3044 4749 3131 4803 διὰ
3156 4748 3311 4802 τοῦτό
3341 4765 3424 4801 σοι
3448 4748 3481 4802 ὁ
3505 4748 3691 4818 λύχνος

2121 4842 2325 4913 ἐφάνη,
2357 4843 2443 4895 ἴνα
2484 4842 2621 4912 πρὸς
2656 4840 2746 4895 τὸν
2779 4839 2927 4911 ἥλιον
2952 4839 3384 4911 χειραγωγηθῇς.
3417 4838 3568 4911 [615]
3603 4837 3692 4909 Μὴ

2120 4933 2320 5000 τοίνυν,
2359 4933 2467 4987 τῶν
2489 4933 2835 5004 τελειοτέρων
2857 4932 3312 5004 παραγενομένων
3335 4930 3690 5001 πραγμάτων,

2124 5022 2260 5095 πρὸς
2288 5023 2358 5078 τὰ
2400 5024 2640 5097 πρότερα
2663 5023 3152 5094 ἐπανατρέχωμεν,
3192 5022 3327 5093 μηδέ
3354 5022 3566 5093 ἡμέρας
3602 5021 3694 5075 καὶ

2124 5116 2347 5187 καιροὺς
2390 5116 2483 5169 καί
2535 5116 2814 5179 ἐνιαυτοὺς
2843 5114 3254 5186 παρατηρῶμεν
3276 5155 3290 5179 ,
3322 5114 3458 5168 ἀλλὰ
3495 5130 3692 5169 παντα-

2123 5205 2220 5279 χοῦ
2273 5209 2338 5278 τῇ
2388 5206 2680 5279 Ἐκκλησία
2740 5209 2857 5278 μετ’
2904 5206 3187 5279 ἀκριϐείας
3244 5206 3545 5278 ἐπώμεθα,
3597 5207 3695 5278 τὴν

2055 5313 2061 5319 “
2124 5301 2345 5371 ἀγάπην
2405 5300 2500 5353 καὶ
2557 5300 2655 5371 τὴν
2724 5301 2947 5372 εἰρήνην
3001 5300 3381 5371 προτιμῶντες
3421 5299 3691 5354 ἁπάντων.

2127 5390 2187 5444 Εἰ
2218 5390 2325 5461 γάρ
2356 5391 2452 5443 καὶ
2480 5388 2774 5459 ἐσφάλλετο
2798 5390 3161 5462 ήἘκκλησία,
3188 5392 3248 5445 οὐ
3284 5390 3535 5444 τοσοῦτον
3563 5406 3692 5444 κατ-

2125 5482 2350 5554 όρθωμα
2394 5482 2500 5536 ἀπὸ
2547 5482 2645 5553 τῆς
2693 5481 2801 5536 τῶν
2861 5483 3069 5553 χρόνων
3103 5481 3387 5554 ἀκριϐείας
3422 5476 3521 5552 ἦν,
3574 5480 3694 5533 ὅσον

2126 5574 2375 5646 ἔγκλημα
2403 5574 2511 5628 ἀπὸ
2532 5575 2630 5647 τῆς
2652 5573 2966 5647 διαιρέσεως
3005 5576 3096 5629 καί
3120 5574 3211 5629 τοῦ
3251 5574 3548 5646 σχίσματος
3581 5571 3692 5625 τού-
