4084 6186
356 279 462 335 869

350 411 465 448 mus
494 407 651 462 super
672 392 914 455 animam,
945 387 1191 458 quomodo
1220 404 1317 440 non
1343 386 1694 455 fraudabimur
1720 384 1787 437 ad
1813 381 1938 448 οπε-

351 485 565 538 rendum
583 483 721 536 dona
740 482 953 534 Domino
971 479 1152 550 (Num.
1177 478 1228 532 9.
1247 479 1336 545 7)?
1360 478 1503 530 State
1527 476 1657 538 istic,
1683 472 1872 543 inquit,
1895 481 1940 525 et

352 576 626 642 oﬂ'eremus
673 574 742 626 ad
792 573 951 625 Deum
1006 570 1114 641 (Ib.
1143 588 1193 624 ιι.
1225 571 1306 638 8).
1349 567 1547 622 Deinde
1576 582 1695 620 cum
1728 563 1940 619 retulis-

353 674 458 728 set,
491 667 659 734 legem
692 663 898 726 detulit,
932 677 1050 732 quae
1077 661 1416 731 pra'cipiebat
1439 677 1450 711 :
1477 658 1538 712 Si
1575 657 1685 728 quis
1717 656 1940 708 immun-

356 758 452 808 dus
475 756 625 823 fuerit
646 771 799 822 super
818 753 1037 806 animant
1057 752 1133 805 uel
1155 754 1205 804 in
1226 754 1303 804 uia
1326 749 1498 820 longa,
1521 757 1565 802 et
1584 748 1745 818 primo
1776 761 1943 799 mense

365 846 563 900 Pascha
587 849 752 917 facere
779 863 878 898 non
904 847 1138 914 potuerit,
1169 845 1316 914 faciet
1344 843 1397 896 in
1422 842 1637 896 secundo
1667 838 1942 906 (Ib.v.l0).

365 939 571 1007 lirgone
600 937 738 1005 apud
764 935 977 1000 .ludmos
1010 935 1260 1004 temporis
1284 934 1506 989 solvitur
1531 933 1852 998 observatio,
1887 940 1944 984 ut

361 1028 710 1097 Jerosolymis
733 1026 934 1080 Pascha
953 1027 1285 1080 celebretur:
1309 1035 1362 1079 et
1384 1033 1438 1078 tu
1459 1023 1798 1078 concordiam
1821 1037 1942 1076 cum

365 1120 605 1176 Ecclesia
637 1119 858 1187 tempori
887 1133 989 1171 non
1017 1116 1298 1178 anteferes,
1327 1116 1419 1170 sed
1444 1124 1498 1169 ut
1519 1115 1634 1170 dies
1659 1115 1946 1167 observare

363 1213 615 1278 videaris,
644 1225 981 1265 communem
1011 1211 1246 1263 omnium
1271 1216 1510 1261 nostrum
1553 1216 1776 1260 matrem
1809 1204 1946 1272 inju-

362 1305 441 1357 ria
469 1306 689 1368 afficias,
715 1312 769 1356 ct
792 1312 1110 1356 conventum
1139 1315 1348 1355 sacrum
1371 1297 1613 1353 divides?
1635 1298 1762 1363 Quis
1789 1297 1947 1366 igitur

364 1397 517 1448 venia
553 1403 604 1448 te
645 1393 862 1462 dignum
904 1392 1165 1458 censebit,
1216 1391 1302 1462 qui
1349 1390 1490 1446 nulla
1530 1389 1596 1444 de
1634 1403 1793 1443 causa
1825 1386 1946 1441 talia

367 1494 587 1554 peccare
618 1484 782 1537 velis?

440 1573 645 1628 Pascha
673 1590 772 1627 non
804 1590 1066 1643 possumus
1092 1572 1369 1636 observare,
1421 1588 1519 1642 quo
1557 1571 1638 1625 die
1675 1570 1949 1638 cruciﬁxus

368 1677 440 1720 est
463 1666 708 1720 Christus.
737 1693 807 1704 —
833 1664 967 1731 Quid
999 1676 1174 1718 autem
1212 1663 1280 1718 de
1318 1662 1515 1718 Judtcis
1552 1661 1779 1732 loquor?
1817 1660 1949 1715 Nam

371 1776 438 1814 nc
469 1775 567 1814 nos
593 1758 806 1829 quidem
833 1759 991 1812 etiam
1017 1758 1061 1812 si
1087 1757 1430 1812 vehementer
1457 1755 1736 1823 cupiamus
1766 1762 1820 1808 et
1852 1769 1949 1805 an-

371 1851 629 1915 nitamur,
657 1850 795 1903 diem
828 1849 976 1902 illum
1023 1849 1240 1901 omnino
1289 1848 1576 1902 observare
1622 1861 1797 1915 posse,
1845 1860 1950 1914 quo

278 2012 283 2017 .
370 1941 660 1996 cruciﬁxus
703 1950 802 2000 est.
838 1940 958 1994 inde
987 1948 1212 1994 constat.
1241 1939 1390 1993 Licet
1414 1939 1554 1992 enim
1589 1946 1950 2006 transgresso-

372 2048 461 2088 res
488 2032 655 2087 Judtei
683 2049 786 2086 non
817 2032 1056 2094 fuissent,
1086 2047 1259 2100 neque
1289 2033 1478 2100 ingrati
1511 2029 1748 2092 fuissent,
1780 2044 1951 2098 neque

374 2122 590 2190 stupidi,
626 2138 796 2192 neque
822 2122 1032 2176 desides
1061 2137 1123 2175 ac
1148 2133 1566 2190 contemptores,
1600 2135 1771 2190 neque
1799 2135 1828 2172 a
1858 2135 1952 2186 pa-

373 2214 537 2268 ternis
559 2213 743 2268 ritibus
767 2213 1104 2279 excidisscnt,
1131 2213 1223 2268 sed
1249 2227 1342 2268 eos
1363 2213 1650 2268 etiamnum
1671 2212 1953 2281 diligenter

307 2377 323 2379 ᾳ
373 2305 737 2366 observarent,
771 2321 836 2359 ne
865 2305 940 2357 sic
967 2305 1180 2373 quidem
1213 2304 1322 2358 ﬁeri
1356 2312 1554 2373 posset,
1607 2313 1665 2356 ut
1706 2319 1805 2357 nos
1833 2303 1954 2358 illo-

374 2413 490 2450 rum
514 2397 748 2466 vestigiis
770 2397 1060 2451 insistendo
1081 2397 1219 2451 diem
1244 2399 1399 2451 istum
1421 2413 1527 2465 quo
1551 2396 1832 2452 cruciﬁxus
1847 2407 1949 2459 est,

374 2496 429 2540 et
461 2486 658 2540 Pascha
685 2486 994 2550 celebravit,
1018 2502 1443 2556 assequcren‘tur.
1478 2487 1594 2554 Quo
1623 2502 1752 2541 vero
1775 2496 1951 2555 pacto,

375 2591 475 2645 ego
500 2577 691 2630 dicam.
739 2579 960 2642 Quando
1003 2579 1284 2631 cruciﬁxus
1311 2589 1413 2645 est,
1459 2587 1568 2632 tum
1611 2579 1810 2647 primus
1839 2578 1956 2632 dies

374 2678 678 2737 azymorum
705 2677 839 2733 erat,
864 2678 918 2723 et
949 2683 1263 2738 parasccve:
1297 2669 1410 2723 lucc
1437 2669 1576 2723 enim
1603 2678 1822 2738 utraque
1843 2669 1953 2724 ﬁeri

375 2758 576 2827 nequit,
611 2767 666 2812 ut
694 2768 947 2828 perpetuo
971 2769 1310 2814 concurrant.
1345 2761 1478 2815 Ecce
1499 2774 1726 2829 namque
1755 2762 1956 2830 primus

375 2851 490 2904 dies
514 2865 822 2921 azymorum
848 2851 951 2906 hoc
979 2867 1119 2904 anno
1146 2852 1196 2905 in
1223 2852 1542 2907 dominicum
1573 2852 1713 2908 diem
1746 2853 1952 2918 incidit,

376 2951 432 2995 et
456 2943 676 2996 omnino
705 2957 922 2997 necesse
940 2953 1039 3007 est,
1061 2952 1121 2996 ut
1146 2953 1251 2997 tota
1275 2944 1605 2998 hebdomada
1631 2945 1954 3014 jejuncmus,

378 3043 425 3087 et
451 3049 571 3087 cum
595 3035 769 3102 passio
796 3034 1130 3101 prteterierit,
1154 3045 1203 3088 et
1226 3050 1354 3088 crux
1377 3035 1670 3102 advenerit,
1699 3045 1753 3090 et
1780 3051 1955 3090 resur-

379 3124 567 3189 rectio,
600 3139 697 3176 nos
726 3123 901 3178 adhuc
926 3123 1230 3193 jejunantcs
1261 3141 1588 3180 maneamus.
1619 3127 1684 3180 Et
1713 3141 1958 3195 saepenu-

377 3231 528 3271 mero
554 3217 690 3270 istud
716 3197 928 3282 accidit,
959 3229 1017 3272 ut
1046 3226 1164 3288 post
1187 3234 1423 3284 crucem,
1467 3229 1585 3290 post
1612 3221 1958 3276 resurrectio-

379 3323 523 3372 nem,
555 3306 890 3377 bebdomada.
925 3310 1158 3364 nondum
1189 3311 1450 3378 absoluta,
1475 3313 1734 3381 jejunium
1776 3315 1956 3369 obser-

344 3471 352 3478 .
379 3415 584 3455 remus.
614 3401 686 3454 lta
715 3402 858 3454 nulla
887 3404 1140 3471 temporis
1166 3412 1248 3457 est
1275 3405 1600 3458 observatio.

449 3493 503 3547 6.
544 3493 620 3548 Ne
666 3493 824 3562 igitur
866 3495 1269 3558 contendamus,
1326 3511 1460 3551 neve
1510 3497 1640 3551 illud
1685 3496 1955 3565 dicamus,

381 3595 530 3639 tanto
552 3595 790 3655 tempore
806 3586 1059 3655 jejunavi,
1083 3595 1136 3642 et
1162 3603 1302 3642 nunc
1328 3604 1529 3643 morem
1558 3589 1808 3644 mutabo?
1832 3591 1958 3644 Pro-

383 3688 498 3746 pter
519 3677 619 3731 hoc
646 3679 814 3745 ipsum
841 3689 984 3732 muta
1007 3696 1019 3730 :
1043 3679 1182 3748 quod
1209 3691 1310 3734 tam
1341 3682 1510 3734 multo
1537 3690 1774 3752 tempore
1799 3683 1960 3738 fueris

381 3770 450 3823 ab
480 3770 714 3825 Ecclesia
741 3771 963 3836 divisus,
1007 3772 1072 3825 ad
1120 3781 1342 3827 matrem
1374 3773 1624 3850 deinceps
1667 3785 1955 3830 revertere.

382 3861 548 3916 Nemo
577 3862 734 3928 dicit,“
758 3863 1183 3933 quandoquidem
1213 3873 1358 3918 tanto
1391 3873 1630 3934 tempore
1657 3865 1960 3921 inimicitias

382 3955 619 4021 exercui,
655 3969 796 4007 nunc
822 3955 1150 4010 reconciliari
1178 3972 1263 4010 me
1291 3956 1473 4025 pudet.
1505 3957 1596 4010 Est
1621 3957 1762 4012 enim
1794 3958 1962 4027 pudor

382 4053 437 4096 et
464 4043 748 4113 ignominia
772 4059 874 4097 non
899 4045 950 4098 in
978 4047 1169 4100 melius
1204 4047 1421 4112 mutari,
1452 4047 1628 4102 sed~in
1657 4049 1959 4118 importuna

382 4137 726 4190 contentione
755 4137 1058 4206 persistere.
1106 4139 1216 4194 Hoc
1254 4139 1468 4195 Judteos
1499 4140 1657 4195 etiam
1709 4141 1958 4211 perdidit,

381 4229 474 4296 qui
502 4229 625 4280 dum
669 4237 900 4281 veterem
942 4231 1376 4285 consuetudinem
1422 4246 1636 4301 semper
1665 4233 1960 4302 inquirunt,

382 4318 453 4372 ad
470 4318 794 4385 impietatem
823 4318 1254 4372 devolvebantur.

458 4411 617 4465 Pauli
667 4410 952 4479 exemplum
983 4413 1237 4480 praponit.
1261 4413 1454 4467 —Scd
1495 4414 1618 4483 quid
1653 4429 1752 4483 ego
1776 4414 1844 4469 de
1881 4415 1962 4483 je-

384 4504 533 4572 junio
574 4503 887 4571 dierumque
926 4504 1298 4560 observatione
1342 4506 1502 4559 verba
1546 4506 1724 4560 facio?
1775 4508 1965 4562 Paulus

388 4596 557 4664 legem
599 4609 813 4648 servare
843 4609 948 4648 non
979 4594 1288 4661 desinebat,
1330 4607 1383 4651 et
1413 4599 1608 4651 multos
1652 4599 1860 4653 labores
1905 4615 1967 4655 ac

385 4684 612 4739 sudores
640 4685 965 4748 sustinebat,
994 4693 1048 4738 et
1080 4687 1273 4739 multas
1304 4687 1786 4756 peregrinationes,
1831 4691 1967 4744 mul-

391 4787 586 4843 Iusque.
607 4776 740 4830 alias
769 4791 1033 4829 mrumnas
1061 4776 1341 4842 tolerabat,
1373 4789 1532 4846 atque
1562 4794 1749 4834 omnes
1778 4791 1968 4835 coteta-

389 4884 518 4922 neos
546 4883 670 4922 suos
693 4869 923 4936 diligenti
953 4868 1220 4936 religionis
1251 4869 1395 4923 illius
1419 4871 1791 4925 observatione
1808 4889 1968 4940 supe-

391 4959 539 5011 rabat
563 4975 575 5008 :
628 4967 990 5011 verumtamen
1021 4968 1294 5028 postquam
1322 4960 1386 5013 ad
1414 4975 1677 5014 sumntum
1701 4964 1969 5032 religionis

391 5048 528 5102 illius
557 5048 818 5117 fastigium
851 5059 1200 5117 pervenerat,
1243 5067 1361 5105 cum
1393 5053 1738 5109 intellexisset
1769 5057 1820 5108 in
1851 5071 1970 5125 per-

390 5141 579 5193 niciem
605 5155 665 5194 ac
692 5140 1064 5195 detrimentum
1091 5157 1150 5196 se
1173 5153 1358 5197 cuncta
1375 5155 1653 5211 praestare.
1677 5146 1968 5202 confestim-

393 5240 626 5284 mutatus
668 5240 768 5283 est.
795 5231 903 5286 Nec
952 5232 1088 5301 apud
1120 5247 1178 5286 se
1204 5234 1338 5288 dixit
1366 5253 1380 5288 :
1429 5235 1554 5303 quid
1585 5235 1686 5289 hoc
1717 5237 1791 5290 rei
1843 5240 1966 5292 est?

392 5319 562 5372 Tanto
584 5320 760 5374 studio
787 5320 1039 5375 fraudor?
1065 5322 1290 5377 Tantum
1321 5325 1556 5378 laborem
1587 5327 1814 5379 amitto?
1861 5329 1971 5382 lmo

395 5428 522 5467 vero
552 5425 766 5481 propter
795 5415 894 5467 hoc
923 5415 1092 5482 ipsum
1124 5417 1278 5469 citius
1302 5427 1384 5470 cst
1413 5428 1644 5472 mutatus
1664 5460 1679 5483 ,
1716 5435 1782 5473 ne
1808 5422 1972 5474 detri-

397 5514 632 5557 mentum
662 5505 787 5557 illud
816 5507 1005 5558 itermn
1037 5516 1324 5574 pateretur,
1373 5524 1436 5561 ac
1478 5509 1732 5577 justitiam
1760 5527 1824 5566 ex
1855 5513 1972 5579 lege

393 5597 737 5660 contempsit,
771 5607 825 5648 ut
850 5595 968 5648 ﬁdei
991 5596 1248 5663 justitiam
1278 5599 1560 5666 acciperet,
1590 5612 1643 5655 et
1663 5603 1857 5659 clamat
1885 5606 1970 5658 di-

401 5692 560 5738 cens:
589 5684 713 5754 Qua
733 5687 852 5738 mihi
873 5689 1079 5757 fuerunt.
1101 5693 1261 5754 lucra,
1295 5691 1400 5743 hatc
1423 5691 1688 5746 arbitratus
1710 5711 1816 5748 sum
1847 5714 1967 5766 pro-

1143 274 1208 329 ΙΝ
1242 272 1370 329 EOS
1395 272 1510 340 QUI
1550 269 1811 327 PASCHA
1852 264 2211 324 JEJUNANT.
2254 265 2612 323 ADVERSL'S
2647 266 2787 322 JUD.
2832 264 2918 319 lll.

3523 244 3630 302 870

2050 393 2158 450 pter
2206 379 2459 436 Christum
2505 382 2803 436 detrimenta
2847 381 3081 451 (Philip.
3130 381 3183 436 5.
3226 380 3320 452 7).
3371 381 3429 436 Si
3471 382 3633 450 offers

2051 489 2236 526 munus
2267 482 2410 525 tuum
2447 474 2514 525 ad
2540 474 2701 525 altare
2722 515 2738 539 ,
2771 483 2818 527 et
2859 473 2925 526 ibi
2952 472 3246 527 recordatus
3289 474 3443 541 fuerit
3467 515 3481 537 ,
3511 475 3629 542 quia

2047 570 2207 635 frater
2224 575 2338 620 tuus
2360 567 2503 619 habet
2518 567 2713 637 aliquid
2734 566 2996 619 adversum
3011 576 3076 633 te,
3096 565 3240 631 vade,
3262 567 3401 634 prius
3417 566 3630 618 reconci-

2045 659 2171 710 liare
2187 658 2335 725 fratri
2361 667 2465 719 tuo,
2489 668 2533 710 et
2555 667 2670 710 tunc
2689 658 2888 710 veniens
2904 655 3032 723 o/fer
3051 672 3232 710 mumts
3249 667 3386 708 tuum
3413 655 3625 727 (Matth.

2047 748 2104 802 5.
2131 747 2244 820 25).
2274 748 2410 813 Quid
2433 746 2546 802 ais?
2576 746 2630 802 Si
2657 747 2818 802 frater
2838 748 3051 817 quidem
3079 757 3200 801 tuus
3226 747 3416 802 habeat
3437 748 3629 817 aliquid

2047 841 2328 894 adversum
2354 849 2426 905 te,
2455 839 2773 893 sacriﬁcium
2805 849 2859 893 ut
2883 838 3074 893 offeras
3101 839 3192 892 tibi
3217 832 3326 892 non
3353 840 3630 906 permittit.

2046 931 2218 984 donec
2239 929 2608 985 reconciliatus
2635 929 2706 981 illi
2729 927 2891 982 fueris
2910 966 2926 996 ,
2949 944 3070 982 cum
3093 945 3220 983 vero
3243 940 3347 982 tota
3373 928 3632 989 Ecclesia,

2048 1033 2102 1077 ct
2129 1031 2234 1076 tam
2267 1022 2415 1075 multi
2462 1021 2644 1075 Patres
2676 1020 2908 1073 habeant
2934 1020 3214 1073 adversmn
3250 1030 3300 1073 te
3320 1061 3335 1084 ,
3382 1019 3548 1072 audes
3573 1033 3634 1072 ac

2049 1115 2280 1168 sustines
2309 1127 2417 1167 non
2461 1112 2705 1181 deposito
2746 1112 2892 1180 prius
2932 1113 3234 1179 importuno
3294 1110 3395 1166 hoc
3423 1111 3544 1164 odio
3569 1110 3632 1162 ad

2052 1219 2327 1260 sacrorum
2351 1203 2809 1272 participationem
2839 1203 3215 1272 mysteriorum
3241 1200 3538 1255 accedere?
3569 1200 3635 1253 Et

2051 1311 2156 1367 quo
2177 1304 2330 1366 pacto
2361 1295 2560 1364 poteris
2583 1295 2660 1348 sic
2694 1292 2910 1346 aﬁ‘ectus
2938 1293 3139 1346 Pascha
3170 1292 3484 1346 celebrare?
3513 1290 3635 1344 Ha'c

2051 1407 2080 1443 a
2111 1405 2197 1444 me
2225 1405 2329 1444 non
2361 1389 2426 1442 ad
2464 1388 2583 1442 illos
2613 1396 2815 1440 tantum
2841 1386 3107 1451 dicuntur,
3139 1385 3231 1438 sed
3259 1385 3419 1438 etiam
3449 1383 3515 1436 ad
3547 1397 3639 1436 vos

2053 1483 2140 1552 qui
2166 1483 2281 1538 sani
2323 1481 2486 1545 estis,
2521 1489 2577 1534 ut
2614 1489 2873 1549 quotquot
2902 1479 3034 1532 tales
3058 1492 3176 1531 esse
3217 1476 3451 1530 videritis
3472 1517 3487 1539 ,
3517 1489 3637 1530 cum

2054 1577 2217 1631 multa
2238 1576 2509 1644 diligentia
2533 1585 2580 1631 el
2617 1574 2830 1629 lenitate
2857 1573 3082 1627 selectos
3102 1569 3454 1639 congregatis,
3482 1577 3642 1636 atque

2053 1669 2118 1722 ad
2146 1676 2367 1722 matrem
2397 1667 2540 1735 ipsos
2565 1665 2848 1720 reducatis.
2879 1663 3026 1716 Licet
3053 1662 3324 1724 resistant,
3352 1659 3475 1714 licet
3503 1657 3641 1710 resi-

2054 1759 2205 1824 liant,
2234 1759 2358 1814 licet
2381 1757 2523 1811 aliud
2552 1755 2762 1826 quidvis
2791 1755 3002 1817 faciant,
3037 1769 3102 1807 ne
3127 1753 3510 1821 defatigemur,
3539 1748 3644 1803 do-

2055 1866 2156 1907 nec
2180 1851 2258 1906 eis
2285 1849 2724 1919 persuaserimus.
2750 1846 2890 1900 Nihil
2913 1845 3054 1900 enim
3083 1854 3184 1908 est,
3207 1844 3346 1913 quod
3368 1857 3486 1898 cum
3510 1857 3642 1911 pace

2063 1945 2230 1998 valeat
2259 1951 2312 1997 et
2337 1941 2618 1997 concordia
2640 1940 2955 2006 comparari.
2980 1938 3263 2007 Propterea
3289 1951 3499 2006 quoque
3519 1951 3642 1991 cmn

2059 2033 2354 2103 ingreditur
2382 2033 2556 2097 Pater,
2587 2046 2693 2085 non
2719 2033 2865 2099 prius
2891 2029 2954 2083 ad
2985 2030 3121 2082 hanc
3145 2027 3332 2084 sedem
3362 2025 3636 2088 ascendit,

2056 2114 2212 2194 quam
2254 2122 2404 2177 vobis
2431 2121 2677 2175 omnibus
2718 2135 2898 2189 pacem
2931 2119 3088 2172 fuerit
3133 2127 3409 2187 precatus,
3440 2126 3494 2171 et
3518 2131 3640 2170 cum

2056 2215 2223 2284 surgit
2250 2255 2264 2280 ,
2297 2228 2401 2267 non
2436 2213 2584 2281 prius
2621 2211 2818 2266 docere
2844 2225 2938 2263 vos
2968 2210 3183 2278 incipit,
3211 2224 3367 2278 quam
3398 2207 3641 2261 omnibus

2061 2323 2242 2376 pacem
2283 2305 2512 2360 dederit.
2543 2303 2861 2360 Sacerdotes
2905 2302 3063 2357 etiam
3094 2316 3216 2356 cum
3257 2300 3448 2354 fuerint
3478 2298 3642 2353 bene-

2057 2402 2267 2466 dicturi,
2292 2401 2379 2455 ubi
2401 2401 2546 2470 prius
2569 2398 2669 2454 hoc
2690 2397 2837 2453 vobis
2857 2396 3122 2467 apprecati
3152 2394 3366 2459 fuerint,
3393 2392 3662 2463 deinceps.

2060 2493 2316 2562 incipiunt
2360 2491 2698 2546 benedicere.

2130 2584 2348 2640 Diaconi
2384 2601 2481 2640 uox
2518 2585 2570 2638 in
2611 2583 2842 2653 Liturgia
2886 2582 3130 2650 p0pulum
3159 2579 3558 2633 dimittentis.-—
3582 2576 3648 2632 Et

2059 2691 2186 2731 vero
2217 2677 2481 2732 Diaconus
2510 2674 2634 2728 dum
2663 2689 2783 2727 cmn
2814 2673 2933 2726 aliis
2961 2672 3163 2742 precari
3182 2671 3356 2740 jubet,
3385 2670 3486 2724 hoc
3507 2685 3643 2740 quo-

2058 2782 2164 2839 que
2191 2768 2416 2837 imperat
2444 2765 2494 2820 in
2524 2765 2764 2820 oratione
2784 2808 2798 2830 ,
2825 2777 2880 2818 ut
2906 2764 3149 2834 augt-lum
3189 2762 3336 2832 pacis
3361 2774 3642 2830 rogemus,

2060 2869 2113 2916 et
2141 2876 2260 2929 qua:
2288 2859 2555 2928 proposita
2586 2867 2708 2912 sunt
2736 2867 2924 2912 cuncta
2951 2857 3190 2924 paciﬁca.
3220 2864 3269 2909 et
3301 2855 3369 2908 ab
3395 2854 3496 2907 hoc
3519 2866 3648 2906 con-

2064 2960 2224 3008 ventu
2268 2966 2364 3006 vos
2407 2943 2678 3005 dimittens
2722 2950 2823 3003 hoc
2853 2949 3004 3003 vobis
3054 2958 3301 3016 precatur
3343 2946 3556 3000 dicens:
3584 2943 3647 2996 In

2063 3060 2186 3113 pace
2213 3042 2487 3096 discedite:
2514 3051 2567 3095 et
2611 3041 2742 3094 nihil
2785 3041 2836 3092 in
2871 3040 3175 3093 universum
3223 3046 3398 3106 potest
3423 3035 3508 3090 vel
3543 3035 3644 3088 dici

2060 3136 2147 3190 vel
2174 3135 2288 3189 ﬁeri
2313 3135 2427 3188 sine
2453 3134 2571 3186 ista.
2613 3132 2704 3186 Est
2729 3132 2872 3186 enim
2912 3130 3026 3185 haec
3053 3130 3228 3183 nutrix
3255 3145 3317 3183 ac
3357 3113 3528 3182 mater
3554 3143 3641 3180 no-

2063 3236 2205 3292 stra,
2236 3239 2355 3296 qua:
2384 3224 2552 3277 multo
2583 3238 2701 3278 cum
2744 3223 2920 3290 studio
2950 3237 3012 3276 ac
3037 3221 3308 3290 diligentia
3355 3234 3454 3274 nos
3481 3218 3644 3273 fovet.

2063 3314 2253 3371 Pacem
2287 3328 2446 3383 porro
2468 3313 2588 3368 dico
2616 3329 2719 3367 non
2750 3313 2886 3367 hanc
2918 3327 2948 3365 a
2993 3311 3106 3365 sola
3148 3311 3522 3380 appellatione,
3553 3324 3648 3364 nc-

2064 3421 2166 3476 quc
2196 3406 2338 3460 illam
2365 3421 2483 3475 quae
2511 3405 2561 3458 in
2588 3419 2788 3459 mensm
2830 3403 3207 3458 communione
3247 3401 3489 3456 consistit
3509 3443 3523 3464 ,
3555 3401 3647 3456 sed

2066 3516 2249 3572 pacem
2275 3499 2568 3554 secundum
2601 3499 2765 3553 Deum
2791 3537 2806 3562 ,
2839 3513 2958 3565 quae
2987 3513 3050 3552 ex
3083 3494 3340 3567 spirituali
3367 3493 3649 3548 concordia

2065 3593 2300 3646 nascitur
2325 3633 2340 3655 ,
2373 3606 2530 3660 quam
2586 3590 2736 3644 multi
2767 3604 2906 3668 nunc
2951 3588 3247 3656 dissipant,
3291 3602 3318 3638 a
3347 3585 3537 3655 quibus
3567 3600 3650 3638 res

2065 3695 2261 3742 nostrae
2284 3686 2651 3754 intempestiva
2675 3683 2900 3753 quadam
2923 3683 3264 3738 contentione
3284 3679 3648 3742 destruuntur,

2065 3788 2120 3835 et
2157 3794 2244 3832 res
2286 3777 2588 3832 Iudaeorum
2631 3785 2925 3845 augentur,
2954 3775 3078 3829 dum
3110 3788 3204 3829 eos
3248 3773 3348 3826 ﬁde
3382 3772 3653 3842 digniores

2068 3871 2319 3925 doctores
2344 3883 2501 3939 quam
2526 3883 2650 3922 suos
2677 3868 2859 3922 Patres
2885 3867 3227 3930 arbitrantur,
3247 3877 3294 3918 et
3316 3864 3513 3919 Christi
3544 3879 3644 3932 pan

2068 3962 2248 4017 ricidis
2289 3960 2356 4015 de
2388 3959 2630 4028 passione
2657 3957 2897 4024 credunt,
2925 3973 3031 4027 quo
3063 3957 3189 4026 quid
3217 3957 3495 4010 absurdius
3541 3955 3647 4009 ﬁeri

2068 4051 2267 4122 possit?
2311 4050 2536 4104 Nescitis
2567 4049 2693 4103 illud
2724 4049 2975 4117 ﬁguram,
3009 4048 3108 4101 hoc
3136 4047 3408 4100 veritatem
3452 4046 3650 4100 fuisse?

2069 4143 2203 4197 Vide
2233 4155 2462 4210 namque
2485 4150 2741 4209 quantum
2770 4139 2840 4192 sit
2881 4138 3194 4192 discrimen.
3233 4136 3363 4190 Illud
3401 4150 3659 4206 corpora.

2068 4237 2171 4291 lem
2205 4243 2429 4288 mortem
2462 4231 2815 4301 prohibebat,
2855 4230 2957 4284 hoc
2986 4230 3117 4282 iram
3142 4227 3381 4295 sedavit,
3413 4243 3532 4297 qua:
3558 4226 3647 4280 ad-

2068 4343 2257 4384 versus
2295 4327 2602 4380 universum
2646 4334 2906 4378 terrarum
2937 4322 3120 4377 orbem
3158 4321 3427 4375 ferebatur
3465 4337 3477 4372 :
3525 4317 3650 4374 iiind

2070 4422 2137 4475 ab
2175 4420 2408 4490 Egypto
2449 4415 2772 4486 vindicavit,
2805 4414 2907 4469 hoc
2951 4415 3018 4468 ab
3049 4413 3343 4475 idololatria
3375 4412 3646 4466 liberavit:

2071 4513 2196 4567 illud
2224 4512 2554 4565 Pharaonem
2579 4549 2592 4572 ,
2626 4507 2726 4561 hoc
2749 4505 3017 4560 diabolum
3045 4504 3352 4559 suil‘ocavit:
3382 4513 3501 4574 post
3527 4500 3656 4556 illud

2072 4603 2372 4665 Palmstina,
2400 4609 2520 4670 post
2548 4599 2648 4654 hoc
2672 4599 2880 4653 etelum.

2142 4694 2217 4746 Ab
2239 4691 2576 4746 observatione
2603 4690 2789 4743 rituum
2813 4687 3144 4740 Iudaicarum
3172 4686 3404 4739 deterret.
3429 4713 3500 4723 ——
3519 4682 3658 4748 Quid

2074 4785 2232 4855 igitur
2268 4785 2499 4838 lucerna:
2544 4781 2784 4843 assides,
2815 4793 2936 4834 cum
2985 4779 3066 4832 sol
3119 4775 3465 4846 apparuerit?
3512 4774 3654 4838 Cur,

2074 4891 2274 4945 quaeso,
2303 4875 2439 4928 lacte
2468 4873 2546 4926 vis
2575 4871 2802 4938 nutriri,
2835 4887 2954 4924 cum
2977 4870 3126 4923 cibus
3167 4868 3256 4921 tibi
3294 4865 3493 4920 soiidus
3521 4880 3662 4934 prte-

2077 4967 2308 5022 bcatur?
2334 4967 2619 5035 Pr0ptcrea
2651 4964 2786 5018 lacte
2813 4964 3040 5016 nutritus
3067 4976 3145 5023 cs,
3178 4977 3244 5015 ne
3277 4960 3411 5013 lacte
3434 4969 3655 5012 conten-

2075 5067 2158 5112 tus
2179 5072 2358 5113 esses:
2391 5066 2669 5126 propterea
2693 5055 2781 5108 tibi
2808 5053 3020 5108 lucerna
3042 5051 3302 5120 apparuit,
3328 5061 3383 5102 ut
3399 5049 3467 5099 ad
3491 5048 3660 5102 solent

2074 5149 2435 5204 dcducereris.
2467 5147 2598 5202 Cum
2631 5148 2788 5216 igitur
2825 5161 2911 5200 res
2948 5143 3288 5213 perfectiores
3327 5139 3656 5202 advenerint,

2075 5241 2142 5296 ad
2173 5242 2373 5310 priores
2400 5256 2465 5294 ne
2493 5253 2830 5294 recnrramus
2853 5279 2868 5301 ,
2898 5251 3071 5304 neque
3097 5234 3211 5288 dies
3236 5241 3291 5287 et
3327 5241 3566 5300 tempora
3607 5246 3666 5284 et
3706 5234 3715 5245 ‘

2075 5349 2242 5388 annos
2268 5332 2612 5388 observemus
2634 5371 2651 5396 ,
2699 5330 2791 5384 sed
2822 5327 3016 5396 ubique
3060 5325 3339 5395 diligenter
3367 5321 3600 5377 Ecclesia
3620 5340 3670 5374 Ιιλ

2076 5440 2363 5495 sequamur
2380 5435 2432 5478 et
2450 5423 2721 5477 caritatem
2739 5435 2800 5473 ac
2822 5434 3003 5488 pacem
3026 5417 3270 5472 omnibus
3290 5415 3634 5486 praeferamus
3654 5456 3658 5461 .

2079 5515 2227 5570 Licet
2253 5515 2395 5569 enim
2423 5512 2661 5566 Ecclesia
2690 5511 2956 5565 falleretur
2977 5551 2990 5574 ,
3032 5525 3136 5563 non
3167 5517 3368 5562 tantum
3395 5506 3569 5562 laudis
3596 5523 3664 5558 at;

2077 5608 2208 5663 lucri
2236 5621 2300 5660 ex
2330 5615 2626 5672 temporum
2658 5614 2841 5658 exacta
2865 5604 3092 5668 ratione,
3125 5611 3377 5672 quantum
3409 5597 3660 5670 vituperii

2078 5715 2146 5753 ex
2175 5696 2432 5753 divisione
2458 5710 2518 5750 ac
2553 5694 2837 5752 schismate
2867 5703 3174 5750 nasceretur
3198 5711 3211 5761 ;
3238 5693 3348 5765 jam
3380 5707 3510 5760 vero
3541 5687 3658 5744 ttul-
