4084 6186
403 238 496 291 8⁸71
1025 305 1038 316 ο
1118 242 1156 301 5
1215 239 1489 299 JOANNIS
1529 242 2004 298 CHRYSOSTOSH
2043 242 2358 298 ARClllEP.
2401 242 2934 300 CONSTANTINOP.

407 361 513 415 lam
567 375 669 432 ego
705 361 964 430 temporis
996 361 1261 414 rationem
1313 358 1518 423 habeo,
1569 357 1994 427 quandoquidem

407 466 581 520 neque
608 449 767 506 habet
799 450 935 504 Dens
959 491 971 514 ,
1003 448 1447 519 quemadmodum
1475 449 1954 502 demonstravimus
1978 489 1992 513 ,

407 559 528 598 cum
564 546 663 600 hac
691 543 760 598 dc
789 559 844 598 re
881 544 1030 597 multi
1064 543 1226 598 habiti
1267 542 1460 596 fuerint
1502 556 1530 594 a
1558 557 1642 594 me
1680 553 1990 594 sermones:

407 635 502 690 sed
543 651 702 690 unum
745 635 796 690 id
837 650 1039 706 quam,
1072 644 1128 690 ut
1155 636 1207 690 in
1240 650 1366 704 pace
1389 634 1782 704 concordiaque
1807 643 1994 688 cuncta

405 727 686 793 faciamus,
724 745 792 784 ne
816 729 942 783 dum
981 743 1077 782 nos
1099 728 1420 797 jejunamns,
1453 741 1514 781 ac
1544 709 1770 797 populus
1797 726 1990 792 omnis,

398 828 452 873 et
491 834 681 888 preces
715 835 811 888 pro
843 831 1103 874 terrarum
1131 819 1263 874 orbe
1303 818 1526 873 fundunt
1561 817 1903 884 Sacerdotes,
1939 827 1994 873 tu

401 907 654 964 ebrietati
682 910 824 964 domi
853 923 1024 965 vaces.
1060 910 1244 980 Cogita
1269 925 1424 980 quam
1445 909 1547 964 hoc
1575 909 1644 964 sit
1668 910 1994 980 operationis

408 997 684 1055 diabolica:
708 1041 724 1066 ,
753 1017 852 1056 nec
878 1017 1040 1055 unum
1067 1001 1242 1056 solum
1265 1042 1281 1067 ,
1311 1015 1410 1056 nec
1433 1001 1540 1056 duo
1563 1043 1578 1068 ,
1606 1017 1705 1055 nec
1733 1001 1827 1054 :ria
1855 1041 1868 1065 ,
1899 998 1992 1054 sed

407 1093 573 1148 n'tclto
603 1094 750 1162 plura
784 1107 995 1163 peccata
1018 1109 1198 1149 secum
1230 1097 1421 1148 trahat.
1446 1096 1488 1148 A
1511 1109 1671 1164 grege
1700 1103 1750 1148 te
1771 1093 1990 1157 divellit,

407 1194 461 1238 et
486 1181 685 1250 efficit,
714 1195 770 1239 ut
815 1195 920 1240 tam
961 1187 1158 1242 multos
1185 1185 1374 1239 Patres
1393 1187 1749 1251 condemnes,
1779 1186 1830 1240 in
1860 1199 1992 1240 con-

408 1274 673 1330 tentiones
703 1277 990 1346 pra-cipitu
1009 1315 1026 1342 ,
1065 1277 1130 1330 ad
1157 1275 1371 1331 Iudaeos
1407 1273 1656 1345 expellit,
1685 1276 1990 1330 scandalum

408 1375 462 1423 te
491 1383 676 1422 rursus
700 1377 754 1423 et
779 1368 1087 1423 domesticis
1128 1379 1180 1424 et
1206 1369 1394 1424 alienis
1422 1370 1687 1438 proponit.
1717 1369 1816 1437 Qui
1843 1385 1992 1423 nam-

407 1472 513 1528 que
541 1460 834 1527 poterimus
860 1458 978 1514 illos
1005 1459 1394 1528 reprehendere
1417 1500 1433 1526 ,
1463 1460 1506 1513 si
1533 1459 1678 1514 domi
1705 1471 1989 1525 maneant,

310 1579 317 1586 -
408 1562 530 1602 cum
559 1557 614 1602 tu
640 1549 705 1602 ad
735 1549 856 1605 illos
881 1549 1107 1604 curras?
1142 1549 1325 1620 Neque
1365 1565 1496 1604 vero
1519 1549 1634 1604 hac
1671 1550 1841 1603 solum
1866 1565 1992 1619 pec-

407 1648 526 1693 cata
556 1650 712 1704 sunt,
745 1641 839 1697 sed
867 1641 1006 1712 quod
1037 1657 1285 1712 magnum
1311 1643 1688 1698 detrimentum
1716 1644 1956 1713 capiatur
1975 1685 1988 1707 ,

407 1746 527 1786 cum
554 1747 727 1803 neque
753 1733 1040 1803 Scriptnris
1059 1777 1073 1800 ,
1109 1750 1280 1805 neque
1306 1735 1668 1801 concionibus,
1697 1751 1868 1806 neque
1897 1736 1990 1791 be-

409 1823 710 1880 nedictione
735 1867 750 1894 ,
797 1841 971 1896 neque
1009 1827 1381 1881 communibus
1424 1827 1670 1895 precibus
1698 1825 1749 1880 in
1774 1826 1992 1897 jejuniis

412 1915 517 1970 illis
544 1917 734 1971 fruaris
757 1959 772 1983 ,
814 1918 908 1972 sed
939 1931 1060 1972 cum
1087 1933 1247 1987 prava
1289 1918 1616 1973 conscientia
1660 1926 1828 1973 totum
1865 1919 1990 1972 illud

407 2013 617 2077 tempus
645 2007 892 2062 traducas
909 2047 926 2074 ,
956 2015 1201 2063 metuens
1222 2022 1284 2062 ac
1310 2019 1571 2074 tremens,
1599 2025 1665 2063 ne
1689 2009 1992 2078 deprchen-

403 2095 550 2152 daris
571 2107 840 2167 tamquam
866 2097 1161 2168 alienigena
1189 2098 1404 2169 quidam
1431 2108 1484 2153 et
1509 2100 1838 2168 peregrinus,
1871 2115 1992 2155 cum

407 2196 460 2244 te
484 2197 756 2259 oporteret
781 2203 903 2244 cum
943 2190 1133 2246 fiducia
1184 2200 1239 2245 et
1267 2191 1537 2260 voluptate
1561 2233 1576 2258 ,
1609 2207 1730 2246 cum
1770 2192 1951 2247 laetitia
1977 2235 1989 2257 ,

404 2294 528 2336 cum
557 2279 706 2335 omni
732 2280 978 2336 libertate
1007 2279 1197 2347 simul,
1227 2297 1347 2336 cum
1377 2283 1613 2338 Ecclesia
1637 2293 1828 2339 cuncta
1868 2301 1988 2356 per-

405 2369 587 2426 ﬁcere.
633 2369 819 2441 Neque
860 2371 1002 2426 enim
1030 2371 1272 2428 Ecclesia
1300 2382 1540 2429 exactam
1573 2373 1831 2428 rationem
1862 2383 1996 2428 tem-

405 2475 596 2532 porum
636 2462 813 2516 novit:
845 2461 938 2517 sed
967 2463 1216 2534 quoniam
1259 2465 1328 2519 ab
1353 2463 1502 2519 initio
1531 2463 1776 2519 Patribus
1819 2465 1989 2520 visum

3585 245 3714 300 879.

2103 365 2185 412 est
2214 354 2331 409 loco
2370 355 2569 410 dissitis
2609 356 2765 412 simul
2793 355 3077 412 convenire
3104 399 3117 418 ,
3166 367 3323 425 atque
3370 357 3508 411 hunc
3539 358 3711 412 diem

2100 448 2327 503 delinire
2348 490 2362 515 ,
2395 463 2715 504 consensum
2747 449 2942 518 ubique
2972 449 3180 518 plurimi
3207 448 3409 504 faciens
3430 492 3444 514 ,
3475 459 3531 505 et
3557 466 3715 504 con—

2097 542 2336 598 cordiam
2365 543 2593 614 diligens
2617 585 2630 607 ,
2661 543 2800 613 quod
2831 543 3136 597 mandatum
3184 542 3282 596 fuit
3309 542 3554 612 amplexa
3588 552 3714 594 est.

2098 635 2240 690 Fieri
2269 635 2463 706 quippe
2489 650 2592 688 non
2623 649 2780 704 posse
2800 675 2814 700 ,
2848 643 2904 692 ut
2935 634 3014 688 vel
3048 649 3144 688 nos
3179 631 3262 690 vel
3289 648 3413 698 vos,
3445 633 3528 686 vel
3552 632 3716 686 alius

2097 728 2269 798 quivis
2293 728 2460 796 ipsum
2489 725 2814 781 dominicum
2835 726 2975 782 diem
2999 735 3331 795 assequatnr,
3361 723 3716 778 sufficienter

2099 828 2182 873 est
2216 819 2269 872 in
2299 818 2722 888 praecedentibus
2767 818 3212 872 demonstratum.
3255 815 3332 870 Ne
3362 816 3519 887 igitur
3565 829 3710 869 cum

2100 908 2288 963 umbra
2317 908 2670 980 digladiemur
2689 950 2704 974 ,
2733 923 2905 979 neque
2935 908 3002 963 de
3033 908 3193 962 rebus
3222 907 3526 978 vulgaribus
3552 923 3708 962 con-

2099 1000 2375 1055 tendentes
2400 1001 2452 1054 in
2487 1003 2690 1071 magnis
2715 1015 2812 1055 nos
2839 1001 2981 1069 ipsos
3010 999 3286 1054 Iazdamus.
3315 999 3447 1053 Nam
3475 998 3578 1054 hoc
3602 999 3706 1053 vel

2098 1090 2189 1145 illo
2217 1099 2456 1160 tempore
2492 1091 2736 1161 jejunare
2763 1091 2965 1146 nullum
2992 1100 3073 1145 est
3110 1091 3310 1145 crimen
3351 1108 3362 1144 :
3394 1091 3709 1145 Ecclesiam

2103 1191 2284 1236 autem
2311 1181 2549 1236 dividere
2569 1222 2584 1247 ,
2614 1198 2678 1237 ac
2704 1183 3133 1238 contentionibus
3162 1197 3374 1247 vacare,
3401 1190 3455 1236 et
3481 1182 3709 1237 discor-

2097 1275 2210 1328 dias
2233 1289 2414 1330 serere
2438 1318 2453 1341 ,
2488 1291 2650 1346 seque
2685 1291 2839 1330 sacro
2861 1285 3122 1332 conventu
3152 1285 3406 1345 perpetuo
3438 1277 3652 1345 privare
3679 1317 3698 1342 ὃ

2096 1365 2250 1421 venia
2282 1376 2452 1434 caret,
2482 1368 2855 1422 criminatione
2882 1367 3119 1438 dignum,
3153 1377 3207 1422 et
3231 1367 3398 1421 multo
3427 1367 3700 1436 supplicio

2096 1464 2179 1511 est
2205 1456 2514 1512 obnoxium.
2542 1461 2619 1511 Ac
2649 1467 2894 1526 poterant
2918 1457 3130 1527 quidem
3168 1457 3316 1527 plura
3345 1457 3471 1523 diei,
3501 1472 3695 1510 verum

2097 1549 2162 1604 iis
2187 1550 2275 1619 qui
2303 1551 2491 1605 attenti
2534 1549 2766 1616 fuerint,
2798 1565 2860 1605 ea
2905 1565 3022 1620 quae
3052 1548 3161 1619 jam
3193 1557 3317 1604 sunt
3353 1549 3495 1604 dicta
3539 1549 3698 1603 suffi-

2096 1641 2273 1694 ciunt:
2303 1640 2478 1693 minus
2502 1641 2718 1695 attentis
2745 1650 2946 1709 autem,
2975 1656 3147 1711 neque
3173 1641 3218 1696 si
3249 1641 3400 1710 plura
3422 1640 3692 1706 dicantur,

2097 1733 2380 1804 quidquam
2413 1733 2670 1803 proderit.
2716 1734 2973 1803 Quocirca
3020 1735 3179 1789 linem
3223 1735 3312 1789 hic
3355 1733 3563 1788 dicendi
3613 1733 3696 1786 fa-

2096 1824 2299 1881 cientes
2325 1840 2511 1880 omnes
2538 1826 2694 1881 simul
2725 1825 2915 1881 fratres
2940 1836 3152 1880 nostros
3175 1841 3390 1880 oremus
3419 1834 3476 1879 ut
3498 1825 3561 1879 ad
3588 1839 3690 1878 nos

2097 1917 2356 1987 redeant,
2387 1927 2444 1974 et
2470 1934 2655 1990 pacem
2686 1919 3100 1988 amplectantur,
3133 1918 3199 1975 ab
3227 1919 3527 1992 importuna
3553 1932 3687 1971 con-

2098 2009 2333 2064 tentione
2359 2009 2652 2076 discedant,
2687 2019 2741 2065 et
2769 2011 2850 2067 his
2890 2011 3101 2080 ineptiis
3142 2010 3400 2081 neglectis
3449 2018 3686 2064 mentem

2097 2110 2153 2155 et
2181 2101 2554 2171 cogitationem
2601 2102 2884 2167 attollant,
2933 2113 3091 2173 atque
3119 2119 3149 2156 a
3178 2112 3474 2172 temporum
3506 2102 3691 2157 obser—

2098 2192 2312 2249 vatione
2354 2193 2645 2249 liberentur
2666 2235 2680 2259 ,
2726 2205 2783 2250 ut
2826 2209 2931 2250 uno
2961 2209 3147 2250 omnes
3172 2195 3352 2250 animo
3389 2202 3551 2263 atque
3580 2209 3688 2248 uno

2099 2301 2195 2341 ore
2221 2285 2581 2357 glorificcmus
2606 2289 2773 2343 Deum
2803 2299 2856 2344 et
2882 2289 3093 2344 Patrem
3125 2288 3336 2344 Domini
3365 2290 3531 2344 nostri
3556 2287 3683 2343 Jesu

2101 2377 2328 2444 Christi,
2357 2379 2439 2433 cui
2465 2379 2634 2449 gloria
2661 2388 2715 2434 et
2740 2379 3022 2449 imperium
3051 2395 3190 2436 nunc
3228 2389 3282 2436 et
3307 2394 3522 2450 semper
3547 2388 3601 2434 et
3631 2379 3684 2432 in

2101 2467 2293 2523 saecula
2315 2469 2656 2526 saeculorum.
2697 2472 2889 2527 Amen.

409 2597 3679 2628 .____________________.__________________

467 2670 789 2734 CONTRA
817 2673 1140 2736 JUDIEOS
1168 2675 1250 2736 ΙΝ
1294 2675 1549 2738 TUBAS
1591 2674 2026 2737 PASCHATIS
2068 2676 2372 2756 EORUM,
2419 2682 2883 2747 ANTIOCHle
2926 2687 3228 2750 ΗΑΒΙΤΑ
3275 2691 3353 2752 IN
3397 2691 3683 2752 MAGNA

1805 2775 2187 2839 ECCLESIA
2213 2765 2267 2838 ί.’

1819 2923 2234 2992 mm

978 3071 1175 3113 onmo
1203 3073 1430 3123 ausam.

478 3207 532 3265 Ι.
566 3209 771 3268 Rursus
799 3211 1038 3270 infelices
1059 3215 1134 3269 illi
1162 3216 1572 3287 mortaliumqne
1611 3219 1851 3275 omnium
1893 3221 1994 3276 mi-

405 3301 617 3358 serrimi
637 3301 809 3358 Judaei
830 3303 1118 3373 jejunaturi
1143 3315 1267 3360 sunt
1298 3324 1311 3360 :
1343 3321 1527 3361 rursus
1551 3306 1748 3363 Christi
1777 3325 1993 3382 gregem

404 3393 710 3451 muniamus
730 3410 955 3451 necesse
997 3405 1099 3451 est.
1149 3395 1588 3468 Quandoquidem
1634 3409 1689 3455 et
1729 3410 1990 3471 pastores,

405 3485 660 3554 quamdiu
691 3485 850 3541 noxia
877 3487 1048 3543 bestia
1073 3489 1294 3544 molesta
1319 3505 1423 3545 non
1445 3499 1548 3559 est,
1582 3492 1682 3548 sub
1707 3493 1881 3550 ilicem
1904 3505 1996 3550 aut

407 3575 665 3644 populum
693 3577 945 3645 porrecti,
969 3576 1144 3632 fistula
1174 3589 1392 3647 canunt,
1414 3581 1649 3639 sinentes
1675 3599 1803 3640 oves
1829 3585 1997 3643 libere

408 3682 506 3736 pro
529 3681 628 3722 suo
649 3668 906 3724 arbitratu
939 3685 1158 3740 pascere
1185 3689 1198 3725 :
1227 3687 1409 3727 verum
1431 3675 1589 3729 simul
1617 3684 1775 3746 atque
1799 3693 1987 3734 sense-

406 3756 516 3813 rint
557 3758 803 3814 alicunde
842 3759 1084 3830 luporum
1122 3762 1482 3820 incursionem
1529 3767 1831 3833 imminere,
1871 3784 1994 3824 mox

405 3849 614 3920 abiecta
639 3849 836 3918 fistula,
863 3852 1076 3908 fundam
1113 3853 1394 3924 arripiunt,
1433 3865 1488 3912 et
1522 3858 1723 3914 omisso
1763 3861 1992 3927 calamo,

405 3941 632 3999 fustibus
657 3953 711 3999 et.
735 3945 877 4000 saxis
907 3945 1184 4002 obarmant
1211 3961 1350 4016 sese,
1393 3964 1595 4020 proque
1643 3951 1768 4006 ovili
1815 3954 1994 4008 consi-

405 4043 630 4102 stentes,
650 4052 847 4108 magno
872 4036 1127 4107 clamore,
1153 4039 1459 4111 ingentique
1479 4042 1680 4098 ululatu
1702 4045 1997 4101 vociferan-

407 4135 508 4189 tes,
539 4129 846 4198 l'requenter
866 4127 984 4198 ipso
1009 4129 1246 4187 clamore
1266 4130 1456 4199 feram,
1477 4134 1783 4205 priusquam
1812 4136 1997 4191 irrum-

407 4225 516 4287 pat,
544 4218 792 4290 abigunt.
837 4219 1024 4276 Itidem
1065 4231 1120 4276 et
1161 4237 1259 4278 nos
1303 4224 1669 4294 superioribus
1704 4225 1895 4284 diebus
1942 4231 1993 4283 in

405 4309 700 4380 Scriptura,
731 4311 878 4366 velut
914 4313 966 4367 in
1018 4320 1192 4383 prato,
1236 4313 1479 4371 ludentes
1526 4315 1857 4389 choreasquc
1896 4317 1996 4374 du-

405 4411 611 4468 centes,
641 4401 770 4459 nihil
800 4404 852 4459 in
879 4407 1214 4462 enarratione
1238 4409 1508 4480 attigimus
1541 4413 1856 4469 contentiosi
1882 4429 1995 4470 ser-

405 4493 620 4548 monis:
653 4508 720 4548 eo
738 4495 880 4564 quod
904 4497 1083 4551 nullus
1115 4507 1277 4565 esset,
1321 4500 1411 4571 qui
1461 4500 1617 4556 nobis
1661 4503 1991 4572 obturbaret,

377 4575 497 4640 'aut
541 4584 801 4641 molestus
837 4596 999 4642 esset.
1045 4588 1312 4645 Caeterum
1354 4592 1607 4662 quoniam
1655 4593 1813 4650 hodie
1855 4597 1995 4666 lupis

407 4676 657 4733 omnibus
676 4677 928 4734 saeviores
961 4677 1130 4734 Judmi
1176 4695 1306 4736 oves
1349 4682 1504 4738 nobis
1544 4683 1992 4744 circumvallaturi

404 4777 551 4833 sunt,
570 4768 637 4824 ad
667 4785 872 4840 pugnos
898 4779 953 4825 et
990 4784 1221 4840 pugnam
1265 4773 1605 4844 accingamur
1641 4785 1876 4846 oportet,
1926 4794 1994 4834 ne

403 4859 530 4929 quid
562 4861 714 4917 nobis
748 4871 988 4931 ereptum
1037 4863 1192 4919 cedat
1237 4865 1289 4920 in
1338 4866 1572 4936 praedam
1616 4867 1870 4924 ferarum.
1917 4871 1995 4926 Ne

403 4967 532 5009 vero
566 4954 760 5009 mirum
804 4953 956 5009 vobis
1001 4954 1278 5023 videatur,
1318 4957 1361 5012 si
1401 4971 1524 5012 cum
1567 4959 1823 5030 jejunium
1863 4962 1992 5017 illud

402 5051 526 5113 post
551 5044 736 5100 decem
769 5055 824 5100 et
851 5061 918 5102 eo
944 5047 1171 5116 amplius
1191 5047 1308 5104 dies
1334 5058 1618 5105 venturum
1664 5053 1754 5118 sit,
1789 5069 1884 5110 nos
1925 5055 1993 5112 ab

403 5137 508 5192 hoc
536 5138 715 5193 statim
739 5147 976 5209 tempore
995 5141 1264 5196 munimus
1285 5150 1338 5196 et
1362 5157 1630 5199 armamus
1659 5146 1863 5202 animas
1897 5164 1992 5204 vc-

402 5239 544 5287 stras
571 5248 585 5285 :
613 5231 1042 5303 quandoquidem
1070 5241 1125 5288 et
1151 5233 1289 5289 inter
1316 5235 1575 5306 agricolas
1595 5236 1683 5307 qui
1714 5239 1992 5308 vigilantes

401 5333 458 5380 et
485 5322 730 5380 industrii
761 5333 903 5392 sunt,
938 5339 1060 5381 cum
1088 5325 1284 5382 habent
1306 5327 1534 5382 vicinum
1565 5337 1876 5398 torrentem,
1902 5332 1989 5402 qui

469 5500 604 5565 f_sie_
619 5507 723 5552 tres
748 5509 878 5562 Mss;
902 5507 1194 5565 postremam
1210 5515 1330 5553 vero
1360 5511 1550 5565 partem
1573 5505 1714 5564 tituli,
1740 5504 1994 5558 dntiochia:

403 5558 566 5627 habitu
583 5562 638 5627 in
671 5575 850 5627 magna
865 5558 1107 5627 ecclesia,
1147 5565 1298 5617 habet
1333 5558 1480 5616 etiam
1508 5567 1647 5617 savil.
1687 5558 1738 5618 In
1781 5569 1995 5619 editione

401 5621 562 5751 :2qu
583 5621 796 5740 lggitur',
841 5623 1056 5688 ejusdem
1079 5621 1245 5678 contra
1266 5629 1462 5680 Judwos
1483 5631 1634 5682 oratio
1656 5639 1735 5694 II,
1778 5639 1830 5682 ct
1877 5630 1994 5682 nihil

566 5703 590 5739 r
624 5704 671 5742 a.

2100 3073 2277 3135 vexat,
2306 3066 2561 3138 lmditque
2581 3077 2837 3139 segetem,
2861 3085 2966 3125 non
2989 3071 3308 3128 adventante
3353 3073 3550 3141 hieme,
3588 3076 3679 3130 sed

2097 3168 2308 3231 tempus
2332 3161 2460 3216 illud
2489 3171 2872 3233 praevertentcs
2901 3172 2956 3218 et
2983 3165 3126 3235 ripas
3163 3166 3466 3236 obsepiunt,
3501 3179 3554 3223 et
3592 3184 3680 3238 ag-

2096 3267 2251 3322 geres
2275 3253 2505 3324 erigunt,
2535 3264 2589 3310 et
2616 3254 2788 3311 fossas
2813 3266 2994 3326 agunt,
3037 3257 3268 3328 denique
3301 3260 3476 3314 modis
3505 3261 3678 3315 omni-

2097 3343 2198 3399 bus
2225 3361 2344 3401 sese
2377 3356 2680 3417 praeparant
2702 3347 2957 3402 adversus
2998 3350 3261 3404 torrentis
3292 3349 3524 3404 futuram
3565 3352 3678 3406 vio-

2098 3436 2337 3492 lentiam.
2372 3438 2506 3493 Dum
2534 3439 2675 3494 enim
2705 3440 3023 3510 tranquillus
3061 3451 3164 3506 est,
3204 3450 3362 3512 atque
3399 3453 3674 3514 angustus,

2098 3527 2256 3584 facile
2281 3536 2365 3585 est
2389 3528 2464 3584 illi
2501 3530 2746 3585 admoliri
2798 3546 2986 3586 manus
3042 3549 3056 3586 :
3107 3548 3291 3587 verum
3335 3544 3676 3605 posteaquam

2097 3618 2344 3688 increvit,
2363 3621 2637 3692 multoque
2664 3637 2923 3693 aquarum
2955 3623 3154 3694 impetu
3190 3624 3358 3680 fertur
3389 3627 3674 3694 violentus,

2097 3729 2205 3768 non
2257 3715 2481 3785 perinde
2521 3715 2676 3772 facile
2715 3725 2798 3772 est
2841 3718 3129 3772 exundanti
3170 3719 3451 3776 obsistere.
3493 3721 3678 3791 quue

2099 3809 2270 3863 multo
2295 3819 2420 3864 ante
2465 3818 2706 3880 tempore
2754 3811 3087 3880 praeveniunt
3131 3813 3274 3868 illius
3318 3814 3671 3882 eruptionem,

2097 3900 2450 3971 undequaque
2475 3911 2838 3971 prazparantes
2873 3902 3126 3973 quidquid
3153 3919 3309 3974 agros
3343 3906 3511 3974 possit
3537 3915 3676 3960 tutos

2097 3993 2344 4048 reddere.
2364 3993 2452 4049 Sic
2471 4003 2525 4050 et
2545 3994 2744 4050 milites
2765 4003 2820 4049 et
2848 4004 3044 4057 nautas,
3075 4004 3129 4050 et
3155 3997 3420 4066 agricolae,
3452 4006 3507 4052 et
3533 4014 3675 4053 mese

2096 4102 2248 4143 sores
2279 4086 2456 4143 facere
2496 4098 2910 4158 consueverunt.
2949 4089 3222 4160 Siquidem
3268 4090 3464 4145 milites
3499 4091 3674 4160 prius-

2097 4193 2256 4248 quam
2283 4179 2462 4234 veniat
2500 4178 2767 4250 pugnandi
2809 4187 3036 4249 tempus,
3076 4191 3130 4235 et
3161 4180 3430 4235 thoracem
3465 4181 3674 4236 abster-

2095 4282 2248 4343 gnnt,
2282 4282 2336 4328 et
2359 4281 2566 4328 scutum
2597 4271 3058 4341 circumspiciunt,
3091 4281 3145 4327 et
3188 4271 3367 4327 frenos
3396 4284 3670 4342 apparant,

2097 4374 2151 4420 et
2177 4379 2344 4435 equos
2371 4365 2518 4419 omni
2553 4365 2828 4434 diligentia
2864 4364 3123 4428 nutriunt,
3164 4373 3463 4434 eaeteraqne
3500 4366 3672 4418 omnia

2097 4465 2243 4512 recte
2269 4456 2656 4526 diligenterque
2679 4465 2890 4511 curant.
2921 4455 3178 4510 Similiter
3205 4463 3260 4511 et
3288 4463 3464 4511 nautae
3501 4459 3675 4525 prius-

2096 4564 2254 4618 quam
2280 4549 2456 4603 navim
2479 4550 2530 4603 in
2564 4557 2774 4619 portum
2795 4547 3096 4614 detrahant,
3132 4557 3186 4603 et
3227 4549 3463 4603 carinam
3510 4565 3674 4619 appa-

2098 4652 2239 4708 rant,
2263 4651 2316 4697 et
2342 4643 2642 4698 instaurant
2680 4641 2867 4707 latera,
2909 4650 2964 4695 et
3006 4655 3183 4696 remos
3220 4639 3423 4706 dolant,
3461 4650 3518 4695 et
3563 4641 3676 4696 vela

2096 4735 2490 4800 consarcinant,
2525 4733 2758 4802 denique
2797 4731 3053 4803 quidquid
3097 4739 3353 4801 praeterea
3400 4731 3468 4786 ad
3516 4732 3679 4787 totius

2097 4826 2247 4880 navis
2270 4832 2592 4880 armaturam
2620 4823 2870 4894 pertinet,
2901 4822 3185 4892 diligenter
3211 4833 3499 4877 accurant:
3531 4838 3676 4878 mes-

2095 4932 2246 4973 sores
2283 4917 2408 4972 item
2451 4916 2632 4972 multis
2667 4925 2791 4971 ante
2825 4915 3012 4970 diebus
3054 4924 3108 4972 et
3149 4913 3315 4969 falces
3361 4927 3580 4982 acuunt,
3626 4926 3672 4970 et

2094 5026 2273 5066 aream
2305 5016 2632 5081 praeparant,
2685 5009 2852 5064 boves
2900 5009 3027 5064 item
3067 5017 3122 5063 et
3159 5023 3396 5075 currum,
3447 5009 3673 5065 breviter

2096 5103 2350 5175 quidquid
2374 5101 2504 5171 ipsis
2527 5099 2596 5156 ad
2620 5115 2851 5155 messem
2880 5109 2936 5155 et
2959 5095 3199 5154 trituram
3230 5099 3566 5155 conducibile
3591 5101 3674 5170 ju-

2095 5195 2292 5250 dicant.
2321 5193 2433 5248 lmo
2459 5191 2642 5249 videas
2693 5207 2884 5248 omnes
2931 5189 3196 5259 homines,
3245 5191 3289 5245 si
3323 5190 3452 5262 quid
3498 5205 3677 5246 rermn

2096 5289 2358 5361 agendum
2385 5296 2488 5354 est,
2515 5289 2664 5358 prius
2684 5285 2750 5339 ad
2769 5300 2861 5341 eas
2891 5295 3204 5354 apparatum
3245 5284 3443 5350 facere,
3474 5295 3532 5340 ut
3558 5300 3678 5340 cum

2095 5384 2376 5440 advenerit
2403 5383 2478 5438 rei
2507 5379 2756 5454 gerendae
2778 5389 3008 5450 tempus,
3033 5379 3186 5436 facile
3215 5379 3519 5446 conﬁciant,
3537 5379 3679 5452 quod

2096 5485 2180 5532 est
2201 5490 2357 5546 opus.

2167 5589 2465 5646 Iudaeorum
2487 5567 2744 5661 jejunium
2771 5585 3000 5657 impium.
3042 5613 3112 5626 -
3151 5583 3260 5638 llos
3295 5585 3456 5655 igitur
3488 5593 3542 5637 et
3583 5596 3678 5635 nos

2100 5683 2386 5747 imitantes,
2424 5683 2605 5738 multis
2649 5693 2777 5740 ante
2820 5677 3009 5736 diebus
3045 5673 3439 5747 praemunimus
3471 5676 3674 5726 animas
