4084 6186
353 305 454 364 871

1593 318 1963 378 ADVERSUS
1996 322 2302 382 JUDA'JOS.
2345 324 2431 379 iV.

3521 330 3627 387 87?.

525 427 648 525 νυνὶ
691 428 750 523 δὲ
781 427 958 525 οὐδείς
1002 447 1110 525 μοι.
1131 429 1494 525 περί-καιροῦ
1517 435 1719 525 λόγος,
1749 439 1936 525 ἐπειδὴ
2049 462 2160 508 νοις
2185 445 2318 516 ὁμοῦ
2358 445 2653 511 συνελθεῖν,
2682 447 2775 499 καὶ
2813 447 3016 518 ταύτην
3045 445 3225 518 ὁρίσαι
3252 451 3352 522 τὴν
3383 453 3614 525 ἡμέραν,

355 509 478 603 οὑδὲ
497 509 577 580 τῷ
752 552 773 603 ,ι
799 512 1048 603 καθάπερ
1084 514 1478 603 ἀπεδείξαμεν,
1502 519 1637 603 ἐπεὶ
1678 521 1771 574 καὶ
1798 509 1938 594 ὑπὲρ
2045 525 2143 596 τὴν
2178 509 2499 597 συμφωνίαν
2545 509 2822 600 πανταχοῦ
2867 509 3090 601 τιμῶσα
3115 533 3206 585 καὶ
3368 509 3590 603 ὁμόνοια

352 593 545 677 τούτου
591 593 824 658 πολλοὺς
856 597 1106 666 ἀνήλωσα
1133 599 1325 669 λόγους
1345 619 1360 634 ο
1390 601 1526 656 ἀλλά
1558 603 1617 657 ἓν
1650 604 1808 674 μόνον
1837 593 1934 677 ζηὲ

350 676 431 730 τῶ
453 716 468 740 ,
496 676 647 739 ὅπως
677 677 736 730 ἐν
769 679 958 750 ειρὴνῃ
1004 682 1097 734 καὶ
1144 684 1366 755 ὁμονοίᾳ
1401 686 1618 740 ἅπαντα
1666 676 1932 758 ποιῶμεν,

349 760 502 822 ὅπως
539 759 643 830 μὴ,
672 762 1040 831 νηστευόντων
1069 765 1226 835 ἡμῶν
1251 767 1344 820 καὶ
1375 767 1469 821 τοῦ
1498 769 1673 840 δήμου
1714 771 1931 836 παντὸς,

351 842 448 895 καί¹
484 841 594 896 τῶν
634 843 825 914 ἱερέων
875 844 976 908 τὰς
1023 846 1208 911 κοινάς
1257 850 1594 921 ποιουμένων
1644 851 1786 923 ὑπὲρ
1836 853 1934 923 τῆς

350 925 677 996 οἰκουμένης
715 927 1038 1000 ἱκετηρίας,
1086 931 1150 984 σὺ
1208 931 1376 1003 μένῃς
1431 933 1644 1003 μεθύων
1699 935 1792 988 ἐπὶ
1832 935 1933 1004 τῆς

351 1007 548 1070 οἰκίας.
595 1008 875 1079 Ἐννόησον
909 1010 1026 1074 πῶς
1063 1010 1374 1083 διαϐολικῆς
1412 1015 1570 1068 τοῦτό
1601 1018 1745 1070 ἐστιν
1777 1019 1932 1088 ἐνερ-

351 1090 538 1158 γείας,
582 1091 677 1145 καὶ
727 1091 802 1155 ὡς
839 1092 936 1162 οὑχ
981 1092 1037 1146 ἓν
1085 1095 1276 1164 μόνον,
1321 1097 1441 1150 οὐδὲ
1478 1097 1605 1162 δύο,
1646 1099 1766 1153 οὐδὲ
1805 1100 1932 1170 τρία

351 1171 470 1224 ἐσίτί
516 1169 584 1225 τά
641 1173 1080 1244 ἀμαρτὴματα,·
1110 1176 1248 1231 ἀλλά
1300 1178 1479 1250 πολλῷ
1530 1179 1718 1236 πλείω.
1773 1169 1926 1235 Ἀπο-

353 1251 529 1322 σχίζει
565 1270 622 1307 σε
668 1256 768 1325 τῆς
815 1257 1054 1328 ἀγέλης,
1092 1261 1187 1313 xui.
1239 1261 1671 1329 καταγινώσκειν
1720 1280 1782 1316 σε
1823 1282 1929 1318 πα-

356 1337 683 1406 ρασκευάζει
717 1339 970 1410 πατέρων
997 1341 1297 1410 τοσούτων,
1339 1345 1420 1405 εἰς
1456 1344 1787 1412 φιλονεικίαν
1831 1349 1930 1417 ἐμ-

352 1417 538 1470 ϐάλλει
558 1462 572 1484 ,
623 1421 759 1490 πρὸς
798 1421 1079 1484 Ἰουδαίους
1104 1423 1272 1490 ὠθεῖ,
1311 1426 1603 1481 σκάνδαλόν
1637 1445 1696 1480 σε
1729 1425 1795 1481 αὖ
1826 1429 1929 1484 πά-

352 1500 438 1552 λιν
465 1502 753 1573 προτίθησι
780 1505 874 1556 καὶ
903 1507 1014 1568 τοῖς
1059 1506 1279 1570 οἰκείοις
1317 1508 1411 1560 καὶ
1451 1511 1564 1571 τοῖς
1607 1509 1924 1581 ἀλλοτρίοις.

355 1582 478 1645 Πῶς
508 1583 616 1654 γὰρ
640 1584 978 1656 δυνησόμεθα
1007 1589 1259 1656 ἐγκαλεῖν
1291 1590 1520 1654 ἐκείνοις
1561 1591 1810 1661 μένουσιν
1837 1594 1929 1646 ἐπὶ

349 1664 452 1733 τῆς
507 1667 725 1731 οἰκίας,
773 1668 900 1724 ὅταν
964 1670 1028 1722 σὺ
1081 1671 1214 1740 πρὸς
1265 1673 1505 1736 ἐκείνους
1556 1675 1798 1745 τρέχῃς;
1850 1674 1926 1730 Οὑ

350 1747 522 1800 ταῦτα
555 1749 610 1802 δὲ
660 1751 818 1820 μόνον
865 1753 982 1805 ἐστὶ
1031 1754 1098 1807 τὰ
1129 1755 1505 1825 ἁμαρτήματα
1527 1797 1541 1820 ,
1578 1757 1692 1810 ἀλλ’
1725 1761 1806 1812 ὅτι
1838 1761 1931 1812 καὶ

351 1832 565 1902 μεγάλη
596 1832 766 1904 βλάϐη
803 1835 996 1904 γένοιτ’
1033 1837 1120 1901 ἂν,
1165 1839 1290 1891 ὅταν
1321 1839 1458 1908 μήτε
1497 1839 1758 1910 Γραφῶν,
1791 1843 1930 1911 μήτε

351 1915 619 1982 συνόδων,
659 1919 797 1988 μήτε
850 1919 1128 1987 εὐλογίας,
1173 1922 1310 1992 μήτε
1347 1921 1540 1976 κοινῶν
1585 1923 1758 1993 εὐχῶν
1794 1925 1930 1977 ἀπο-

351 1997 520 2069 λαύῃς
546 2000 603 2051 ἐν
629 2002 747 2064 ταῖς
776 2002 1049 2070 νηστείαις
1074 2003 1310 2067 ἐκείναις
1329 2045 1343 2070 ,
1372 2003 1509 2056 ἀλλά
1533 2007 1670 2075 μετά
1692 2006 1927 2078 πονηροῦ

353 2082 650 2147 συνειδότος
673 2083 886 2137 ἅπαντα
906 2083 1092 2138 τοῦτον
1112 2085 1302 2158 διάγῃς
1323 2086 1412 2140 τὸν
1437 2088 1647 2157 χρόνον,
1675 2088 1928 2153 δεδοικὼς

353 2165 447 2217 καὶ
481 2165 697 2238 τρέμων
733 2168 806 2238 μὴ
836 2168 970 2240 γένῃ
1003 2168 1346 2240 κατάφωρος,
1379 2170 1629 2241 καθάπερ
1660 2188 1744 2234 τις
1772 2171 1924 2223 ἀλλόσ

353 2247 517 2314 φυλος
563 2251 655 2302 xui.
700 2250 1027 2321 ἀλλογενὴς,
1059 2251 1174 2304 δέον
1232 2254 1366 2323 μετά
1409 2253 1754 2324 παρρησίας,
1806 2254 1926 2322 μεθ’

353 2330 582 2401 ἡδονῆς,
631 2333 768 2402 μετά
801 2333 1165 2405 εὐφροσύνης,
1211 2336 1327 2405 μετ’
1357 2336 1671 2406 ἐλευθερίας
1708 2337 1926 2404 ἀπάσης

352 2416 505 2484 κοινῇ
561 2414 698 2483 μετά
740 2415 839 2486 τῆς
884 2417 1207 2487 Ἐκκλησίας
1253 2418 1429 2471 πάντα
1467 2417 1751 2470 ἐπιτελεῖν.
1790 2418 1924 2471 Οὑδέ

351 2495 462 2569 γάρ
484 2499 516 2566 ἡ
541 2498 833 2570 Ἐκκλησία
860 2499 1068 2570 χρόνων
1096 2501 1380 2570 ἀκρίϐειαν
1414 2495 1572 2553 οἷδεν’
1593 2501 1707 2553 ἀλλ’
1734 2501 1923 2572 ἐπειδὴ

353 2579 505 2647 παρά
536 2581 634 2649 τὴν
664 2581 838 2653 ἀρχὴν
876 2583 1039 2634 πᾶσιν
1063 2581 1209 2648 ἔδοξε
1238 2585 1347 2645 τοῖς
1378 2582 1617 2654 πατράσι
1657 2583 1921 2654 διῃρημέ-

2045 608 2336 676 ἀγαπῶσα,
2381 611 2709 678 κατεδέξατο
2733 611 2795 664 τὸ
2826 613 3136 683 ἐπιταχθέν.
3178 614 3300 667 Ὀτι
3336 615 3446 687 γάρ
3491 617 3615 670 ἀδύ-

2042 691 2254 762 νατονῆ
2285 692 2504 764 ἡμᾶς,ἢ
2536 693 2750 764 ὑμᾶς,ἣ
2783 694 2968 765 ἕτερον
2994 695 3268 749 ὁντιναοῦν
3296 697 3467 765 αὑτῆς
3495 697 3618 750 ἐπι-

2040 770 2296 826 λαϐέσθαι
2313 773 2412 842 τῆς
2439 775 2708 845 κυριακῆς
2729 776 2962 847 ἡμέρας,
2983 776 3183 840 ἱκανῶς
3205 778 3263 830 ἐν
3279 780 3390 842 τοῖς
3408 777 3618 847 ἐμπρο-

2041 853 2168 907 σθεν
2196 855 2618 910 ἀποδέδεικται.ί
2649 857 2741 927 Μὴ
2793 857 2972 912 τοίνυν
3020 857 3429 929 σκιομαχῶμεν,
3480 859 3616 928 μηδὲ

2039 937 2177 1007 ὑπὲρ
2206 936 2314 990 τῶν
2347 938 2617 1006 τυχόντων
2649 939 3096 1009 φιλονεικοῦντες,
3123 943 3181 993 ἐν
3210 943 3322 1004 τοῖς
3359 937 3613 1011 μεγάλοις

2040 1018 2267 1080 ἑαυτοὺς
2314 1019 2800 1089 καταϐλάπτωμεν.
2837 1021 2910 1073 Τὸ
2943 1022 3040 1092 μὲν
3069 1021 3179 1093 γὰρ
3206 1022 3361 1091 τῷδε.
3391 1022 3424 1092 ἢ
3473 1021 3609 1091 τῷδε

2037 1100 2215 1171 χρόνῳ
2265 1102 2558 1172 νηστεῦσαι
2592 1104 2690 1155 οὑκ
2736 1103 3004 1175 ἔγκλημα,
3041 1105 3102 1158 τὸ
3153 1107 3209 1158 δὲ
3260 1105 3443 1175 σχίσαι
3486 1105 3608 1157 Ἐκ-

2037 1182 2286 1250 κλησίαν,
2320 1183 2414 1236 καὶ.
2445 1184 2762 1251 φιλονείκως
2785 1186 3117 1256 διατεθῆναι,
3145 1188 3238 1240 καὶ
3267 1184 3608 1256 διχοστασίας

2037 1267 2307 1335 ἐμποιεῖν,
2344 1267 2439 1318 καὶ
2468 1268 2568 1337 τῆς
2597 1267 2816 1320 συνόδου
2850 1269 3113 1337 διηνεκῶς
3159 1269 3350 1322 ἐαυτὸν
3375 1264 3628 1322 ἀποστέἔ

2037 1351 2171 1418 ρεῖν,
2199 1348 2582 1416 ἀσύγγνωστον
2617 1351 2710 1402 καὶ
2735 1349 3068 1420 κατηγορίας
3084 1350 3252 1416 ἄξιον,
3283 1351 3378 1403 καὶ
3410 1349 3606 1419 πολλὴν

2035 1432 2149 1503 ἔχει
2179 1434 2279 1504 τὴν
2312 1431 2601 1502 τιμωρίαν.
2621 1432 2780 1501 Ἐνῆν
2805 1434 2902 1503 μὲν
2923 1429 3016 1486 οὖν
3041 1433 3134 1487 καὶ
3160 1434 3379 1486 πλείονα
3403 1433 3608 1486 τούτων

2034 1517 2229 1578 εἰπεῖν,
2272 1515 2408 1568 ἀλλά
2453 1517 2567 1576 τοῖς
2599 1516 2696 1586 μὲν
2724 1515 3055 1587 προσέχουσι
3085 1515 3176 1568 καὶ
3219 1515 3288 1567 τὰ
3339 1514 3608 1584 εἰρημένα

2033 1600 2214 1668 ἀρκεῖ,
2249 1602 2362 1661 τοῖς
2392 1599 2448 1651 δὲ
2489 1600 2562 1669 μὴ
2593 1600 2950 1668 προσέχουσιν
2980 1598 3100 1650 οὑδέ
3132 1601 3179 1650 εἰ
3209 1597 3380 1650 πλείω
3404 1595 3606 1649 τούτων

2035 1680 2271 1752 λεχθείη,
2307 1682 2460 1734 ἔσται
2489 1701 2540 1735 τι
2564 1682 2743 1734 πλέον.
2771 1684 2972 1755 Διόπερ
3005 1681 3240 1734 ἐνταῦθα
3267 1678 3608 1732 καταλύσαν-

2033 1781 2126 1827 τες
2143 1763 2233 1817 τὸν
2258 1765 2436 1832 λόγον,
2470 1768 2620 1836 κοινῇ
2657 1765 2861 1828 πάντες
2893 1763 3177 1835 εὑξώμεθα
3203 1765 3330 1826 τοὺς
3345 1761 3606 1830 ἀδελφοὺς

2032 1848 2160 1910 τοὺς
2195 1847 2499 1918 ἡμετέρους
2533 1847 2850 1910 ἐπανελθεῖν
2891 1847 3028 1918 πρὸς
3063 1846 3233 1916 ἡμᾶς,
3271 1845 3367 1897 καὶ
3395 1843 3492 1914 τὴν
3531 1844 3608 1895 εἰ·

2038 1930 2205 2000 ρὴνην
2247 1929 2632 1994 ἀσπάσασθαι,
2695 1930 2788 1982 καὶ
2832 1930 2933 1998 τῆς
2987 1929 3220 1998 ἀκαίρου
3275 1923 3604 1996 φιλονεικίας

2034 2012 2358 2081 ἀποστῆναι,
2415 2013 2508 2064 καὶ
2553 2012 2652 2082 τῆς
2679 2011 3017 2082 ψυχρότητος
3069 2010 3271 2082 ταύτης
3303 2005 3606 2076 καταγελά-

2035 2111 2253 2156 σαντας,
2296 2093 2505 2164 ὑψηλήν
2551 2110 2674 2146 τινα
2731 2094 2826 2146 καὶ
2859 2093 3104 2163 μεγάλην
3135 2091 3319 2144 λαϐεῖν
3346 2090 3602 2150 διάνοιαν,

2034 2177 2126 2230 καὶ
2165 2177 2264 2246 τῆς
2307 2175 2416 2229 τῶν
2467 2176 2688 2246 ἡμερῶν
2722 2175 3101 2246 ἀπαλλαγῆναι
3147 2174 3602 2245 παρατηρήσεως,

2032 2260 2120 2312 ἵνα
2152 2258 2493 2328 ὁμοθυμαδὸν
2540 2257 2740 2321 πάντες
2777 2260 2834 2311 ἐν
2890 2259 2970 2310 ένί
3010 2257 3239 2327 στόματι
3295 2253 3604 2322 δοξάζωμεν

2030 2342 2120 2395 τὸν
2151 2341 2281 2394 Θεὸν
2315 2341 2409 2393 καὶ
2442 2340 2661 2410 Πατέρα
2690 2339 2783 2392 τοῦ
2829 2339 3034 2409 Κυρίου
3063 2338 3219 2409 ἡμῶν
3269 2335 3442 2408 Ἰησοῦ
3471 2334 3604 2405 Χρι-

2031 2422 2180 2487 στοῦ,
2217 2417 2261 2489 ᾧ
2295 2424 2327 2491 ἡ
2355 2422 2481 2488 δόξα
2515 2424 2610 2474 καὶ
2646 2422 2707 2474 τὸ
2740 2422 2961 2493 κράτος,
2989 2420 3082 2474 νῦν
3109 2421 3202 2474 καὶ
3234 2419 3353 2484 ἀεὶ,
3392 2418 3486 2472 καὶ
3523 2417 3602 2480 εἰς

2028 2508 2154 2568 τοὺς
2186 2505 2388 2568 αἰῶνας
2422 2505 2528 2557 τῶν
2568 2503 2799 2558 αἰώνων.
2842 2504 3036 2575 Ἀμήν.

357 2905 520 2978 [616]
568 2918 594 2947 ⁸
649 2906 786 2960 ΤΟΥ
824 2904 1058 2958 ΑΥΤΟΥ
1108 2903 1298 2957 ΚΑΤΑ
1345 2900 1700 2967 ΙΟΥΔΑΙΩΝ,
1743 2903 1847 2955 ΕΙΣ
1888 2904 2020 2956 ΤΑΣ
2056 2901 2437 2956 ΣΑΛΠΙΓΓΑΣ
2473 2905 2611 2959 ΤΟΥ
2649 2905 2878 2958 ΠΑΣΧΑ
2917 2903 3165 2958 ΔΥΤΩΝ.
3206 2902 3481 2958 ΕΛΕΧΘΗ
3517 2902 3599 2956 ΔΕ

1236 2995 1328 3048 EN
1364 2994 1737 3067 ΑΝΤΙΟΧΕΙᾼ
1776 2997 1866 3048 EN
1903 2996 1995 3068 Τῌ
2038 2994 2322 3066 ΜΕΓΑΛῌ
2360 2996 2735 3065 ΕΚΚΑΗΣΙᾼ.

889 3245 1079 3311 Λόγος
1111 3246 1409 3313 τέταρτος.

425 3334 496 3382 α’.
516 3326 684 3380 Πάλιν
703 3328 751 3378 οἰ
774 3325 992 3379 δείλαιοι
1020 3327 1113 3380 καὶ
1144 3328 1358 3381 πάντων
1391 3325 1696 3399 ἀνθρώπων
1729 3328 1928 3382 ἀθλιώ-

353 3429 504 3483 τεροι
519 3409 816 3480 νηστεύειν
863 3408 1150 3479 μέλλουσιν
1179 3411 1443 3474 Ἰουδαῖοι,
1466 3411 1562 3464 καὶ
1581 3410 1743 3464 πάλιν
1761 3413 1929 3482 ἀσφα-

353 3493 607 3548 λίσασθαι
630 3494 728 3558 τὴν
762 3493 856 3546 τοῦ
886 3491 1126 3563 Χριστοῦ
1162 3493 1400 3562 ποίμνην
1425 3494 1740 3561 ἀναγκαῖον.
1779 3496 1929 3548 Ἐπεὶ

355 3577 451 3631 καὶ
477 3576 752 3646 ποιμένες,
773 3574 878 3638 ἓως
915 3576 1012 3645 μὲν
1051 3574 1117 3628 ἂν
1155 3575 1321 3646 μηδὲν
1353 3575 1544 3646 ἐνοχλῇ
1581 3575 1789 3647 θηρίον,
1824 3577 1929 3631 ὑπὸ

356 3658 486 3730 δρῦν
511 3659 544 3729 ἢ
573 3657 784 3728 πεύκην
818 3657 1046 3720 ἑαυτοὺς
1081 3657 1336 3728 ῥίψαντες
1364 3657 1443 3728 τῷ
1493 3659 1726 3732 καλάμῳ
1780 3659 1930 3733 συρί-

357 3743 566 3806 ζουσιν,
605 3741 836 3809 ἀφέντες
882 3739 970 3792 ἐπ’
1017 3739 1265 3805 ἐξουσίας
1295 3741 1513 3813 ἀπάσης
1564 3741 1633 3794 τά
1681 3741 1930 3812 πρόϐατα

356 3823 643 3894 νέμεσθαι⁶
677 3822 895 3876 ἐπειδὰν
928 3822 985 3875 δὲ
1027 3823 1208 3876 λύκων
1243 3823 1591 3895 καταδρομὴν
1635 3823 1926 3877 αἴσθωνται

357 3906 669 3976 γινομένην,
692 3899 902 3975 ταχέως
922 3904 1014 3957 τὸν
1038 3905 1284 3976 κάλαμον
1322 3905 1594 3975 ῥίψαντες,
1623 3907 1731 3976 ⁵τὴν
1770 3922 1930 3974 σφεν-

355 3988 513 4060 δόνην
546 3987 1032 4060 μεταχειρίζονται,
1054 3989 1146 4041 καὶ
1178 3979 1276 4060 τὴν
1308 3986 1544 4060 σύριγγα
1571 3987 1819 4057 ἀφέντες,
1842 3990 1930 4058 ρο-

356 4059 550 4134 πάλοις
588 4071 682 4122 καὶ
713 4069 880 4132 λίθοις
931 4072 1157 4133 ἑαυτοὺς
1214 4059 1636 4135 καθοπλίζουσι,
1695 4059 1790 4123 καὶ
1823 4071 1930 4140 πρὸ

354 4155 454 4225 τῆς
484 4154 719 4223 ποίμνης
751 4153 994 4216 στάντες,
1025 4153 1118 4206 καὶ
1156 4153 1296 4223 μέγα
1333 4154 1426 4207 καὶ
1477 4152 1762 4221 διωλύγιον
1813 4152 1931 4205 ὀλο-

353 4238 615 4301 λύξαντες
642 4237 693 4299 δ,
727 4238 792 4305 τῇ
829 4237 980 4304 φωνῇ
1013 4235 1270 4299 πολλάκις
1300 4237 1406 4306 πρὸ
1435 4237 1533 4306 τῆς
1562 4236 1724 4306 βολῆς
1742 4236 1804 4288 τὸ
1833 4237 1928 4306 θη-

358 4325 476 4394 ρίον
522 4319 829 4389 ἀπήλασαν.
885 4317 1040 4370 Οὕτω
1077 4319 1139 4386 δὴ
1189 4321 1280 4371 καὶ
1331 4321 1490 4388 ἡμεῖς
1541 4321 1598 4373 ἐν
1661 4320 1760 4390 μὲν
1811 4323 1930 4384 ταῖς

355 4401 668 4475 ἔμπροσθεν
704 4401 962 4472 ἡμέραις,
1013 4399 1198 4470 ὥσπερ
1227 4402 1283 4453 ἐν
1321 4400 1548 4470 λειμῶνι
1572 4419 1701 4465 τινι,
1729 4405 1795 4473 τῇ
1823 4401 1930 4456 τῶν

356 4485 590 4560 Γραφῶν
616 4485 866 4554 διηγήσει
903 4483 1252 4553 σκιρτῶντες,
1272 4483 1482 4546 οὐδενὸς
1503 4483 1764 4553 ἡψάμεθα
1787 4485 1932 4552 ἀγω-

357 4569 601 4624 νιστικοῦ
655 4568 814 4637 λόγου
839 4584 852 4597 °
883 4567 1059 4629 οὐδεὶς
1100 4565 1209 4635 γάρ
1242 4561 1309 4636 ἦν
1345 4567 1476 4636 ἡμῖν
1529 4569 1556 4619 ὁ
1607 4567 1927 4637 διενοχλῶν·

357 4653 544 4724 ἐπειδὴ
575 4653 632 4705 δὲ
660 4653 901 4723 σήμερον
928 4650 978 4702 οἰ
1030 4648 1210 4702 λύκων
1263 4649 1517 4701 ἁπάντων
1560 4647 1932 4720 χαλεπώτεροι

370 4735 608 4791 Ἰουδαῖοι
636 4732 1016 4805 περιίστασθαι
1049 4732 1208 4802 ἡμῶν
1233 4731 1299 4785 τὰ
1333 4730 1579 4802 πρόϐατα
1612 4729 1894 4800 μέλλουσιν
1915 4771 1928 4794 ,

359 4821 572 4888 ἀνάγκη
616 4817 904 4870 πυκτεύειν
931 4815 1024 4868 καὶ
1057 4815 1348 4886 μάχεσθαι,
1388 4815 1537 4876 ὅπως
1579 4812 1750 4884 μηδὲν
1799 4815 1930 4884 ἡμῖν

359 4901 692 4974 θηριάλωτον
740 4900 985 4969 γένηται.
1023 4898 1134 4952 Καὶ
1183 4899 1258 4969 μὴ
1311 4897 1652 4967 θαυμάσητε,
1689 4897 1737 4948 εί
1795 4896 1930 4966 μετά

358 4985 491 5038 δέκα
517 4985 610 5036 καὶ
624 4983 844 5045 πλείους
861 4984 893 5052 ἡ
902 4982 967 5052 μέ
977 4997 1097 5052 ρας,
1127 4982 1224 5050 τῆς
1245 4980 1504 5050 νηστείας
1524 4979 1738 5048 ἐκείνης
1764 4980 1933 5032 ἀπαν-

356 5069 454 5138 τᾷν
483 5065 802 5137 μελλούσης,
837 5068 998 5135 ἡμεῖς
1035 5063 1285 5117 ἐντεῦθεν
1331 5064 1432 5134 ῆδη
1465 5061 1927 5132 καθοπλιζόμεθα,

285 5176 293 5180 -
355 5153 451 5205 καὶ
499 5150 941 5221 περιφράττομεν
984 5146 1084 5210 τὰς
1114 5147 1384 5218 ὑμετέρας
1429 5145 1628 5216 ψυχὰς,
1676 5146 1798 5198 ἐπεὶ
1838 5147 1932 5200 καὶ

356 5235 462 5288 τῶν
517 5231 776 5306 γεωργῶν
801 5232 849 5284 οἱ
905 5230 1202 5300 φιλόπονοι,
1237 5229 1459 5284 ἐπειδὰν
1497 5230 1664 5299 ἔχωσι
1715 5229 1930 5298 γείτονα

353 5319 659 5390 χείμαρρον
709 5315 1099 5389 παρασύροντα
1134 5314 1233 5378 τὰς
1278 5311 1574 5384 γεωργίας,
1609 5313 1710 5366 οὑκ
1765 5315 1823 5365 ἐν
1854 5312 1931 5382 τῷ

436 5488 555 5548 'Sic
593 5492 696 5536 [res
737 5501 875 5545 mss.,
909 5492 1204 5548 poslremam
1227 5498 1347 5534 vero
1385 5490 1575 5548 partem
1609 5485 1740 5533 liluli
1766 5486 1929 5548 ἐλέχθη

354 5553 404 5598 δὲ
428 5553 476 5597 έν
509 5546 773 5622 Ἀντιοχείᾳ
799 5537 937 5610 έν
963 5549 1146 5657 μεγάλῃ
1189 5537 1419 5617 ἐκκλησία
1464 5545 1614 5616 ρει)θί
1651 5548 1797 5595 etiam
1843 5537 1956 5607 Qa—x

357 5611 439 5657 vil.
482 5611 534 5657 In
562 5613 781 5657 editione
826 5609 957 5657 More
987 5648 998 5657 .
1029 5612 1213 5657 lenitur
1233 5625 1319 5657 του
1349 5609 1496 5657 αὐτου
1533 5609 1658 5656 κατὰ
1689 5607 1930 5657 Ἰουδαίων

357 5611 439 5662 vil.
482 5611 534 5660 In
562 5607 781 5659 edilibné
826 5607 998 5658 Μοίρι.
1029 5607 1213 5671 legitur
1233 5607 1319 5657 τοῦ
1349 5607 1496 5657 αὑτοῦ
1533 5609 1658 5656 κατὰ
1689 5607 1930 5657 Ἰουδαίων

355 5672 578 5771 ).όῖοςβ’,
603 5678 655 5720 et
673 5673 790 5720 nihil
812 5678 1066 5771 ἐπεξίοι-θα.
1246 5733 1255 5742 ⁹
1686 5732 1713 5742 Η
1766 5731 1778 5744 Ὦ
1885 5731 1896 5744 ν

476 5735 601 5771 'I'rpc
631 5748 730 5771 mea
780 5734 1102 5771 &n1nFu~ncn
1146 5733 1292 5771 qull.
1332 5731 1503 5771 Μιπρι.
1548 5736 1599 5771 nl
1634 5731 1714 5771 nhl
1760 5730 1896 5771 σιλολυ

357 5802 376 5852 ξ
417 5730 445 5771 ιι
476 5730 601 5782 Tres
631 5748 745 5783 mss.
780 5730 1104 5794 ἀλαλάξαντες,
1146 5733 1293 5781 Ξιιγὶι.
1331 5731 1503 5781 Morel.
1548 5736 1599 5779 el
1634 5731 1716 5780 alii
1760 5730 1926 5780 ὀλώύ·

379 5813 525 5852 αντες.

2030 3246 2207 3318 καιρῷ
2249 3245 2344 3299 τοῦ
2385 3243 2675 3315 χειμῶνος,
2722 3241 2858 3296 ἀλλά
2890 3239 2996 3312 πρὸ
3032 3239 3132 3310 τῆς
3165 3237 3316 3309 ὥρας
3365 3235 3600 3307 ἐκείνης,

2030 3332 2122 3385 καὶ
2149 3329 2314 3399 ὄχθας
2340 3326 2788 3398 περιφράττουσι,
2820 3325 2912 3379 καὶ
2940 3320 3170 3394 χώματα
3199 3320 3493 3392 ἐγείρουσι,
3511 3325 3604 3373 καὶ

2027 3414 2266 3484 τάφρους
2303 3409 2606 3473 ἐλαύνουσι,
2665 3406 2760 3461 καὶ
2815 3407 2977 3460 παντὶ
3032 3404 3170 3475 πρὸς
3214 3402 3376 3456 αὑτὸν
3430 3419 3606 3474 παρα-

2031 3492 2386 3557 σκευάζονται
2405 3492 2611 3562 τρόπῳ.
2653 3487 3013 3559 Ἠσυχάξοντι
3047 3487 3146 3558 μὲν
3173 3486 3283 3554 γὰρ
3315 3485 3410 3539 καὶ
3441 3500 3604 3538 κατε-

2031 3577 2316 3648 σταλμένῳ
2346 3575 2526 3645 ῥᾴδιον
2560 3572 2868 3636 ἐπιθέσθαι,
2921 3569 3206 3642 αὐξομένῳ
3247 3569 3305 3624 δὲ
3335 3573 3430 3622 καὶ
3465 3568 3604 3648 μετά

2030 3647 2230 3730 πολλῆς
2265 3656 2550 3729 φερομένῳ
2601 3655 2700 3726 τῆς
2751 3654 2858 3707 τῶν
2897 3653 3108 3708 ὑδάτων
3153 3651 3366 3722 ῥύμης,
3420 3647 3600 3730 οὐκέθέ

2029 3729 2229 3812 ὁμοίως
2261 3741 2481 3794 εὑκολον
2506 3738 2773 3808 ἀπαντᾷν.
2798 3736 2896 3790 Διά
2923 3735 3082 3790 τοῦτο
3115 3735 3408 3805 φθάνουσιν
3436 3729 3604 3786 αὑτοῦ

2029 3827 2126 3889 τὰς
2153 3823 2410 3887 ἐπιϐολὰς
2436 3833 2458 3860 ο
2494 3822 2601 3893 πρὸ
2649 3819 2844 3873 πολλοῦ
2876 3818 2971 3872 τοῦ
3003 3817 3220 3889 χρόνου,
3257 3819 3438 3872 πᾶσαν
3469 3832 3605 3870 παν-

2029 3910 2257 3980 ταχόθεν
2290 3905 2633 3967 ἐπινοοῦντες
2667 3903 2989 3973 ἀσφάλειαν.
3022 3901 3180 3957 Οὕτω
3220 3901 3315 3954 καὶ
3341 3897 3605 3969 στρατιῶ-

2029 4009 2118 4046 ται
2141 3992 2234 4046 καί
2254 3990 2447 4044 ναῦται
2471 3991 2565 4041 καὶ
2603 3987 2842 4057 γεωργοὶ
2879 3985 2972 4038 καὶ
3003 3983 3251 4054 θερισταὶ
3283 3985 3456 4035 ποιεῖν
3479 3980 3604 4034 εἰώ-

2031 4078 2176 4131 θασι.
2204 4077 2314 4128 Καὶ
2347 4074 2455 4144 γάρ
2489 4074 2686 4125 ἐκεῖνοι
2723 4069 2830 4141 πρὸ
2882 4067 2976 4120 τοῦ
3021 4065 3218 4138 καιροῦ
3271 4065 3371 4135 τῆς
3425 4063 3604 4134 μάχης
3694 4072 3698 4080 ’

2032 4159 2125 4213 καὶ
2145 4157 2371 4229 θώρακα
2401 4155 2801 4224 άποσμήχουσι,
2821 4150 2916 4204 καὶ
2953 4149 3153 4203 ἀσπίδα
3187 4146 3604 4218 περισκοποῦσι,

2031 4243 2126 4295 καὶ
2154 4239 2408 4310 χαλινοὺς
2439 4235 2943 4308 παρασκευάζουσι,
2984 4233 3076 4285 καὶ
3117 4232 3316 4294 ἵππους
3345 4229 3604 4301 τρέφουσι

2035 4322 2175 4394 μετά
2229 4321 2429 4392 πολλῆς
2481 4321 2578 4389 τῆς
2620 4317 2957 4388 ἐπιμελείας,
3004 4315 3098 4368 καὶ
3140 4314 3209 4368 τὰ
3248 4313 3382 4368 ἄλλα
3429 4313 3606 4391 πάντα

2032 4403 2090 4461 εῦ
2140 4405 2488 4460 διατίθενται.
2524 4404 2634 4456 Ku‘i
2666 4401 2880 4462 ναῦται,
2930 4399 3058 4469 πρὶν
3091 4397 3124 4468 ἢ
3177 4397 3238 4450 τὸ
3271 4397 3477 4466 σκάφος
3525 4397 3604 4456 εἰς

2031 4490 2227 4559 λιμένα
2269 4486 2624 4548 καθελκύσαι,
2664 4485 2760 4538 καὶ
2795 4482 2987 4550 τρόπιν
3037 4479 3479 4545 ἐπισκευάζουσι,
3513 4477 3607 4530 καὶ

2032 4573 2244 4642 τοίχους
2283 4569 2589 4630 ἀνανεοῦσι,
2632 4569 2724 4620 καὶ
2763 4564 2953 4628 κώπας
2978 4563 3292 4630 άποξέουσι,
3337 4562 3429 4615 καί
3462 4561 3606 4614 ἱστία

2035 4657 2319 4726 ῥάπτουσι,
2352 4655 2445 4708 καὶ
2489 4651 2588 4724 τὴν
2641 4651 2808 4722 ἀλλην
2842 4648 3061 4702 ἃπασαν
3096 4645 3190 4700 τοῦ
3222 4644 3406 4698 πλοίου
3435 4660 3604 4698 κατα-

2033 4739 2237 4808 σκευὴν
2271 4736 2706 4807 εὑτρεπίζουσιν.
2749 4733 2860 4786 Kal.
2889 4731 3138 4803 θερισταὶ
3177 4730 3233 4782 δὲ
3265 4727 3465 4799 ὁμοίως
3499 4726 3607 4796 πρὸ

2033 4821 2242 4875 πολλῶν
2269 4820 2377 4874 τῶν
2407 4817 2628 4890 ἡμερῶν
2645 4818 2738 4870 καὶ
2759 4816 3032 4884 δρεπάνην
3057 4814 3302 4884 θήγουσι,
3316 4811 3408 4862 xal.
3425 4809 3604 4863 ἅλωνα

2035 4903 2514 4975 παρασκευάζουσι
2547 4902 2641 4955 καὶ
2675 4900 2798 4969 βοῦς
2833 4900 2926 4951 καὶ
2960 4897 3198 4968 ἅμαξαν,
3271 4896 3363 4948 καὶ
3393 4895 3491 4946 ὅσα
3539 4893 3606 4975 ἀν

2036 4974 2187 5058 [6177]
2201 4985 2336 5039 ἀλλα
2351 4987 2486 5054 πρὸς
2501 4986 2592 5037 τὸν
2607 4985 2817 5054 ἄμητον
2833 4984 3016 5044 αὐτοῖς
3027 4981 3052 5020 d
3075 4977 3322 5048 συντελῇ.
3345 4977 3455 5031 Καὶ
3478 4974 3607 5058 πάν-

2031 5056 2128 5131 τας
2159 5056 2483 5136 ἀνθρώπους
2529 5067 2629 5120 ἴδοι
2671 5083 2756 5129 τις
2793 5061 2861 5122 ἂν
2894 5063 2996 5134 πρὸ
3027 5062 3121 5115 τοῦ
3155 5060 3344 5133 καιροῦ
3369 5058 3468 5120 τὰς
3496 5056 3604 5109 τῶν

2033 5150 2375 5220 πραγμάτων
2405 5149 2762 5220 ποιουμένους
2791 5144 3170 5217 παρασκευὰς,
3198 5143 3340 5195 ὥστε
3366 5139 3457 5194 τοῦ
3480 5156 3604 5193 και-

2035 5235 2130 5305 ροῦ
2172 5233 2280 5286 τῶν
2316 5233 2654 5304 πραγμάτων
2684 5229 3004 5291 ἐπιστάντος
3049 5225 3268 5279 εὔκολον
3299 5225 3482 5287 αὑτοῖς
3510 5237 3604 5294 γε·

2033 5319 2218 5371 νέσθαι
2245 5317 2342 5388 τὴν
2372 5317 2480 5371 τῶν
2532 5318 2706 5388 ἔργων
2737 5313 3105 5383 ἐκπλήρωσιν.

2104 5401 2337 5463 Τούτους
2369 5401 2432 5469 δὴ
2461 5403 2553 5452 καὶ
2573 5401 2734 5468 ἡμεῖς
2763 5395 3112 5465 μιμούμενοι,
3147 5393 3251 5463 πρὸ
3271 5389 3481 5445 πολλῶν
3496 5389 3605 5441 τῶν

2035 5483 2252 5555 ἡμέρων
2279 5482 2377 5544 τὰς
2406 5482 2672 5551 ὑμετέρας
2696 5476 3102 5548 ἀσφαλιζόμεθα
3129 5474 3327 5545 ψυχὰς,
3359 5487 3603 5545 παρακαι-

2098 5672 2118 5696 ε
2146 5667 2372 5728 Quinque
2393 5680 2505 5715 mss.
2531 5667 2613 5721 τὰς
2637 5661 2901 5728 ἐπιϐουλᾴςν
2924 5673 3205 5728 ΡΫῘΡἮῬΨ·

2095 5729 2121 5768 d
2144 5721 2266 5790 lecs
2287 5721 2398 5777 ἔπιες.
2427 5729 2642 5790 συντελῇ,
2669 5721 2938 5776 reclc.Sed
2956 5721 3124 5773 Mdull‘.
3149 5724 3198 5770 ln
3219 5721 3477 5772 indicativo
3505 5731 3610 5764 aw-

2037 5791 2169 5840 τελεῖ.
2196 5788 2330 5839 Εωτ.
