4084 6186
465 275 573 332 873

423 402 650 455 vestras,
676 387 1025 444 exhortantes
1052 399 1170 451 vos,
1199 391 1258 440 ut
1289 382 1511 454 impium
1559 381 1661 438 hoc
1703 383 2011 439 Judzeorum

371 527 376 530 .
425 490 481 536 et
524 481 843 536 sceleratum
864 478 1125 548 jejunium
1156 476 1389 546 fugiatis.
1417 475 1605 545 Neque
1649 476 1789 530 enim
1832 476 1902 530 ita
1929 478 2012 531 di—

426 573 597 636 xeris,
616 569 864 640 jejunant
887 588 902 622 :
937 569 1063 639 quin
1089 568 1264 637 potius
1291 567 1422 621 illud
1448 567 1576 620 mihi
1600 567 1887 631 ostendito,
1917 582 2013 622 eos

425 681 489 718 ex
541 663 632 718 Dei
679 664 942 718 sententia
991 661 1256 732 jejunare.
1298 659 1449 726 Quod
1504 659 1556 714 ni
1605 660 1654 714 id
1686 659 1793 725 ﬁat,
1827 663 2014 730 quavis

427 755 684 809 ebrietate
710 751 1026 808 sceleratius
1048 761 1130 808 est
1147 751 1432 820 jejunium.
1458 750 1642 820 Neque
1669 750 1810 806 enim
1839 753 2012 808 solum

427 845 878 901 Considerandum
919 854 1000 899 est
1044 844 1170 915 quid
1217 843 1284 897 ab
1332 843 1449 897 istis
1494 843 1605 908 liat,
1654 859 1840 898 verum
1885 843 2012 899 illud

427 937 585 992 etiam
613 935 1026 1002 observandum,
1058 950 1214 1004 quam
1240 935 1308 989 ob
1334 949 1544 990 causam
1578 935 1794 989 faciant.

503 1027 585 1082 Ea:
612 1028 869 1082 voluntate
897 1026 994 1081 Dei
1023 1036 1129 1079 tum
1155 1027 1340 1079 bonum
1385 1035 1489 1078 tum
1528 1026 1720 1079 malum
1757 1027 2012 1096 penditur.

430 1119 734 1174 —Etenim
775 1118 916 1187 quod
958 1118 1015 1170 lit
1051 1119 1200 1186 juxta
1241 1116 1333 1170 Dei
1375 1116 1724 1183 voluntatem,
1773 1117 2016 1185 quamvis

433 1212 672 1266 videatur
701 1209 999 1279 improbum
1034 1223 1172 1272 esse,
1196 1207 1432 1262 omnium
1458 1208 1715 1276 optimum
1743 1215 1843 1262 est.
1873 1208 2015 1262 Con-

435 1315 534 1367 tra,
559 1302 700 1373 quod
729 1302 786 1356 lit
813 1310 1006 1372 praeter
1033 1300 1128 1355 Dei
1163 1299 1490 1354 voluntatem
1533 1308 1586 1353 et
1615 1299 1887 1368 placitum,
1916 1299 2015 1353 etsi

436 1403 652 1464 putetur
675 1392 956 1462 optimum,
993 1400 1171 1445 tamen
1220 1399 1304 1444 est
1347 1389 1584 1443 omnium
1625 1389 1916 1459 pessimum
1963 1397 2018 1444 et

435 1484 844 1556 ntiquissimum.
874 1483 1044 1537 Etiam
1069 1483 1112 1536 si
1134 1482 1252 1552 quis
1280 1481 1488 1536 occidat
1509 1481 1802 1546 hominem,
1827 1481 1897 1535 ita
1927 1497 2021 1536 vo-

434 1580 576 1633 lente
598 1579 726 1640 Deo,
761 1578 946 1646 quavis
972 1575 1300 1630 humanitate
1327 1575 1516 1630 melius
1544 1584 1625 1629 est
1661 1573 1762 1629 hoc
1791 1574 2018 1630 homici-

433 1673 602 1726 dium.
634 1671 840 1724 Rursus
871 1669 915 1723 si
947 1669 1064 1739 quis
1095 1678 1296 1738 parcat,
1329 1677 1382 1722 et
1409 1667 1754 1722 humanitatis
1784 1668 2016 1723 officium

433 1763 708 1819 collocarit
736 1763 787 1818 in
816 1763 1118 1833 quempiam
1143 1769 1336 1831 prteter
1371 1761 1462 1814 Dei
1509 1761 1849 1824 sententiam,
1885 1775 2016 1828 qua—

435 1859 515 1913 vis
535 1857 683 1913 czede
710 1855 1024 1912 sceleratior
1050 1863 1131 1910 est
1169 1855 1284 1909 haec
1321 1853 1667 1923 indulgentia.
1711 1851 1827 1906 Non
1876 1853 2018 1906 enim

437 1954 547 2021 ipsa
577 1966 754 2005 rerum
785 1959 971 2003 natura
1005 1947 1127 2002 facit
1168 1956 1223 2000 ut
1267 1945 1453 2000 eadem
1495 1945 1576 2000 vel
1616 1945 1754 2000 bona
1793 1945 1899 1998 sint
1938 1944 2019 1998 vel

437 2044 593 2105 mala,
623 2043 715 2097 sed
746 2041 841 2096 Dei
867 2040 1136 2109 placitum.
1833 2036 1836 2038 ⁷

506 2133 560 2186 2.
602 2131 672 2188 Ut
715 2141 892 2184 autem
959 2130 1222 2198 intelligas
1276 2127 1378 2182 hoc
1431 2142 1551 2181 esse
1599 2141 1818 2189 verum,
1874 2123 2016 2177 audi.

437 2226 640 2289 Achab,
666 2239 788 2278 cum
815 2238 994 2292 regem
1019 2219 1301 2292 quemdam
1328 2217 1584 2289 Syrorum
1615 2216 1860 2285 cepisset,
1887 2228 2019 2270 con-

439 2329 516 2372 tra
543 2317 632 2371 Dei
661 2317 985 2370 voluntatem
1012 2314 1159 2368 dedit
1186 2314 1378 2376 vitam,
1428 2319 1483 2364 et
1517 2324 1733 2364 assessu
1778 2308 2022 2377 dignatus
2093 2317 2098 2320 '

438 2419 540 2473 est,
567 2409 799 2477 denique
827 2408 990 2461 multa
1025 2391 1144 2460 cum
1192 2401 1590 2458 honoriﬁcentia
1633 2401 1854 2454 dimisit.
1904 2399 2021 2452 Mox

439 2501 696 2571 prepheta
723 2498 984 2570 quispiam
1004 2496 1284 2561 accedens,
1305 2495 1436 2548 dixit
1463 2496 1529 2547 ad
1557 2492 1654 2546 sibi
1687 2491 1983 2562 proximum
2007 2505 2020 2541 :

441 2593 506 2647 In
530 2609 756 2648 sermone
787 2591 992 2644 Domini
1019 2597 1218 2660 percute
1254 2603 1372 2651 me;
1419 2585 1504 2640 ille
1547 2601 1660 2639 vero
1704 2583 1865 2638 noluit
1913 2599 2025 2634 eum

442 2698 716 2756 percutere.
749 2684 892 2738 Dixit
921 2684 1078 2755 igitur
1103 2682 1170 2735 ad
1205 2681 1350 2735 illum
1378 2677 1492 2735 :Eo
1511 2677 1646 2750 quod
1689 2693 1789 2730 non
1837 2675 2026 2728 audisti

441 2793 608 2830 vocem
633 2774 859 2839 Domini,
888 2790 999 2829 ecce
1027 2783 1079 2826 tu
1106 2772 1302 2825 recedes
1327 2787 1358 2823 a
1383 2787 1482 2832 me,
1510 2779 1556 2823 et
1582 2767 1823 2840 percutiet
1854 2775 1899 2818 te
1926 2765 2022 2818 leo.

446 2869 682 2922 Discessit
710 2869 772 2921 ab
799 2867 908 2933 illo,
934 2875 981 2919 et
1009 2867 1191 2936 reperit
1217 2881 1326 2917 eum
1351 2863 1446 2926 leo,
1480 2870 1526 2916 et
1552 2860 1814 2930 percussit.
1846 2859 1916 2912 Ac
1943 2875 2025 2911 re-

443 2959 568 3030 perit
594 2959 756 3011 alium
784 2957 1069 3021 hominem,
1098 2956 1178 3008 cui
1207 2955 1334 3007 dixit
1360 2970 1372 3008 :
1410 2957 1628 3010 Percute
1648 2967 1744 3005 me.
1796 2949 1864 3003 Et
1909 2966 2026 3017 per-

443 3052 596 3104 cussit
635 3067 750 3105 eum
791 3050 940 3103 homo
981 3049 1088 3112 ille,
1132 3047 1508 3116 vulneravitque
1542 3062 1675 3110 eum,
1716 3060 1775 3096 ac
1811 3042 1896 3097 ille
1936 3042 2029 3096 sibi

443 3139 676 3210 obligavit
719 3140 904 3211 {aciem
947 3138 1022 3211 (5.
1057 3137 1183 3208 Reg.
1211 3137 1300 3192 20.
1351 3137 1567 3205 55-58).
1606 3135 1743 3200 Quid
1781 3134 1881 3188 hoc
1913 3143 2028 3187 stu-

445 3246 573 3300 pore
595 3229 808 3299 dignius
837 3229 949 3282 lieri
998 3227 1203 3298 possit?
1245 3226 1344 3294 Qui
1386 3226 1652 3296 percussit
1689 3223 2025 3293 prophetam,

443 3322 614 3376 evasit
641 3320 958 3375 incolumis:
983 3319 1073 3389 qui
1115 3319 1373 3388 pepercit,
1416 3316 1564 3370 dedit
1613 3329 1796 3385 poenas
1824 3331 1838 3370 :
1869 3315 2028 3369 nimi-

407 3406 561 3466 'rum
593 3420 652 3466 ut
695 3411 1056 3481 iutelligeres,
1100 3410 1151 3463 in
1189 3408 1350 3478 jussis
1397 3407 1589 3461 divinis
1632 3421 1736 3459 non
1779 3415 2030 3475 oportere

446 3504 714 3559 curiosum
737 3517 880 3570 esse,
903 3501 1320 3571 examinareque
1341 3515 1522 3554 rerum
1561 3513 1680 3567 quae
1709 3497 2029 3568 praecipiam

446 3605 534 3650 tur
581 3605 860 3662 naturam,
907 3595 1002 3651 sed
1059 3593 1190 3649 nihil
1238 3592 1382 3648 aliud
1433 3607 1591 3662 quam
1638 3592 2028 3662 obtemperare.

446 3689 659 3744 Etenim
693 3704 759 3742 ne
791 3689 937 3758 prior
962 3687 1054 3743 ille
1083 3689 1285 3741 veritus
1313 3693 1560 3756 parceret
1595 3685 1888 3754 prophetae,
1927 3697 2032 3736 non

445 3781 578 3835 dixit
601 3781 672 3835 illi
693 3780 1026 3850 simpliciter,
1068 3783 1292 3845 Percute
1316 3795 1419 3844 me,
1451 3775 1545 3831 sed
1575 3775 1799 3839 addidit,
1830 3773 1896 3827 In
1927 3789 2032 3827 ser-

447 3887 594 3926 mone
617 3871 820 3925 Domini
847 3886 866 3924 :
887 3872 991 3926 hoc
1015 3877 1116 3935 est,
1149 3869 1293 3924 Deus
1320 3867 1594 3938 praecepit,
1625 3867 1705 3922 Ne
1732 3880 1912 3936 quaere
1948 3864 2032 3920 ul-

449 3963 616 4018 terius
652 3979 666 4014 :
696 3961 811 4017 Rex
829 3970 911 4016 est
934 3960 1026 4030 qui
1049 3960 1189 4016 hanc
1209 3958 1512 4031 praescribit
1539 3958 1706 4027 legem
1738 3957 2034 4011 :Reverere

443 4054 682 4125 jubentis
706 4053 1106 4120 auctoritatem,
1129 4066 1446 4122 summaque
1477 4064 1598 4105 cum
1646 4049 1810 4103 animi
1855 4061 2035 4118 prom-

447 4147 712 4216 ptitudine
723 4145 1057 4213 obtempera.
1077 4146 1144 4198 At
1161 4144 1212 4198 id
1242 4143 1416 4198 facere
1439 4155 1546 4196 non
1567 4138 1840 4204 sustinuit,
1864 4151 2035 4206 eoque

448 4251 638 4309 pcenas
665 4236 813 4292 dedit
831 4237 1196 4306 gravissimas,
1227 4249 1324 4289 suo
1355 4232 1605 4302 exemplo
1645 4237 1890 4301 posteros
1936 4227 2035 4280 ad-

451 4329 696 4394 hortans,
719 4335 779 4381 ut
803 4326 1056 4396 quidquid
1086 4325 1401 4395 praeceperit
1437 4324 1577 4378 Deus
1597 4364 1611 4387 ,
1643 4321 1693 4376 ei
1726 4335 1823 4390 per
1856 4318 2034 4375 omnia

449 4421 886 4490 obtemperarent
911 4431 1222 4486 moremque
1246 4424 1514 4486 gererent.
1548 4416 1678 4470 Dein
1704 4429 1824 4470 cum
1854 4422 2038 4484 poste-

449 4515 560 4569 rior
597 4511 688 4567 ille
729 4507 1084 4581 percussisset
1115 4522 1238 4563 eum
1279 4517 1334 4562 et
1371 4506 1733 4570 vulnerasset,
1775 4503 2036 4575 prepheta

447 4605 551 4660 sibi
578 4611 740 4674 caput
763 4601 1008 4656 obvinxit
1033 4600 1174 4664 loro,
1195 4607 1251 4653 et
1269 4597 1455 4653 oculos
1474 4596 1703 4658 obtexit,
1732 4596 1961 4666 denique
1983 4595 2035 4649 in

445 4712 565 4751 eam
591 4696 826 4765 speciem
854 4707 977 4750 sese
1016 4690 1435 4755 transformavit,
1473 4699 1531 4744 ut
1555 4706 1586 4744 a
1614 4690 1827 4744 nemine
1855 4697 2037 4759 posset

445 4787 682 4858 agnosci.
713 4786 875 4856 Cujus
896 4785 971 4840 rei
1002 4785 1171 4855 gratia
1197 4782 1302 4838 hoc
1327 4781 1482 4838 fecit?
1498 4782 1628 4836 Erat
1655 4780 2036 4850 redarguturus

447 4881 670 4950 Regem,
692 4888 746 4933 et
773 4877 1094 4933 sententiam
1127 4875 1180 4930 in
1202 4890 1326 4931 eum
1358 4875 1564 4929 laturus
1592 4873 1662 4929 de
1696 4873 1867 4928 salute
1895 4873 2036 4942 regis

446 4973 640 5045 Syrite.
673 4973 723 5027 ls
750 4971 912 5042 igitur
936 4987 1078 5037 cum,
1116 4980 1168 5024 ut
1192 4979 1308 5025 erat
1346 4969 1561 5040 impius,
1594 4982 1810 5038 semper
1852 4967 2032 5022 odium

441 5065 696 5135 gessisset
733 5063 988 5119 adversus
1018 5062 1306 5132 prophetas
1325 5103 1338 5127 ,
1370 5077 1438 5116 ne
1467 5069 1812 5131 conSpeetum
1858 5061 2032 5130 ipsum

441 5166 494 5211 et
536 5156 775 5228 agnitum
813 5156 880 5211 ab
922 5155 1090 5210 oculis
1131 5155 1241 5210 suis
1278 5154 1639 5217 submoveret,
1685 5167 1856 5222 coque
1893 5151 2034 5206 facto

443 5265 546 5303 non
588 5249 850 5320 reciperet
878 5249 1294 5313 correctionem,
1326 5246 1470 5302 velut
1498 5245 1754 5315 propheta
1795 5245 1953 5299 simul
1981 5253 2036 5299 et

446 5341 632 5396 faciem
654 5355 826 5405 suam,
849 5347 903 5395 et
927 5339 1123 5409 negotii
1151 5338 1533 5404 narrationem,
1557 5345 1688 5393 utet
1713 5335 1811 5406 ipsi
1832 5335 2034 5390 contin-

443 5439 591 5499 geret
630 5439 864 5500 potestas
901 5415 1112 5483 dieendi
1139 5443 1257 5497 quze
1285 5428 1520 5494 volebat,
1550 5439 1604 5482 et
1634 5427 1792 5499 Regis
1820 5427 2032 5481 confes-

443 5522 647 5576 sionem
671 5527 1030 5590 extorqueret.
1061 5520 1266 5574 Etenim
1289 5535 1410 5573 cum
1440 5519 1548 5573 Rex
1585 5520 1899 5587 prazteriret,
1927 5519 2032 5573 cla-

445 5627 595 5668 more
619 5613 948 5682 compellans
978 5627 1119 5673 eum.
1149 5610 1281 5664 dixit
1311 5627 1323 5663 :
1350 5610 1540 5665 Servus
1569 5621 1683 5665 tuus
1709 5628 1934 5682 egressus
1959 5623 2033 5666 est

450 5715 516 5767 ad
609 5708 794 5763 ercitus
817 5708 1006 5772 aciem,
1038 5715 1084 5760 ct
1119 5721 1228 5760 ecce
1265 5705 1337 5758 vir
1365 5704 1572 5774 quidam
1615 5705 1829 5760 adduxit
1859 5707 1926 5759 ad
1955 5722 2033 5759 me

1656 267 2019 327 ADVERSUS
2054 269 2353 328 JUDIEOS.
2396 270 2484 326 IV.

3593 273 3694 328 8'7!

2121 389 2306 452 uirum,
2338 388 2563 461 dixitque
2579 403 2595 440 .'
2611 384 2769 442 Serva
2799 388 2924 442 mihi
2948 387 3081 440 [tunc
3109 387 3283 459 :qnod
3305 388 3347 442 si
3369 390 3566 460 elapsus
3595 407 3706 443 era-

2119 481 2260 542 serit,
2293 481 2389 533 erit
2415 482 2584 534 anima
2605 489 2692 534 tua
2719 497 2814 551 pro
2839 481 3011 534 anima
3037 482 3198 546 illius,
3228 492 3316 534 aut
3346 481 3597 551 dependes
3623 499 3708 534 (tr-

2119 572 2254 643 genti
2285 573 2547 628 talentum.
2579 571 2646 626 Et
2685 574 2872 627 accidit
2908 573 3028 627 dum
3063 589 3234 627 servus
3265 584 3378 626 tuus
3413 573 3712 640 circumspi-

2119 677 2250 720 ceret
2283 666 2380 720 huc
2403 674 2452 719 et
2485 667 2628 733 illuc,
2657 676 2704 719 et
2730 683 2842 720 ecce
2865 666 2941 720 vir
2965 682 3064 720 non
3102 665 3441 730 comparebat.
3474 663 3540 717 Et
3580 664 3709 717 dia-it

2121 757 2232 812 Rea:
2259 758 2424 812 Israel
2450 753 2620 812 :Ecce
2647 759 2809 828 judea:
2849 768 2901 811 tu
2936 758 3076 829 apud
3115 773 3190 810 me
3222 775 3240 810 :
3268 757 3513 810 occidisti.
3546 754 3612 808 Et
3643 755 3708 808 il-

2119 849 2216 902 lico
2249 851 2493 919 propheta
2523 849 2740 903 detraxit
2765 850 2985 903 velamen
3006 852 3067 903 ab
3089 851 3247 902 oculis
3277 846 3402 912 suis,
3433 858 3479 902 et
3505 848 3710 918 agnovit

2117 941 2263 994 illum
2297 939 2410 994 Rea:
2441 941 2604 994 Israel
2622 981 2636 1004 ,
2679 940 2813 1011 quod
2851 950 2978 994 esset
3013 957 3145 996 unus
3174 957 3235 994 ea:
3273 939 3395 1009 ﬁliis
3428 940 3706 1011 prop/teta-

2117 1049 2262 1100 rum,
2289 1034 2514 1104 dixitque
2550 1035 2619 1087 ad
2647 1032 2830 1086 illum:
2852 1029 2970 1088 llaec
2998 1033 3119 1086 dicit
3153 1032 3405 1087 Dominus
3437 1051 3453 1087 :
3473 1033 3548 1086 Eo
3574 1032 3710 1100 quod

2121 1125 2358 1178 dimisisti
2394 1126 2556 1176 virum
2592 1125 2742 1177 exitio
2773 1125 2980 1194 dignum
3019 1141 3044 1176 e
3072 1141 3228 1177 manu
3257 1133 3363 1191 tua,
3402 1124 3495 1178 erit
3539 1123 3710 1176 anima

2123 1225 2210 1268 tua
2236 1230 2326 1285 pro
2353 1215 2524 1267 anima
2554 1212 2712 1277 illius,
2743 1223 2788 1266 et
2817 1224 2931 1268 tuus
2959 1215 3180 1284 populus
3209 1231 3301 1284 pro
3345 1214 3534 1286 populo
3565 1213 3708 1268 illius

2125 1307 2202 1376 (5.
2249 1301 2376 1370 Reg.
2421 1303 2919 1376 20.56.sqq.)\’ides
2963 1305 3102 1375 quod
3127 1322 3228 1359 non
3246 1305 3416 1359 solum
3437 1305 3595 1368 Deus,
3615 1305 3712 1360 scd

2123 1405 2178 1453 et
2203 1399 2446 1453 homines
2465 1384 2628 1452 ‘simili
2652 1397 3089 1466 modojudicant,
3129 1413 3234 1451 non
3265 1397 3612 1466 reSpicientes
3643 1397 3709 1450 ad

2122 1505 2306 1546 eorum
2351 1507 2470 1560 qua:
2515 1491 2645 1545 liunt
2689 1499 2950 1551 naturam,
2992 1489 3086 1545 sed
3129 1491 3195 1544 ad
3238 1489 3396 1545 ﬁnem
3442 1490 3617 1559 potius
3659 1498 3714 1543 et

2121 1584 2342 1638 causas?
2375 1585 2530 1648 Ecce,
2569 1584 2734 1654 inquit
2771 1583 2930 1637 etiam
2962 1585 3073 1654 ipse
3104 1584 3251 1650 Rex,
3288 1593 3341 1637 tu
3372 1583 3539 1653 judex
3571 1581 3710 1652 apud

2123 1691 2230 1741 me,
2284 1677 2373 1745 qui
2424 1675 2703 1730 occideris.
2753 1675 3026 1729 llomicida
3076 1691 3163 1741 es,
3218 1675 3403 1744 inquit,
3452 1689 3518 1729 eo
3571 1673 3713 1744 quod

2126 1768 2330 1822 hostem
2362 1767 2650 1822 dimiseris.
2683 1766 2762 1820 0b
2795 1765 2895 1819 hoc
2921 1765 3060 1820 enim
3091 1765 3347 1834 propheta
3369 1765 3544 1819 velum
3573 1764 3713 1818 addi.

2125 1857 2299 1924 derat,
2332 1866 2386 1912 et
2419 1857 2561 1912 velut
2597 1859 2648 1912 in
2679 1857 2848 1912 aliena
2885 1872 3043 1911 causa
3071 1857 3215 1911 litem
3245 1856 3480 1922 induxit,
3510 1864 3565 1910 ut
3602 1855 3714 1908 Rex

2126 1949 2445 2004 sententiam
2495 1957 2693 2004 rectam
2744 1947 3110 2016 pronuntiaret
3153 1964 3166 2001 :
3203 1945 3344 2016 quod
3397 1955 3450 2000 et
3499 1945 3712 2000 accidit.

2129 2042 2339 2098 Etenim
2373 2050 2649 2112 postquam
2681 2041 2912 2110 scipsum
2941 2056 3034 2095 sua
3065 2039 3327 2095 sententia
3357 2039 3712 2094 condemnas-

2127 2143 2227 2198 sct,
2269 2134 2510 2189 detracto
2545 2135 2685 2197 velo,
2724 2133 2855 2187 dixit
2895 2132 3152 2202 propheta
3184 2150 3194 2183 :
3230 2131 3486 2198 Quoniam
3529 2140 3582 2184 tu
3637 2131 3716 2183 di-

2127 2218 2307 2280 misisti
2333 2225 2492 2278 vitum
2525 2224 2676 2278 exitio
2705 2222 2914 2292 dignum
2940 2239 2965 2276 e
2994 2238 3146 2274 manu
3175 2231 3280 2283 tua,
3315 2222 3408 2276 erit
3432 2221 3602 2274 anima
3631 2231 3716 2273 tua

2128 2332 2221 2384 pro
2264 2316 2434 2369 anima
2479 2315 2635 2378 illius,
2681 2323 2726 2368 et
2771 2313 2991 2382 populus
3031 2323 3148 2365 tuus
3188 2329 3278 2380 pro
3322 2311 3511 2381 populo
3554 2312 3713 2364 illius.

2135 2407 2293 2462 Vides
2321 2421 2454 2476 quas
2479 2422 2575 2476 pro
2604 2405 2926 2458 humanitate
2959 2419 3143 2472 pmnas
3174 2402 3330 2457 luerit
3352 2403 3485 2468 Rex,
3519 2417 3719 2472 proque

2131 2498 2502 2568 intempestiva
2534 2497 2813 2552 clementia
2844 2511 2948 2565 quo
2978 2493 3196 2548 allectus
3227 2494 3294 2548 sit
3324 2492 3623 2563 supplicio?
3655 2492 3720 2546 Et

2131 2589 2219 2644 hic
2245 2590 2458 2661 quidem
2489 2590 2578 2659 qui
2621 2587 2877 2654 servavit,
2909 2587 3153 2656 punitur;
3186 2587 3318 2640 alter
3348 2601 3475 2640 vero
3504 2585 3590 2656 qui
3625 2599 3716 2638 οε-

2131 2679 2278 2746 cidit,
2325 2679 2582 2749 probatus
2629 2686 2730 2732 est.
2780 2677 2940 2747 Igitur
2991 2684 3044 2732 et
3088 2675 3341 2741 Phinecs,
3392 2675 3479 2744 qui
3531 2673 3718 2728 eodem

2135 2772 2388 2840 temporis
2437 2770 2662 2824 articulo
2708 2768 2900 2838 dUplex
2953 2765 3276 2837 perpetravit
3333 2765 3716 2831 homicidium,

2132 2863 2407 2930 virumque
2441 2860 2594 2913 simul
2623 2875 2741 2913 etnn
2783 2859 3003 2912 muliere
3031 2857 3272 2922 sustulit,
3301 2857 3599 2910 sacerdotio
3628 2854 3720 2909 ho-

2133 2963 2353 3008 noratur
2374 2952 2668 3025 (Num.25)
2691 2970 2703 3005 :
2729 2967 2829 3006 nec
2856 2951 3028 3005 solum
3060 2966 3161 3004 non
3191 2951 3486 3020 inquinavit
3507 2965 3720 3002 manum

2133 3047 2413 3117 sanguine,
2456 3061 2639 3101 verum
2683 3045 2841 3099 etiam
2884 3045 3152 3114 puriorem
3199 3042 3446 3098 reddidit.
3493 3041 3724 3096 Proinde

2133 3154 2254 3194 cum
2283 3137 2480 3193 videris
2509 3154 2630 3192 eum
2652 3137 2740 3208 qui
2773 3135 3083 3206 prephetam
3118 3136 3380 3204 percussit
3404 3150 3523 3190 esse
3544 3149 3724 3188 serva-

2137 3239 2270 3296 tum,
2297 3233 2419 3286 eum
2443 3245 2570 3285 vero
2595 3230 2685 3299 qui
2715 3245 2818 3284 non
2847 3227 3107 3298 percussit
3132 3227 3474 3287 exstinctum,
3501 3234 3555 3279 et
3577 3225 3724 3279 illum

2135 3323 2223 3393 qui
2256 3329 2569 3392 pepercerat
2593 3321 2722 3376 dare
2749 3334 2956 3389 poenas,
2989 3319 3249 3388 punitum,
3283 3331 3466 3371 rursus
3489 3332 3607 3370 eum
3635 3316 3725 3386 qui

2137 3429 2242 3468 non
2278 3414 2535 3482 pepercit,
2579 3410 2930 3480 approbatum
2977 3427 2988 3462 :
3023 3424 3236 3478 semper
3278 3407 3418 3476 apud
3463 3415 3515 3460 te
3549 3407 3727 3475 potior

2137 3505 2208 3559 sit
2245 3504 2414 3569 ratio,
2445 3501 2570 3573 quid
2603 3503 2743 3557 Deus
2784 3500 3076 3571 praecipiat,
3118 3515 3276 3569 quam
3309 3514 3428 3563 qum
3466 3498 3535 3552 sit
3565 3511 3726 3566 nego-

2139 3597 2334 3651 tiorum
2361 3604 2546 3650 natura
2579 3614 2593 3650 :
2630 3593 2773 3664 quod
2808 3593 2852 3648 si
2883 3592 3006 3664 quid
3039 3592 3363 3661 compereris
3406 3591 3496 3645 illo
3525 3603 3724 3660 appro-

2138 3692 2298 3748 hante
2327 3689 2459 3760 geri,
2491 3687 2620 3744 illud
2649 3687 2819 3742 solum
2841 3687 3188 3755 amplectere.

2209 3782 2262 3836 3.
2289 3781 2464 3850 Atque
2497 3781 2596 3834 hac
2627 3787 2835 3835 utentes
2861 3778 3041 3848 regula
3063 3817 3078 3842 ,
3108 3786 3160 3829 et
3186 3775 3447 3846 jejunium
3489 3773 3594 3828 hoc
3635 3772 3728 3828 Ju-

2139 3873 2374 3928 dznorum
2407 3869 2792 3941 expendamus.
2820 3869 3032 3924 Etenim
3079 3868 3131 3921 ni
3183 3867 3233 3921 id
3280 3865 3584 3929 fecerimus,
3629 3862 3728 3918 sed

2139 3965 2378 4019 actiones
2403 3961 2592 4028 nudas,
2627 3976 2722 4030 per
2758 3975 2817 4015 se
2849 3968 3048 4012 tantum
3084 3957 3137 4010 in
3175 3956 3408 4010 medium
3445 3953 3676 4024 prolatas
3702 3994 3717 4018 ,

2139 4055 2542 4112 consideremus
2573 4071 2586 4106 :
2621 4053 2809 4122 ingens
2839 4051 2942 4105 erit
2978 4047 3241 4112 confusio,
3282 4061 3577 4116 magnaque
3609 4059 3728 4114 per-

2142 4147 2393 4202 turbatio.
2422 4144 2554 4199 Nam
2579 4142 2873 4197 latronibus
2899 4141 3200 4195 lacerantur
3225 4137 3420 4205 latera,
3445 4143 3500 4190 et
3536 4149 3729 4189 monu-

2141 4246 2442 4292 mentorum
2474 4232 2888 4304 perfossoribus,
2919 4241 2973 4285 et
3003 4228 3474 4300 prtestigiatoribus
3501 4243 3512 4280 :
3540 4242 3727 4281 verum

2142 4328 2282 4382 idem
2316 4325 2589 4396 patiuntur
2631 4332 2686 4378 et
2727 4331 3010 4393 martyres.
3049 4319 3211 4373 Facta
3237 4317 3455 4388 quidem
3487 4326 3611 4370 sunt
3637 4332 3728 4370 ea-

2141 4419 2262 4474 dem
2283 4460 2300 4485 ,
2343 4427 2596 4472 caeterum
2644 4413 2854 4469 animus
2883 4421 2938 4468 et
2965 4425 3125 4466 causa
3153 4425 3250 4466 cur
3279 4410 3393 4464 tunc
3424 4410 3550 4462 [iam
3575 4450 3590 4474 ,
3623 4425 3728 4464 non

2139 4519 2224 4563 est
2252 4507 2460 4574 eadem,
2495 4520 2666 4576 eoque
2692 4503 2981 4574 plurimum
3009 4510 3092 4557 est
3118 4501 3440 4556 discriminis
3467 4501 3609 4555 inter
3632 4500 3730 4552 hos

2142 4609 2196 4655 et
2237 4599 2375 4654 illos.
2404 4597 2554 4654 Sicut
2601 4596 2760 4666 igitur
2787 4595 2840 4649 in
2871 4593 2976 4648 illis
3017 4608 3124 4648 non
3163 4579 3483 4648 tormentum
3527 4601 3728 4645 tantum

2142 4690 2513 4760 expendimus,
2545 4688 2638 4743 sed
2671 4685 2817 4758 prius
2841 4685 3079 4739 animum
3107 4693 3161 4738 et
3189 4699 3402 4739 causam
3425 4723 3441 4748 ,
3472 4682 3541 4736 ob
3570 4696 3730 4750 quam

2142 4783 2408 4838 cruciatus
2429 4780 2744 4844 inferuntur,
2774 4777 3196 4842 consideramus,
3221 4785 3276 4835 et
3294 4775 3364 4829 ob
3389 4773 3440 4828 id
3467 4782 3757 4845 martyres.

2142 4889 2403 4938 amamus,
2429 4889 2533 4926 non
2561 4871 2704 4942 quod
2729 4871 3056 4934 crucientur,
3080 4867 3174 4922 sed
3193 4865 3336 4937 quod
3361 4865 3429 4919 ob
3457 4863 3728 4919 Christum

2142 4965 2410 5020 cruciatus
2430 4964 2628 5027 ferant;
2655 4971 2836 5017 contra
2855 4961 3090 5014 latrones
3105 4957 3454 5020 detestamur,
3481 4969 3585 5009 non
3608 4955 3731 5024 quia

2144 5056 2454 5125 puniuntur,
2485 5054 2576 5109 sed
2605 5053 2747 5124 quod
2777 5052 2846 5107 ob
2872 5049 3145 5105 malefacta
3185 5047 3510 5118 puniuntur:
3541 5045 3728 5100 eodem

2142 5149 2301 5204 modo
2323 5149 2422 5203 hac
2443 5149 2492 5202 in
2512 5163 2570 5203 re
2595 5146 2855 5202 calculum
2884 5157 3087 5213 ponas:
3115 5141 3160 5196 si
3185 5139 3382 5194 videris
3411 5138 3528 5194 illos
3549 5152 3733 5192 amore

2141 5243 2235 5298 Dei
2262 5243 2599 5312 jejunantes,
2626 5237 2949 5308 amplectere
2978 5233 3118 5305 quod
3152 5233 3210 5286 lit
3238 5250 3252 5286 :
3284 5239 3340 5285 at
3371 5229 3419 5285 si
3449 5243 3733 5300 perspexe-

2141 5337 2214 5391 ris
2234 5376 2248 5402 ,
2281 5335 2401 5389 illos
2428 5334 2528 5388 hoc
2570 5341 2763 5401 praeter
2791 5328 3022 5382 divinam
3065 5326 3390 5380 voluntatem
3436 5322 3690 5378 facientes
3715 5365 3730 5388 ,
3779 5382 3783 5390 ,

2141 5427 2307 5496 magis
2359 5440 2453 5480 eos
2499 5423 2805 5486 detestare,
2853 5418 3159 5486 majoreque
3203 5415 3327 5470 odio
3368 5429 3730 5486 prosequere,

2139 5533 2296 5588 quam
2328 5515 2540 5581 ebrios,
2573 5527 2729 5582 quam
2783 5509 3106 5564 temulentiie
3151 5515 3207 5562 et
3249 5503 3731 5565 comessationibus

2142 5612 2495 5680 indulgentes.
2530 5607 2585 5662 ln
2616 5607 2716 5661 hoc
2743 5611 2916 5660 autem
2947 5599 3150 5672 jejunio
3177 5616 3282 5656 non
3322 5599 3451 5656 satis
3491 5605 3575 5654 est
3597 5611 3729 5651 cau-

2149 5719 2262 5758 sam
2310 5701 2606 5771 inquirere,
2641 5696 2734 5753 sed
2758 5705 2810 5754 et
2840 5696 2990 5752 locus
3019 5703 3069 5749 ct
3101 5705 3316 5767 tempus
3343 5689 3738 5750 consideranda
