4084 6186
460 219 565 274 875

1087 229 1144 287 S.
1194 232 1476 293 JOANNIS
1533 241 2028 306 CHRYSOSTOMI
2070 251 2381 307 ΑιιωίιΕΡ.
2424 253 2949 312 CONSTANTINOP.

459 347 604 391 sunt.
640 337 840 394 Verum
865 342 1186 415 priusquam
1221 366 1534 411 moveamus
1563 360 1737 416 aciem
1766 364 2031 424 adversus
2112 363 2362 416 mutarint
2384 379 2537 417 suum
2564 365 2818 435 jejunium
2837 409 2850 434 ,
2884 385 3010 423 num
3037 369 3108 425 illi
3138 370 3238 426 sub
3265 371 3459 429 Pascha
3488 377 3669 428 no‘iis«

453 431 693 500 Judzeos,
727 437 918 492 lubens
943 443 1246 498 oralionem
1273 449 1528 503 verterim
1559 454 1626 506 ad
1655 471 1750 511 eos
1783 460 1874 526 qui
1899 469 2028 514 sunt

455 524 628 578 nostri
648 527 893 595 corporis
915 531 1155 585 membra
1167 548 1249 596 ,ac
1265 538 1437 590 nostri
1453 540 1669 608 quidem
1685 524 1893 602 ordinis
1905 561 2026 600 esse

452 616 727 683 videntur,
748 629 1003 672 caeterum
1027 623 1240 676 illorum
1264 626 1467 680 cultum
1483 641 2023 706 sequuntur,proque

449 708 559 762 illis
588 709 947 765 defendendis
965 713 1094 766 nihil
1129 716 1333 771 laboris
1356 735 1466 772 non
1483 726 1813 794 suscipiunt,
1834 744 1942 798 qua
1964 729 2019 783 in

451 808 601 866 parte
648 801 840 870 dignos
877 819 1002 858 esse
1051 805 1208 860 video
1257 811 1509 877 graviore
1539 816 2016 885 condemuatione,

447 907 608 957 quam
649 890 868 948 Judmos
908 895 1216 953 universos.
1253 899 1306 952 ld
1337 917 1458 956 esse
1480 919 1691 972 verum,
1719 923 1825 962 non
1857 911 2018 965 modo

447 983 720 1050 sapientes
736 992 788 1037 et
807 986 1015 1042 cordati
1028 1005 1233 1044 .verum
1253 994 1418 1046 eliam
1441 996 1774 1066 quicumque
1789 1002 1870 1056 vel
1892 1017 2016 1070 pau-

446 1075 552 1125 tum
585 1075 780 1129 habent
809 1079 1008 1133 mentis
1043 1088 1096 1133 et
1137 1082 1393 1148 rationis,
1431 1101 1641 1141 mecum
1677 1089 2010 1148 fatebuntur.

439 1164 550 1219 Nec
570 1167 712 1219 cnim
738 1183 875 1237 opus
905 1179 988 1225 est
1015 1173 1471 1241 sophismatibus,
1501 1193 1599 1233 nec
1623 1193 1884 1251 apparatu
1903 1200 2015 1240 ser-

442 1258 642 1323 monis,
661 1275 761 1314 nec
784 1263 1007 1330 prolixis
1033 1267 1274 1333 periodis
1293 1269 1358 1321 ad
1384 1269 1486 1324 hoc
1503 1269 2008 1341 demonstrandum,

438 1364 562 1403 cum
583 1351 716 1406 satis
731 1353 936 1408 sitillos
957 1355 1189 1426 simplici
1216 1363 1628 1427 percontatione
1644 1366 2010 1440 interrogatos

436 1456 500 1494 ex
525 1441 638 1512 ipsa
659 1447 1391 1518 reSponsiouecapere.Quid
1415 1456 1603 1526 igitur?
1627 1458 2000 1532 Unumquem-

435 1543 543 1597 que
558 1530 665 1584 isto
683 1533 874 1587 morbo
886 1535 1130 1590 allectum
1151 1546 1513 1607 percontabor
1532 1565 1543 1600 :
1561 1530 1908 1607 Christianus
1922 1555 2006 1609 es?

432 1619 544 1674 Cur
589 1637 720 1692 ergo
749 1627 1022 1683 aemularis
1051 1629 1312 1687 Judaiea?
1337 1636 1401 1687 At
1443 1636 1661 1694 Judaeus
1711 1643 1804 1696 es?
1833 1644 2006 1710 Quam

427 1709 596 1775 igitur
610 1716 679 1768 ob
699 1731 918 1797 causam
937 1724 1194 1776 molestus
1216 1741 1272 1777 es
1292 1727 1569 1780 Ecclesiae?
1589 1729 1690 1794 Qui
1715 1709 1874 1790 Persa
1897 1747 2003 1797 est.

426 1796 604 1837 nonne
642 1801 761 1856 quae
806 1789 1083 1847 Persarum
1131 1806 1254 1850 sunt
1291 1799 1480 1854 curat?
1507 1789 1789 1869 Barbarus,
1823 1789 1999 1859 nonne

430 1873 771 1930 barbarorum
821 1881 953 1934 ritus
989 1883 1299 1939 aemulatur?
1335 1888 1432 1954 Qui
1473 1888 1671 1945 habitat
1710 1893 1760 1946 in
1801 1894 1999 1951 ditimae

431 1961 810 2033 Romanorum,
831 1985 935 2023 non
960 1972 1119 2026 utitur
1142 1976 1334 2029 nostris
1356 1978 1590 2047 legibus?
1613 1983 1721 2053 Age
1740 1983 1824 2038 die
1848 1987 1994 2054 mibi,

429 2067 604 2108 nonne
630 2055 674 2108 si
702 2058 818 2125 quis
845 2058 1031 2114 borum
1056 2103 1071 2127 ,
1102 2065 1188 2133 qui
1219 2067 1356 2133 apud
1384 2084 1479 2122 nos
1500 2071 1678 2124 vivunt
1701 2112 1716 2138 ,
1749 2089 1866 2127 cum
1895 2077 1996 2132 illis

428 2146 624 2198 sentire
648 2145 807 2203 fuerit
829 2150 1207 2220 deprehensus,
1239 2159 1497 2214 inauditus
1522 2164 1758 2232 citraque
1779 2182 1994 2223 examen

429 2236 660 2303 punitur,
692 2240 896 2294 etiamsi
925 2243 1122 2297 infinita
1153 2245 1359 2309 habeat.
1392 2251 1580 2319 quibus
1605 2268 1815 2311 causam
1847 2274 1994 2313 suam

429 2329 594 2393 possit
618 2329 936 2387 defendere?
964 2335 1027 2389 Et
1053 2337 1096 2391 si
1125 2339 1241 2407 quis
1265 2343 1400 2410 apud
1433 2341 1558 2396 istos
1584 2348 1842 2401 exstiterit
1865 2392 1879 2412 ,
1909 2353 1993 2419 qui

427 2419 680 2475 Romanis
711 2433 887 2478 utatur
912 2427 1166 2485 institutis
1190 2473 1202 2495 ,
1237 2447 1412 2487 nonne
1439 2451 1622 2490 rursus
1651 2438 1787 2493 idem
1827 2443 1996 2510 patie-

428 2511 552 2564 tur?
593 2511 866 2580 Quomodo
909 2517 1064 2588 igitur
1109 2532 1162 2576 tu
1204 2524 1291 2592 qui
1336 2525 1400 2579 ad
1442 2527 1657 2596 impium
1703 2531 1829 2586 illud
1875 2535 1996 2588 vita:

427 2601 722 2658 institutum
754 2607 1016 2676 defecisti,
1049 2613 1212 2669 audes
1237 2630 1453 2685 sperare
1483 2620 1743 2676 salutem?
1769 2626 1847 2678 An
1878 2627 1994 2680 exi-

425 2706 582 2760 guum
611 2695 939 2752 intervallum
968 2709 1049 2755 est
1079 2703 1214 2757 inter
1239 2721 1334 2760 nos
1359 2717 1410 2762 et
1439 2708 1686 2766 Juvlacos?
1706 2718 1784 2767 An
1813 2716 1878 2769 de
1909 2734 1996 2770 rc-

428 2784 526 2836 bus
553 2785 755 2841 levibus
780 2799 870 2844 aut
897 2793 1195 2873 vulgaribus
1226 2798 1366 2853 inter
1394 2816 1488 2855 nos
1514 2812 1593 2856 est
1616 2810 1992 2875 contraversia,

425 2884 482 2928 ut
511 2884 562 2929 tu
593 2893 752 2932 unum
795 2891 848 2936 et
895 2883 1031 2938 idem
1061 2901 1181 2942 esse
1206 2891 1393 2945 credas
1425 2905 1659 2948 nostrum
1689 2906 1742 2950 et
1785 2897 1992 2954 illorum

426 2965 760 3024 institutum?
792 2971 897 3027 Cur
925 2990 1028 3029 non
1058 2980 1320 3034 miscenda
1352 2983 1583 3038 misces?
1608 2986 1686 3040 llli
1718 2989 1995 3045 crucifixe-

424 3067 546 3111 runt
571 3059 836 3116 Christum
858 3106 872 3129 ,
902 3082 1057 3134 quem
1088 3077 1140 3122 tu
1165 3070 1375 3127 adoras.
1409 3073 1570 3130 Vides
1614 3088 1866 3147 qttantum
1914 3081 1995 3135 in-

425 3155 621 3228 terest?
645 3155 742 3224 Qui
771 3159 828 3212 fit
855 3160 1030 3228 igitur,
1066 3171 1120 3216 ut
1148 3165 1212 3218 ad
1243 3165 1360 3220 illos
1385 3169 1469 3236 qui
1495 3167 1757 3224 Christum
1783 3175 1992 3229 occide-

423 3252 545 3298 runt
567 3261 749 3301 curras
772 3291 787 3313 ,
819 3252 1073 3318 proliteus
1103 3265 1154 3309 te
1179 3255 1400 3311 adorare
1437 3260 1784 3314 crucifixum?
1813 3262 1992 3332 Neque

421 3347 547 3388 vero
576 3334 688 3404 ipse
717 3337 884 3406 legem
914 3341 1048 3396 hanc
1079 3343 1190 3398 fero
1217 3386 1231 3412 ,
1277 3361 1377 3415 qua
1427 3348 1543 3402 illos
1587 3351 1858 3413 criminer,
1893 3368 1992 3408 nec

423 3423 558 3478 hanc
585 3431 934 3485 aecusationis
977 3431 1196 3490 formam
1247 3436 1442 3490 inveni.
1483 3439 1670 3492 Annon
1720 3440 1989 3510 Scriptura

421 3515 580 3568 simili
608 3518 766 3572 modo
803 3532 1014 3576 accusat
1045 3525 1198 3579 illos?
1224 3528 1358 3581 Audi
1391 3529 1548 3599 igitur
1579 3532 1703 3600 quid
1733 3533 1874 3588 dicat
1897 3535 1991 3590 Je-

422 3605 616 3659 rcmias
641 3608 890 3663 adversus
918 3612 1034 3665 illos
1065 3632 1078 3669 :
1104 3615 1246 3669 Abite
1269 3617 1322 3670 in
1348 3617 1528 3682 Cedar,
1559 3632 1606 3673 et
1633 3623 1825 3687 videte;
1846 3627 1992 3678 emit-

422 3695 510 3747 tite
531 3696 598 3747 ad
618 3697 806 3752 insulas
829 3700 1058 3765 Clietiim,
1083 3714 1128 3756 et
1146 3707 1392 3774 judicate,
1417 3726 1534 3762 num
1557 3713 1676 3763 talia
1703 3714 1837 3781 facta
1861 3717 1992 3782 sint;

421 3799 488 3836 an
536 3782 714 3837 Gentes
755 3797 940 3842 mutent
983 3791 1101 3846 deos
1127 3810 1244 3847 suos
1267 3837 1280 3859 ,
1313 3805 1358 3849 et
1383 3798 1465 3850 isti
1492 3815 1589 3851 non
1618 3811 1732 3854 sunt
1770 3803 1861 3856 dii.
1891 3803 1992 3859 Vos

421 3882 586 3926 autem
621 3879 847 3931 mutastis
870 3881 1080 3948 gloriam
1106 3895 1316 3937 vestram
1359 3887 1409 3940 in
1452 3904 1595 3953 eum,
1637 3907 1698 3944 ex
1729 3909 1827 3960 qua
1866 3895 1993 3949 nihil

421 3965 651 4020 utilitatis
675 3969 879 4037 capietis
909 3971 1038 4042 (Jer.
1070 3973 1122 4026 Ξ.
1155 3975 1238 4028 10.
1271 3975 1378 4047 ll).
1407 3977 1521 4031 Non
1561 3979 1722 4045 dixit,
1750 3984 1991 4038 mutastis

420 4052 548 4108 deos
577 4065 780 4112 vestros
800 4099 814 4123 ,
843 4060 933 4114 sed
960 4063 1178 4128 gloriam
1210 4082 1223 4118 :
1255 4066 1304 4118 id
1331 4076 1438 4134 est,
1475 4069 1576 4134 illi,
1623 4069 1826 4139 inquit,
1869 4087 1988 4126 cum

419 4144 643 4200 adorent
673 4148 806 4202 idola
827 4193 841 4216 ,
874 4152 1156 4222 colamque
1185 4155 1455 4210 dtemones
1475 4200 1488 4222 ,
1521 4167 1626 4212 tam
1659 4171 1904 4216 consmnt
1929 4163 1983 4216 in

419 4251 619 4302 errore,
650 4250 705 4293 ut
735 4257 803 4296 ne
829 4245 990 4296 velint
1019 4245 1230 4313 quidem
1264 4247 1345 4300 illa
1379 4249 1697 4319 relinquere,
1730 4260 1783 4306 et
1808 4251 1871 4306 ad
1901 4269 1992 4306 ve-

419 4327 629 4383 ritatem
677 4331 1020 4402 transfugere.
1052 4335 1153 4387 Vos
1191 4347 1364 4391 autem
1411 4340 1497 4406 qui
1548 4356 1727 4394 verum
1759 4341 1990 4396 adoratis

425 4417 609 4482 Deum,
638 4421 816 4473 relicta
850 4424 1106 4491 majorum
1135 4427 1408 4496 religione,
1439 4429 1576 4483 ultro
1601 4431 1665 4484 ad
1697 4433 1865 4486 aliena
1892 4435 1987 4489 de-

421 4506 651 4572 fecistis;
683 4525 849 4579 neque
878 4522 1078 4567 tantum
1109 4516 1368 4584 religiosa:
1413 4521 1604 4572 mentis
1635 4522 1892 4588 praestatis
1937 4525 1988 4576 in

421 4601 660 4662 veritate,
686 4613 937 4670 quantum
962 4605 1034 4658 illi
1058 4616 1306 4673 praestant
1337 4608 1386 4660 in
1413 4623 1508 4663 suo
1534 4625 1734 4664 errore.
1765 4611 1990 4668 Proinde

418 4693 546 4746 dicit
574 4711 586 4746 :
613 4693 673 4747 Si
696 4695 838 4748 istius
864 4698 1000 4750 modi
1019 4698 1154 4765 facta
1173 4708 1309 4764 sunt,
1332 4699 1374 4751 si
1399 4705 1656 4754 mutabunt
1677 4700 1854 4757 Gentes
1873 4703 1990 4758 deos

326 4778 335 4785 ”
417 4799 536 4836 suos
555 4825 568 4847 ,
616 4793 660 4837 et
696 4785 779 4837 isti
818 4803 916 4839 non
952 4797 1066 4840 sunt
1092 4787 1162 4839 dii
1185 4803 1204 4840 :
1229 4805 1312 4840 vos
1341 4799 1504 4842 autent
1527 4793 1754 4845 mutastis
1778 4793 1992 4863 gloriam

419 4883 650 4939 uestram,
676 4875 809 4928 unde
831 4876 1022 4928 nullam
1050 4878 1254 4943 capietis
1278 4879 1538 4932 utilitatem
1570 4879 1657 4951 (Μ
1665 4882 1796 4934 alae.
1827 4883 1878 4936 '5.
1902 4883 1988 4954 ὅ).

417 4961 532 5018 Non
577 4964 742 5029 dixit,
785 4966 1028 5019 mutastis
1066 4967 1228 5020 Deum
1257 4977 1525 5023 vestrum:
1556 4971 1692 5025 Deus
1717 4973 1856 5026 enim
1886 4989 1988 5028 non

418 5062 692 5109 mutatur:
725 5056 841 5122 sed,
874 5055 1110 5111 Mutastis
1144 5060 1356 5128 gloriam
1383 5070 1614 5116 vestram.
1645 5063 1824 5132 Neque
1847 5066 1988 5119 enim

419 5161 503 5197 me
535 5145 765 5211 laesistis,
797 5145 1004 5216 inquit;
1034 5163 1204 5218 neque
1226 5149 1328 5202 ulla
1353 5166 1485 5204 noxa
1517 5152 1580 5205 ad
1604 5168 1688 5206 me
1711 5154 1950 5221 pervenit
1975 5171 1986 5206 :

421 5236 774 5306 vosmetipsos
802 5237 1050 5292 all'ccistis
1080 5239 1396 5308 ignominia;
1431 5257 1599 5295 meam
1634 5244 1853 5311 gloriam
1885 5260 1988 5298 non

422 5326 780 5390 imminuistis,
814 5328 906 5383 sed
937 5339 1186 5384 vestram.
1234 5329 1521 5387 Concedite
1563 5347 1691 5388 sane
1740 5329 1896 5395 mihi,’
1936 5345 1994 5389 ut

423 5416 566 5472 hunc
606 5433 907 5474 sermonem
953 5421 1109 5475 etiam
1141 5420 1205 5474 ad
1239 5430 1446 5475 nostros
1489 5422 1916 5487 acconunodcm;
1947 5426 1991 5478 si

429 5524 599 5565 tamen
635 5528 726 5579 par
765 5522 846 5565 cst
874 5511 994 5566 illos
1020 5513 1285 5582 appellare
1331 5523 1576 5578 nostros,
1609 5515 1696 5585 qui
1732 5531 1852 5570 cum
1887 5516 1991 5570 illis

423 5597 688 5655 sentiunt.
728 5604 878 5657 Abite
927 5605 976 5657 in
1020 5603 1320 5675 Synagogas
1351 5615 1401 5660 et
1433 5605 1603 5660 videte
1625 5646 1638 5672 ,
1672 5622 1794 5660 num
1826 5605 1993 5660 Judaei

2105 464 2225 504 cum
2255 452 2576 508 celebrarint
2607 456 2886 524 jejunium,
2915 475 3039 514 num
3067 459 3167 516 hoc
3194 461 3279 516 die
3306 477 3550 532 umquam
3578 478 3668 516 co-

2105 542 2382 597 mederint.
2429 547 2584 614 Atqui
2633 546 2733 601 hoc
2776 564 2882 602 non
2928 558 3011 606 est
3056 551 3353 620 jejunium,
3401 552 3494 607 sed
3540 554 3670 622 legis

2107 635 2456 702 transgressio
2478 675 2494 698 ,
2537 635 2629 687 sed
2673 650 2843 702 error,
2869 638 2963 693 sed
3003 649 3273 708 peccatum
3300 657 3314 692 :
3337 649 3566 696 attamen
3596 644 3668 698 illi

2105 736 2388 796 numquam
2439 733 2728 779 mutarunt.
2781 727 2888 780 Vos
2936 737 3110 784 autem
3163 732 3405 784 mutastis
3449 732 3668 800 gloriam

2104 822 2356 875 vestram,
2390 814 2527 867 unde
2556 813 2684 870 nzhil
2715 816 2952 870 utilitatis
2977 819 3193 886 capietis
3219 860 3232 882 ,
3261 829 3313 874 et
3344 820 3482 874 ultro
3510 822 3576 875 ad
3602 823 3669 876 il-

2104 901 2271 955 lorum
2304 904 2433 956 ritus
2461 904 2774 959 descivistis.
2805 907 3023 975 Quando
3053 910 3268 964 Paschte
3293 911 3550 982 jejunium
3576 927 3665 968 ce-

2104 990 2372 1044 lebrarunt
2403 993 2475 1044 illi
2493 993 2514 1046 ?
2531 994 2750 1059 Quando
2767 1005 3053 1068 martyrum
3081 997 3241 1053 festos
3257 999 3372 1054 dies
3393 1001 3663 1056 nobiscum

2102 1083 2364 1150 egerunt?
2384 1082 2604 1148 Quando
2632 1084 2770 1138 diem
2793 1085 3203 1154 Epiphaniorum
3230 1090 3502 1145 nobiscum
3528 1093 3664 1146 cele-

2103 1170 2361 1225 brarunt?
2388 1174 2463 1227 Illi
2492 1190 2596 1227 non
2632 1187 2913 1231 accurrunt
2955 1177 3018 1231 ad
3059 1180 3329 1234 veritatem
3357 1198 3370 1245 ;
3402 1191 3454 1234 et
3479 1197 3573 1236 vos
3600 1184 3663 1238 ad

2104 1261 2428 1329 iniquitatem
2460 1264 2773 1332 properatis.
2802 1264 3135 1332 lniquitatem
3163 1279 3337 1324 autem
3363 1270 3516 1338 dico,
3544 1273 3663 1342 quia

2101 1351 2200 1404 iSta
2242 1352 2372 1405 fiunt
2415 1368 2518 1406 non
2563 1369 2659 1407 suo
2700 1364 2951 1422 tempore.
2992 1356 3118 1411 Erat
3155 1358 3278 1412 olim
3311 1370 3534 1430 tempus,
3563 1377 3665 1430 quo

2101 1442 2445 1496 conveniebat
2507 1444 2602 1500 ista
2657 1459 2922 1509 servare;
2959 1447 3069 1516 jam
3115 1465 3244 1502 vero
3284 1465 3388 1502 non
3431 1461 3513 1505 est
3549 1466 3664 1504 amo

2101 1533 2256 1603 plius.
2285 1533 2468 1602 quue
2496 1536 2638 1606 quod
2665 1545 2772 1591 tum
2793 1537 2943 1607 justa
2973 1525 3138 1610 legem
3166 1540 3342 1607 ﬁebat,
3367 1557 3506 1596 nunc
3531 1557 3662 1612 pra:-

2102 1633 2183 1678 ter
2210 1625 2377 1693 legem
2411 1625 2487 1679 lit.

2169 1715 2223 1770 4.
2252 1714 2536 1771 Concedite
2566 1717 2694 1771 mihi
2726 1727 2783 1772 ut
2821 1718 2946 1773 illud
2975 1721 3132 1774 etiam
3178 1721 3340 1776 llclim
3376 1723 3545 1775 dicam
3575 1723 3663 1778 ad-

2100 1821 2282 1862 versus
2309 1822 2420 1862 eos.
2451 1807 2580 1862 Cum
2609 1810 2750 1864 enim
2789 1810 2878 1865 ille
2905 1813 3230 1880 conspiceret
3258 1813 3469 1868 Judzeos
3509 1814 3666 1883 impio

2100 1895 2356 1962 viventes,
2388 1905 2442 1951 et
2489 1913 2627 1950 nunc
2654 1897 2863 1968 quidem
2895 1900 3322 1969 obtemperantes
3354 1903 3461 1956 Deo
3483 1944 3496 1966 ,
3528 1919 3664 1958 nunc

2099 2002 2282 2041 rursus
2331 1988 2469 2042 idola
2522 1987 2796 2056 colentes,
2841 1991 2906 2045 ad
2955 1992 3096 2048 hunc
3137 1992 3367 2063 loquitur
3406 1995 3661 2052 modum:

2102 2076 2368 2146 Quousque
2393 2077 2690 2132 claudicatis
2714 2089 2923 2148 utroque
2951 2082 3136 2149 poplite
3161 2083 3361 2136 vestro?
3394 2083 3455 2138 Si
3483 2085 3660 2138 Domi-

2098 2183 2194 2220 nus
2213 2178 2284 2220 est
2305 2166 2436 2222 Deus
2459 2169 2727 2234 vobiscum,
2755 2173 2910 2223 venite
2928 2180 2973 2224 et
2988 2173 3249 2241 sequimini
3267 2189 3381 2227 eum
3398 2189 3418 2237 ;
3441 2175 3486 2228 si
3503 2184 3664 2228 autem

2098 2257 2244 2323 Baul,
2278 2261 2346 2312 ite
2372 2269 2481 2329 post
2504 2277 2616 2313 eum
2648 2261 2741 2332 (5.
2770 2261 2896 2333 Reg.
2927 2263 3012 2316 18.
3041 2262 3104 2316 2|
3133 2263 3172 2333 ).
3202 2264 3341 2319 idem
3369 2275 3420 2318 et
3446 2267 3554 2334 ipse
3585 2267 3664 2319 lo-

2098 2363 2232 2416 quor
2251 2348 2316 2401 ad
2349 2350 2496 2402 istos.
2527 2350 2578 2404 Si
2607 2350 2938 2405 Judaismum
2971 2353 3166 2422 putatis
3196 2369 3374 2408 verum
3406 2369 3542 2415 esse.
3571 2370 3666 2409 cur

2099 2439 2403 2508 obstrepitis
2433 2439 2729 2495 Ecclesim?
2767 2441 2918 2507 Quod
2965 2441 3010 2496 si
3051 2442 3482 2498 Cltristianismus
3508 2459 3664 2499 verus

2098 2537 2198 2594 esu
2231 2529 2366 2584 sicut
2393 2545 2574 2583 revera
2605 2539 2687 2585 est
2709 2570 2724 2596 ,
2766 2531 2817 2584 in
2858 2545 2922 2585 eo
2949 2541 3187 2598 manete,
3220 2541 3274 2587 et
3299 2533 3444 2587 illum
3474 2548 3675 2602 scqna‘

2097 2620 2247 2672 mini.
2291 2619 2561 2690 Particeps
2606 2637 2663 2675 es
2709 2623 2980 2677 nobiscum
3023 2626 3394 2694 mysteriorum
3421 2642 3435 2678 :
3461 2640 3556 2696 age
3578 2626 3663 2681 dic

2096 2709 2261 2774 mihi,
2303 2709 2570 2764 Christum
2599 2711 2788 2765 adoras
2815 2721 2870 2766 ut
2898 2712 3260 2779 Christianus,
3289 2715 3356 2768 ab
3396 2715 3486 2768 illo
3528 2717 3661 2771 bona

2097 2801 2252 2868 petis,
2276 2809 2327 2855 et
2355 2816 2472 2855 cum
2503 2801 2648 2856 illius
2677 2801 2918 2858 hostibus
2944 2802 3134 2857 festum
3165 2805 3448 2860 celebras?
3469 2807 3532 2861 Et
3559 2821 3664 2877 quo

2097 2889 2307 2944 tandem
2357 2891 2534 2944 animo
2584 2891 2764 2959 prodis
2815 2893 2866 2946 in
2914 2892 3253 2949 Ecclesiam?
3299 2895 3491 2950 Verum
3550 2896 3662 2950 hmc

2095 2979 2294 3035 dixisse
2322 2979 2547 3035 sufﬁciat
2573 2981 2638 3034 ad
2671 2981 2789 3036 illos
2828 2983 2916 3052 qui
2957 2983 3246 3052 pradicant
3289 2999 3348 3040 se
3387 2986 3660 3042 nobiscum

2095 3071 2310 3136 sentire,
2343 3086 2462 3125 cum
2490 3086 2576 3126 res
2605 3072 2816 3127 illorum
2863 3073 3151 3129 imitentur.
3179 3075 3312 3142 Quia
3354 3090 3480 3129 vero
3516 3083 3569 3130 et
3593 3075 3660 3130 ad

2096 3160 2215 3215 illos
2234 3160 2353 3215 volo
2381 3160 2607 3230 dirigere
2631 3175 2953 3224 sermonem,
2982 3163 3254 3218 concedite
3276 3163 3401 3217 mihi
3431 3173 3483 3218 ut
3509 3165 3661 3218 liceat

2093 3249 2386 3303 doctrinam
2418 3249 2555 3304 hanc
2579 3251 2737 3304 altius
2762 3258 3024 3318 repetere,
3053 3266 3158 3320 quo
3186 3253 3519 3320 perspicuum
3549 3251 3657 3316 fiat,

2092 3338 2305 3395 Iudaeos
2339 3354 2481 3395 nunc
2520 3339 2820 3408 jejunantes
2865 3339 3033 3409 legem
3083 3339 3366 3410 ignominia
3411 3342 3656 3407 allicere,

2095 3433 2291 3502 Deique
2333 3441 2596 3500 prtecepta
2641 3431 2974 3494 conculcare,
3013 3446 3226 3500 semper
3267 3447 3328 3485 ea
3375 3433 3654 3497 facientes,

2093 3537 2210 3592 qua:
2237 3522 2377 3577 illius
2407 3521 2617 3592 placitis
2641 3521 3006 3575 adversantur.
3034 3521 3242 3576 Etenim
3269 3537 3388 3575 cum
3424 3522 3542 3576 illos
3566 3538 3658 3574 vo—

2093 3613 2235 3668 lebat
2258 3613 2519 3681 jejunare,
2547 3621 2655 3665 tum
2686 3611 3130 3676 incrassahantur,
3159 3611 3615 3681 dilatabanlurque
3639 3634 3650 3669 :

2092 3718 2277 3757 rursus
2304 3703 2389 3757 ubi
2418 3718 2519 3755 non
2546 3702 2754 3756 volebat
2779 3716 2871 3755 eos
2897 3699 3136 3769 jejunare
3159 3744 3173 3766 ,
3201 3703 3297 3770 ipsi
3323 3702 3653 3770 jejunabant.

2091 3793 2222 3847 Cum
2250 3793 2407 3846 vellet
2437 3792 2552 3845 illos
2577 3792 2818 3844 victimas
2845 3789 3064 3852 offerre,
3108 3790 3174 3844 ad
3217 3790 3494 3846 simulacra
3536 3806 3658 3860 pro.

2094 3884 2346 3954 parabant
2373 3901 2386 3936 :
2415 3898 2535 3937 cum
2564 3883 2726 3935 vellet
2771 3882 2886 3936 illos
2928 3882 3196 3938 celebrare
3240 3881 3428 3936 festum
3475 3883 3652 3947 diem,

2092 3991 2198 4030 non
2229 3974 2498 4029 celebrare
2522 3973 2798 4027 curabant.
2828 3971 2896 4026 Et
2933 3971 3053 4026 ideo
3093 3971 3391 4040 Stephanus
3428 3971 3563 4026 dixit
3591 3973 3653 4026 ad

2087 4057 2232 4123 illos,
2249 4057 2348 4111 Vos
2361 4057 2980 4126 semperSpirituisancto
3001 4053 3248 4106 resistitis
3266 4050 3582 4121 (Act.7.5i).
3603 4049 3656 4105 In

2085 4149 2210 4213 hoc,
2234 4149 2428 4220 inquit,
2456 4148 2629 4202 solum
2675 4145 3023 4207 ineubuistis,
3053 4153 3112 4198 ut
3154 4155 3495 4213 quaecunque
3514 4140 3658 4197 Deus

2085 4241 2430 4312 praeceperit,
2461 4239 2528 4293 iis
2550 4237 2826 4294 contraria
2860 4236 3095 4302 faciatis,
3119 4234 3584 4305 quemadmodum
3606 4241 3658 4287 et

2085 4348 2230 4386 nunc
2257 4332 2484 4384 faciunt.
2507 4329 2663 4384 Unde
2685 4327 2737 4382 id
2765 4329 2972 4398 liquet?
2997 4327 3267 4381 Nimirum
3291 4342 3354 4381 ex
3375 4326 3492 4396 ipsa
3517 4327 3654 4397 lege.

2082 4421 2359 4491 Siquidem
2377 4421 2428 4474 in
2448 4419 2581 4490 ipsis
2602 4419 2766 4473 etiam
2784 4417 2937 4473 festis
2953 4407 3197 4472 Judaiéis
3215 4432 3322 4471 non
3343 4425 3558 4486 tempus
3571 4431 3659 4472 so-

2084 4509 2218 4570 lum,
2231 4526 2417 4565 verum
2433 4517 2486 4563 et
2508 4510 2684 4562 locum
2701 4509 2981 4562 observari
3002 4508 3168 4576 jussit
3188 4508 3304 4576 ipsa
3327 4508 3433 4562 les.
3455 4506 3588 4560 Nam
3604 4514 3657 4561 et

2084 4603 2151 4658 de.
2176 4602 2444 4657 Paschate
2479 4602 2624 4670 quod
2657 4612 2773 4655 erat
2800 4600 2942 4668 apud
2968 4601 3116 4669 ipsos
3146 4600 3449 4664 disserens,
3477 4599 3550 4652 ita
3580 4598 3659 4650 lo-

2081 4694 2269 4764 quitur
2291 4711 2303 4746 :
2326 4692 2447 4746 Non
2467 4693 2682 4762 potestis
2697 4691 2959 4745 cetebrare
2977 4689 3247 4746 Pascliain
3263 4691 3374 4744 ulla
3389 4691 3657 4744 civitatum

2083 4802 2288 4848 earum,
2307 4803 2438 4856 quas
2457 4785 2710 4838 Dominus
2728 4784 2870 4838 Deus
2897 4784 2991 4837 dat
3014 4783 3155 4837 vobis
3178 4783 3362 4851 (Deut.
3393 4785 3478 4839 16.
3501 4783 3554 4835 5.
3580 4783 3654 4845 6).

2093 4877 2199 4932 Sed
2217 4867 2377 4929 .sieut
2400 4858 2605 4927 decimo
2632 4881 2821 4940 quarto
2848 4869 2936 4925 die
2961 4868 3115 4938 primi
3140 4868 3337 4922 mensis
3359 4907 3374 4932 ,
3405 4867 3476 4921 ita
3503 4866 3656 4921 Jeru-

2095 4964 2315 5037 solymis
2350 4964 2502 5032 jubet
2545 4961 2671 5016 illud
2700 4961 2877 5029 peragi
2900 5001 2914 5020 .
2944 4959 3189 5014 similiter
3213 4957 3371 5012 etiam
3403 4955 3656 5040 Penteco-

2095 5068 2210 5113 sten
2241 5064 2296 5110 et
2320 5055 2418 5109 loci
2439 5062 2493 5106 et
2517 5052 2769 5120 temporis
2807 5049 3174 5104 observatione
3202 5045 3461 5101 conclusit
3491 5063 3505 5099 :
3536 5043 3655 5098 dum

2095 5158 2215 5219 post
2237 5155 2438 5215 septem
2469 5141 2826 5198 hebdomadas
2855 5141 3008 5209 jubet
3037 5138 3138 5192 hoc
3161 5137 3353 5191 festum
3382 5133 3656 5191 celebrari.

2094 5250 2149 5294 et
2174 5252 2384 5293 rursum
2415 5251 2534 5290 cum
2559 5233 2704 5290 addit
2729 5249 2741 5287 :
2775 5231 2842 5285 In
2877 5233 2986 5284 loco
3009 5247 3153 5299 quem
3186 5229 3386 5300 elegerit
3417 5225 3662 5279 Dominus

2097 5331 2234 5385 Deus
2261 5339 2375 5383 tuus
2401 5328 2420 5396 (
2445 5327 2595 5381 Deut.
2624 5325 2710 5380 12.
2741 5325 2799 5378 H
2831 5323 2870 5392 ).
2905 5321 2991 5376 Sic
3027 5328 3082 5375 et
3097 5317 3295 5376 festum
3319 5314 3659 5384 Scenopegize

2099 5420 2346 5476 instituit.
2375 5417 2478 5474 Sed
2501 5415 2842 5484 dispiciamus
2866 5453 2880 5476 ,
2911 5420 3083 5465 utrum
3121 5407 3331 5462 tandem
3365 5405 3551 5459 horum
3578 5411 3657 5455 cst

2099 5515 2266 5583 magis
2293 5509 2674 5572 necessarium,
2703 5506 2855 5560 locus
2892 5518 2960 5557 an
3004 5511 3233 5569 tempus.
3260 5497 3327 5556 Et
3352 5497 3396 5551 si
3427 5510 3531 5548 non
3559 5493 3660 5546 sint

2103 5606 2214 5658 haec
2241 5605 2378 5658 inter
2403 5617 2461 5656 se
2489 5599 2652 5670 paria,
2685 5605 2860 5651 utrum
2888 5589 3276 5649 observandum
3302 5595 3383 5643 est
3418 5596 3622 5659 tempus
3640 5617 3656 5646 ,
