4084 6186
294 251 400 308 875

290 367 392 420 οὑκ
412 366 592 425 αἰτίαν
614 370 721 442 χρὴ
751 369 934 442 ζητεῖν
961 371 1140 444 μόνον,
1161 373 1299 429 ἀλλὰ
1316 375 1409 431 καὶ
1438 378 1602 435 τόπον
1624 382 1716 436 καὶ
1744 399 1866 438 και-

291 450 407 522 ρόν.
437 450 656 505 Μᾶλλον
674 451 732 505 δὲ
758 455 888 526 πρὶν
919 454 953 525 ἦ
976 456 1112 527 πρὸς
1145 458 1431 525 Ἰουδαίους
1459 463 1869 532 ἀπστείνασθαι,

286 535 404 615 τοῖς
431 534 724 605 ἡμετέροις
755 536 924 609 ἡδέως
953 538 1307 613 διαλεξόμεθα
1327 554 1353 584 ι
1395 544 1604 615 μέλεσι,
1642 550 1756 612 τοῖς
1779 548 1863 602 δο-

285 614 446 669 κοῦσι
479 616 579 687 μὲν
607 618 725 688 μεθ’
754 620 913 691 ἡμῶν
941 622 1201 693 τετάχθαι
1229 663 1244 684 .
1300 614 1663 697 θεραπεύουσι
1705 630 1763 682 δέ
1800 630 1870 684 τὰ

286 699 537 765 lxx-:le,
562 703 662 784 καὶ
694 701 786 759 τὸν
816 704 999 774 ἀγῶνα
1028 705 1246 761 ἅπαντα
1273 709 1414 780 ὑπὲρ
1455 711 1634 765 αὑτῶν
1665 713 1870 784 ἀνῃρη-

287 784 496 856 μένοις,
519 782 613 848 οῦς
634 785 729 842 καὶ
749 784 995 850 πλείονος
1017 789 1158 844 κατὰ
1179 790 1337 845 τοῦτο
1359 782 1869 866 κατακρίσεως-τῶν

297 868 570 929 Ἰουδαίων
597 870 854 927 ἁπάντων
883 870 1256 952 ἀξίουςιδντας
1282 876 1412 946 ὁρῶ.
1451 876 1561 931 Kal
1585 877 1744 933 τοῦτο
1769 879 1869 952 οὐχ

281 954 334 1006 οῖ
361 952 516 1022 σοφοὶ
543 952 637 1007 καὶ
666 953 880 1007 συνετοὶ
907 938 1090 1025 μόνονξ
1120 938 1256 1012 ἀλλά
1286 938 1382 1013 καὶ
1425 963 1473 1013 οἱ
1503 961 1752 1015 ὁπωσοῦν
1780 938 1870 1016 λόῘ

281 1054 384 1110 γου
434 1037 529 1090 καὶ
578 1036 817 1101 διανοίας
879 1038 1199 1109 μετέχοντες
1259 1042 1749 1115 συνομολογήσαιεν
1801 1044 1867 1100 ἂν

280 1121 443 1191 ἡμῖν.
469 1120 542 1173 Οὑ
579 1119 688 1191 γάρ
722 1120 880 1191 χρεία
905 1124 1258 1191 σοφισμάτων
1292 1126 1385 1178 καὶ
1405 1127 1755 1198 κατασκευῆς
1773 1129 1868 1182 καὶ

284 1204 517 1276 μακρῶν
548 1205 815 1275 περιόδων
848 1205 989 1259 ὥστε
1023 1207 1302 1273 ἀποδεῖξαι
1345 1209 1522 1276 τοῦτο,
1558 1211 1673 1264 ἀλλ’
1707 1213 1870 1282 ἀρκεῖ

279 1288 449 1359 ψιλήν
473 1305 597 1342 τινα
628 1288 898 1360 ἐρώτησιν
919 1291 1177 1363 ἐρόμενον
1214 1292 1352 1345 ἐλεῖν
1383 1294 1583 1365 αὐτοὺς
1626 1294 1735 1348 ἀπὸ
1766 1294 1867 1365 τῆς

280 1370 651 1444 ἀποκρίσεως.
705 1372 771 1425 Τί
809 1367 935 1440 οῦνς
963 1372 1194 1429 ἕκαστον
1226 1374 1333 1428 τῶν
1360 1374 1521 1430 τοῦτο
1536 1357 1867 1431 ’νοσούντων

280 1458 574 1529 ἐρήσομαι,
601 1456 926 1528 Χριστιανὸς
957 1452 1042 1522 εἷς
1082 1456 1229 1521 τίνος
1261 1453 1355 1512 οὖν
1388 1459 1574 1513 ἕνεκεν
1622 1460 1690 1514 τὰ
1737 1461 1867 1516 Ἰου-

279 1540 450 1595 δαίων
484 1540 701 1612 ζηλοῖςς
750 1539 911 1594 Ἀλλά
947 1540 1198 1605 Ἰουδαῖος
1232 1536 1321 1608 εἷς
1358 1542 1517 1607 τίνος,
1537 1537 1630 1596 οῦν
1678 1543 1865 1599 ἕνεκεν

280 1624 522 1694 ἐνοχλεῖς
563 1625 629 1694 τῇ
677 1623 1007 1695 Ἐκκλησίᾳς
1063 1623 1121 1677 '0
1168 1624 1386 1696 Πέρσης
1422 1624 1483 1678 οὑ
1519 1625 1587 1679 τὰ
1637 1627 1865 1699 Περσῶν

280 1710 507 1777 φρονεῖς
538 1709 568 1761 6
608 1706 884 1779 βάρϐαρος
937 1707 999 1762 ού
1051 1707 1121 1765 τὰ
1155 1707 1447 1781 βαρϐάρων
1479 1709 1663 1781 ζηλοῖς
1708 1713 1736 1764 6
1766 1710 1864 1783 τὴν

293 1791 583 1862 Ῥωμαίων
616 1792 799 1863 χώραν
824 1790 990 1846 οίκῶν
1011 1791 1072 1844 οὺ
1097 1792 1196 1864 τὴν
1225 1793 1502 1865 ἡμετέραν
1525 1795 1733 1866 μέτεισι
1761 1812 1864 1849 πο-

279 1873 529 1940 λιτείανς
562 1873 661 1928 Ἀν
699 1872 812 1945 ἁλῷ
859 1891 966 1938 τις,
1009 1875 1131 1928 εἰπέ
1161 1893 1272 1945 μοι,
1299 1876 1411 1930 τῶν
1441 1878 1571 1948 παρ’
1606 1878 1738 1947 ἡμῖν
1782 1880 1865 1931 οἰο-

280 1956 524 2015 κούντων
545 1957 614 2013 τὰ
637 1958 861 2013 ἐκείνων
893 1957 1129 2027 φρονῶν,
1159 1959 1258 2019 οὑκ
1279 1958 1483 2023 εὐθέως
1514 1960 1684 2038 χωρὶς
1703 1959 1863 2031 λόγου

279 2043 380 2098 καὶ
427 2041 725 2106 ἐξετάσεως
771 2040 1079 2107 κολάζεται,
1130 2040 1231 2096 κᾶν
1262 2042 1433 2113 μυρία
1478 2042 1864 2112 ἀπολογεῖσθαι

279 2126 420 2199 ἔχῃς
452 2126 517 2181 ἂν
541 2127 680 2197 φανῇ
704 2142 789 2188 τις
817 2126 947 2198 παρ’
976 2126 1206 2190 ἐκείνοις
1242 2128 1354 2189 τοῖς
1402 2125 1688 2196 Ῥωμαίων
1715 2126 1875 2201 χρῴὲ

282 2227 447 2287 μενος
473 2211 679 2279 νόμοις,
704 2209 766 2262 οὑ
795 2208 952 2263 τοῦτο
973 2209 1104 2265 αὑτὸ
1125 2210 1370 2263 πείσεται
1393 2209 1591 2276 πάλινς
1622 2210 1749 2276 Πῶς
1768 2208 1864 2265 οῦν

280 2297 351 2355 σὺ
382 2294 522 2366 πρὸς
553 2293 650 2364 τὴν
679 2291 996 2364 παράνομον
1021 2292 1238 2363 ἐκείνην
1277 2291 1673 2364 μεθιστάμενος
1710 2293 1865 2349 πολι-

275 2379 434 2437 τείαν
470 2379 639 2443 ἀξιοῖς
673 2375 976 2443 σώζεσθαις
1005 2377 1097 2447 Μὴ
1121 2377 1231 2449 γὰρ
1255 2376 1432 2445 ὀλίγον
1463 2377 1580 2438 ἐστὶ
1600 2377 1662 2430 τὸ
1696 2377 1861 2447 μέσον

275 2461 443 2533 ἡμῶν
493 2461 588 2516 καὶ
631 2460 937 2526 Ἰουδαίωνς
994 2459 1068 2533 μὴ
1118 2459 1227 2531 γὰρ
1260 2459 1401 2530 ὑπὲρ
1428 2457 1538 2514 τῶν
1589 2459 1861 2531 τυχόντων

278 2547 432 2603 ἐστὶν
460 2547 496 2618 ἡ
537 2544 970 2616 ἀμφισϐήτησις,
1029 2544 1117 2599 ἵνα
1145 2542 1203 2602 ἓν
1243 2544 1338 2598 καὶ
1375 2542 1438 2598 τὸ
1469 2543 1603 2598 αὑτὸ
1631 2544 1862 2618 νομίσῃς

273 2628 455 2697 εἶναις
490 2631 555 2684 Τί
583 2628 832 2701 μιγνύεις
861 2630 890 2677 b
916 2627 986 2686 τὰ
1006 2628 1213 2699 ἄμικτα
1232 2644 1247 2694 ;
1269 2627 1621 2700 ἐσταύρωσαν
1663 2630 1860 2689 ἐκεῖνοι

274 2717 375 2777 τὸν
406 2715 661 2788 Χριστὸν,
696 2714 755 2768 δν
787 2713 858 2788 σὺ.
881 2713 1227 2785 προσκυνεῖς.
1276 2712 1440 2784 Ὁρᾷς
1470 2712 1636 2766 πόσον
1677 2712 1739 2767 τὸ
1765 2714 1862 2785 μέ-

278 2816 415 2864 σονς
448 2782 575 2859 Πῶς
598 2794 691 2851 οὖν
719 2782 865 2867 πρὸξ
882 2782 1124 2861 ἐκείνους
1153 2782 1367 2866 τρέχεις
1390 2795 1516 2859 τοὺς
1547 2782 1856 2860 ἀνελόντας.

275 2886 310 2943 6
348 2884 674 2954 προσκυνεῖν
704 2876 880 2949 λέγων
903 2878 993 2931 τὸν
1017 2877 1465 2949 ἐσταυρωμένονς
1491 2878 1583 2951 Μὴ
1612 2879 1723 2957 γάρ
1748 2879 1862 2948 ἐγὼ

275 2966 472 3021 τοῦτον
498 2964 705 3035 είσάγω
732 2962 843 3019 τῶν
870 2961 1233 3034 ἐγκλημάτων
1252 2960 1344 3015 τὸν
1367 2961 1529 3033 νόμον
1556 2963 1651 3016 καὶ
1676 2963 1738 3016 τὸ
1760 2963 1861 3034 τῆς

277 3047 622 3120 κατηγορίας
653 3041 829 3110 είδοςς
855 3044 977 3121 οὑχὶ
1004 3045 1097 3102 καὶ
1119 3045 1154 3116 ἡ
1176 3044 1368 3116 Γραφὴ
1392 3044 1567 3116 τούτῳ
1595 3045 1859 3117 κέχρηται

278 3132 423 3205 πρὸς
446 3131 642 3200 αὐτοὺς
663 3127 741 3201 τῷ
760 3128 947 3200 τρόπῳ
968 3145 983 3195 ς
1017 3128 1288 3188 Ἄκουσον
1309 3127 1365 3183 τί
1387 3143 1551 3199 φησιν
1593 3128 1860 3205 Ἱερεμίας

277 3215 423 3286 πρὸς
450 3215 646 3277 αὑτοὺς
696 3210 971 3275 ἐκείνους·
1023 3209 1327 3266 Ἀπέλθετε
1361 3212 1451 3280 εις
1493 3209 1719 3280 Κηδὰρ,
1758 3211 1858 3267 καί

280 3299 474 3353 ἴδετε·
503 3297 906 3353 ἀποστείλατε
936 3296 1020 3361 εἰς
1052 3296 1159 3360 τὰς
1209 3291 1447 3360 νήσους
1484 3294 1735 3363 Χετιεὶμ,
1758 3293 1859 3348 καί

278 3380 549 3453 γνῶτεςεί
579 3381 789 3451 γέγονε
841 3379 1104 3435 τοιαῦτα.
1157 3379 1295 3435 Ποῖα
1335 3376 1544 3442 ταῦτας
1579 3377 1645 3430 El
1672 3376 1861 3432 ἀλλά-

282 3466 492 3531 εονται
517 3464 665 3532 ἔθνη
679 3462 854 3531 θεοὺς
870 3460 1089 3525 αὐτῶν,
1120 3461 1218 3516 καί
1233 3461 1404 3522 αὐτοὶ
1427 3463 1539 3515 οὐκ
1565 3461 1683 3515 εισὶ
1696 3461 1821 3515 θεοί
1840 3479 1857 3495 ·

278 3548 453 3618 ὑμεῖς
474 3547 543 3601 δὲ
567 3546 921 3614 ἡλλάξαονθε
952 3544 1070 3613 τὴν
1088 3544 1279 3610 δόξαν
1317 3543 1514 3613 ὑμῶν,
1541 3543 1612 3609 ἐξ
1641 3538 1719 3614 ἧς
1748 3545 1860 3598 οὐκ

278 3631 771 3703 ὠςεεληθήσεσθε.
814 3629 929 3682 οὑκ
965 3623 1121 3681 εἶπεν
1139 3643 1154 3658 ·
1215 3625 1547 3692 Ἦλλάξασθε
1597 3626 1691 3680 τὸν
1730 3625 1863 3679 Θεὸν

280 3715 462 3788 ὑμῶν,
488 3715 644 3781 ἀλλὰ,
663 3714 778 3789 τὴν
794 3710 984 3778 δόξαν
1016 3721 1065 3763 ε.
1092 3712 1159 3765 Ὃ
1179 3711 1235 3768 δὲ
1259 3710 1406 3779 λέγει
1431 3708 1669 3763 τοιοῦτόν
1691 3709 1859 3765 ἐστίν·

294 3800 546 3864 Ἐκεῖνοι,
576 3796 761 3868 φησιν,
793 3795 988 3849 εἴδωλα
1015 3791 1466 3864 προσκυνοῦντες.
1483 3793 1578 3847 καὶ
1604 3792 1864 3863 δαίμονας

281 3881 700 3953 θεραπεύοντες,
731 3877 984 3934 τοσοῦτον
1013 3879 1145 3949 περ)⁵
1168 3879 1269 3948 τὴν
1285 3876 1498 3949 πλάνην
1524 3876 1707 3949 ἔχουσι
1734 3893 1861 3931 συν-

282 3966 448 4029 ειδὸς,
476 3965 555 4028 ὡς
590 3963 725 4033 μηδὲ
757 3960 971 4016 ἑλέσθαι
1001 3960 1325 4015 καταλιπεῖν
1350 3960 1555 4018 ἐκεῖνα.
1597 3960 1692 4013 xal
1724 3958 1865 4031 πρὸς

277 4051 384 4120 τὴν
412 4047 670 4118 ἀλήθειαν
698 4043 1064 4115 αὐτομολῆσαι
1086 4059 1100 4073 ’
1132 4044 1293 4113 ὑμεῖς
1319 4042 1376 4096 δὲ
1403 4042 1496 4097 τὸν
1522 4041 1699 4113 άληθῆ
1730 4041 1862 4096 Θεὸν

277 4128 750 4205 προσκυνοῦντες,
813 4125 965 4199 [620]
1002 4126 1231 4195 ἀφέντες
1253 4126 1354 4197 τὴν
1394 4124 1652 4197 πατρῴαν
1705 4124 1861 4178 εὐσέ-

278 4215 476 4279 ϐειαν,
517 4212 656 4282 πρὸς
702 4209 772 4263 τὰ
812 4209 1070 4278 ἀλλότρια
1113 4209 1523 4279 ηὐτομλήσατε
1542 4225 1556 4240 ·
1615 4208 1709 4265 καὶ
1741 4207 1861 4262 οὐδὲ

277 4299 421 4370 ὅσην
448 4296 664 4366 ἔχουσιν
686 4294 883 4347 ἐκεῖνοι
905 4291 1034 4361 περὶ
1061 4290 1160 4361 τὴν
1191 4290 1400 4361 πλάνην
1430 4291 1633 4361 ταύτην
1679 4290 1861 4347 συνεί.-

276 4380 460 4452 δησιν,
486 4374 756 4446 τοσαύτην
789 4374 918 4444 περὶ
949 4371 1046 4443 τὴν
1093 4372 1350 4442 ἀλήθειαν
1383 4373 1539 4441 ὑμεῖς
1579 4372 1863 4437 ἐπεδείξα-

282 4467 404 4524 σθε,
428 4461 527 4515 Διά
554 4457 714 4513 τοῦτό
746 4471 910 4533 φησιν
928 4472 941 4486 ·
977 4457 1048 4508 Et
1064 4453 1275 4524 γέγονε
1308 4454 1572 4519 τοιαῦτα,
1600 4454 1656 4507 εί
1673 4454 1861 4511 ἀλλὼ

281 4548 494 4613 ξονται
518 4544 662 4611 ἔθνη
685 4541 863 4607 θεοὺς
886 4537 1105 4604 αὐτῶν,
1133 4538 1228 4592 καὶ
1248 4537 1419 4592 αὐτοὶ
1446 4540 1558 4593 οὐκ
1573 4538 1695 4592 εισι
1716 4540 1859 4596 θεοί·

280 4629 455 4700 ὑμεῖς
473 4627 543 4682 δὲ
560 4624 916 4697 ἠλλάξασθε
953 4623 1067 4690 τὴν
1109 4621 1300 4687 δόξαν
1330 4616 1516 4690 ὑμῶν,
1550 4621 1619 4685 ἐξ
1643 4616 1720 4691 ἧς
1750 4622 1862 4675 οὐκ

278 4711 771 4785 ὠφεληθήσεσθε.
823 4709 938 4764 υὺκ
976 4702 1151 4771 εἷπεν,
1216 4704 1546 4770 Ἦλλάξασθε
1579 4706 1672 4759 τὸν
1729 4706 1864 4761 Θεὸν

280 4795 475 4870 ὑμῶν·
507 4797 536 4849 6
562 4794 695 4858 Θεὸς
725 4791 837 4864 γὰρ
868 4792 969 4845 οὑκ
998 4790 1364 4846 ἀλλάσσεται·
1393 4787 1530 4851 ἀλλ’,
1571 4788 1863 4859 Ἠλλάξα-

278 4883 394 4935 σθε
412 4876 528 4947 τὴν
547 4876 737 4943 δόξαν
764 4873 951 4940 ὑμῶν.
981 4873 1073 4951 Μὴ
1096 4872 1207 4944 γὰρ
1232 4872 1353 4941 ἐμὲ,
1389 4873 1574 4942 φησιν,
1596 4872 1862 4943 ἠδικήσα-

277 4980 372 5019 τε·
408 4961 483 5035 μὴ
516 4960 626 5032 γὰρ
651 4959 775 5031 ἐμοὶ
801 4952 1017 5027 ἐγένετο
1051 4956 1223 5032 βλάϐη
1247 4972 1263 4988 ·
1294 4955 1452 5028 ὑμεῖς
1493 4958 1721 5022 ἑαυτοὺς
1745 4961 1863 5027 ἡτι-

283 5045 505 5117 μὼσατε
526 5059 542 5076 ·
566 5043 667 5114 τὴν
701 5042 839 5112 ἐμὴν
862 5041 963 5097 οὐκ
989 5039 1339 5109 ἠλαττώσατε
1370 5038 1551 5106 δόξαν,
1586 5038 1726 5101 ἀλλά
1762 5040 1864 5111 τὴν

280 5128 575 5198 ὑμετέραν.
604 5126 735 5183 δότε
763 5125 828 5196 δὴ
855 5125 1025 5195 κάμοὶ
1048 5122 1207 5179 τοῦτο
1232 5124 1329 5178 καὶ
1356 5124 1492 5196 πρὸς
1509 5125 1638 5188 τοὺς
1660 5125 1849 5199 ἡμετέο

282 5227 411 5282 ρους
439 5210 634 5272 εἰπεῖν,
653 5206 706 5260 εί
724 5224 789 5274 γε
816 5207 1122 5278 ἡμετέρους
1139 5206 1245 5278 χρὴ
1271 5207 1458 5260 καλεῖν
1479 5208 1607 5271 τοὺς
1623 5207 1690 5260 τὰ
1720 5207 1864 5260 ὲκεί-

279 5308 390 5346 νων
427 5291 777 5364 φρονοῦντας.
811 5290 1115 5363 Πορεύεσθε
1145 5293 1224 5355 είς
1249 5290 1348 5355 τάς
1398 5293 1742 5361 συναγωγὰς,
1770 5290 1863 5344 καὶ

277 5374 424 5428 ῑδετε
456 5376 506 5427 εί
534 5373 837 5444 ἠλλάξαντο
880 5373 1121 5427 Ἰουδαῖοι
1160 5373 1259 5444 τὴν
1290 5373 1544 5444 νηστείαν
1578 5374 1780 5439 αὑτῶν,
1811 5374 1863 5426 εί

342 5500 370 5530 ⁸
394 5498 477 5567 Sig
498 5500 693 5562 plurimi
716 5512 831 5549 mss.
858 5497 1027 5553 Monlf.
1054 5499 1389 5561 διαλεεώμεθα,
1409 5501 1540 5562 quod
1562 5502 1723 5552 minus
1740 5516 1864 5567 qua»

274 5565 404 5615 drat.
438 5563 571 5611 Enrr.

342 5624 375 5665 1ο
397 5624 600 5685 Septem
624 5635 738 5685 mss.
764 5623 880 5671 εἶναι
905 5622 985 5670 καὶ
1010 5621 1217 5685 μιγνύῃς.

346 5689 369 5716 ⁸⁵
392 5684 527 5743 Ηεὲε,
553 5685 641 5732 οὐκ
660 5684 804 5746 εἶπεν,
826 5685 1089 5741 ὴλλάξασθε
1107 5684 1187 5731 τὸν
1213 5684 1332 5733 Θεὸν
1352 5686 1504 5746 ὑμῶν,
1528 5687 1649 5736 ἀλλὰ
1669 5689 1753 5743 τήν
1776 5689 1856 5737 δά-

286 5750 384 5808 ξαν,
404 5749 587 5794 (ipsum
606 5747 654 5793 in
677 5745 894 5808 Savil.gt
917 5748 966 5794 in
991 5758 1105 5793 mss.
1128 5753 1338 5806 seplom,
1364 5745 1452 5795 sed
1472 5761 1579 5796 cum
1606 5751 1653 5797 in
1680 5749 1854 5798 Morel.

293 5806 347 5858 ei.
370 5808 483 5858 aliis
496 5807 718 5864 iaceam,
740 5812 791 5856 ei
814 5806 870 5856 ad
894 5819 1091 5855 sensum
1116 5809 1371 5867 quadram,
1396 5810 1575 5860 intacta
1617 5820 1862 5865 maneant.

1509 265 1545 320 Α
1558 264 1875 327 υνειιευε
1913 270 2224 333 ιυυιεοδ.
2262 279 2352 334 ιν.

3452 292 3559 358 87ϐ

1969 390 2031 447 τὸ
2067 392 2252 480 πάσχα
2266 392 2393 480 μεθ’
2416 394 2574 466 ἡμῶν
2601 397 2955 470 ἐνήστευσαν,
2987 400 3038 455 εί
3064 403 3271 476 ταύτην
3296 405 3395 478 τὴν
3420 409 3558 480 ἡμέο

1975 493 2074 546 ραν
2105 475 2236 530 ποτέ
2260 475 2485 546 ἔφαγον.
2523 480 2635 534 Καὶ
2666 480 2808 555 αῦτη
2847 485 2948 538 οὑκ
2979 483 3097 538 ἔστι
3135 475 3378 557 νηστεία,
3417 475 3553 546 ἀλλὰ

1900 554 1908 665 ι
1969 558 2289 665 ῖτθιρεξίξμὶα
2316 562 2695 665 “Emptis
2721 554 3554 665 ειξληιξμέλξιαὶξλλῑδιιως

1968 639 2352 724 ούκῌὴλλαξαν.
2402 644 2593 715 Ὑμεῖς
2623 644 3017 719 δὲ’ἡλλάξασθε
3055 651 3158 721 τὴν
3188 650 3346 718 δόξαν
3374 639 3551 724 ὑμῶν,

1969 717 2127 808 ἐξῇ-ς
2151 724 2250 779 οὐκ
2281 725 2720 800 ὠφεληθήσεσθε,
2746 732 2840 786 καὶ
2867 717 3004 804 πρὸς
3028 717 3352 789 τειέκείνων
3387 717 3550 808 τίετο-

1972 803 2267 875 μολήσατε.
2305 809 2442 862 Πότε
2471 810 2532 865 τὸ
2569 813 2756 884 πάσχα
2784 803 3115 886 ἐνήστευσαν
3154 816 3383 883 ἐκεῖνοις
3411 803 3553 871 ⁷πότε

1931 954 1935 960 _
1972 887 2267 959 μαρτύρων
2291 890 2411 960 μεθ’
2435 894 2593 965 ἡμῶν
2622 895 2817 967 ἑορτὴν
2837 898 3201 964 ἐπετέλεσανς
3238 899 3370 953 πότε
3411 900 3557 954 κατὰ

1967 969 2068 1040 τὴν
2094 970 2206 1024 τῶν
2255 973 2586 1044 Ἑπιφανίων
2618 978 2830 1051 ἡμέραν
2864 982 2994 1051 ἡμῖν
3024 981 3428 1052 ἐκοινώνησανς
3470 983 3557 1036 Ἐ-

1969 1053 2136 1136 κεῖνοι
2165 1054 2301 1126 πρὸς
2314 1058 2415 1128 τὴν
2439 1056 2698 1129 ἀλήθειαν
2725 1061 2786 1114 οὐ
2809 1062 3087 1133 τρέχουσι,
3112 1065 3208 1118 καὶ
3234 1065 3394 1133 ὑμεῖς
3415 1064 3553 1136 πρὸς

1967 1131 2067 1204 τὴν
2105 1139 2451 1210 παρανομίαν
2482 1140 2735 1210 τρέχετε·
2761 1131 3104 1215 παρανομίαν
3132 1145 3188 1198 δέ
3220 1131 3384 1215 λέγω,
3403 1131 3553 1201 ἐπει-

1968 1216 2033 1287 δὴ
2073 1220 2224 1290 παρὰ
2250 1221 2342 1276 τὸν
2363 1225 2711 1295 προσήκοντα
2743 1225 2915 1281 ταῦτα
2943 1228 3153 1295 γίνεται
3204 1229 3414 1303 καιρόν.
3444 1225 3554 1282 ἿΙν

1970 1318 2100 1356 ποτε
2133 1304 2343 1375 καιρὸς,
2386 1307 2474 1360 ὅτε
2512 1304 2686 1362 ταῦτα
2732 1309 3098 1378 φυλάττεσθαι
3132 1312 3260 1371 ἔδει,
3291 1311 3428 1365 ἀλλά
3456 1311 3552 1364 νῦν

1968 1385 2067 1478 οῦκ
2096 1385 2233 1441 ἐστι.
2260 1388 2360 1442 Διὰ
2384 1388 2543 1447 τοῦτο
2571 1391 2790 1455 τὸποτέ
2828 1393 3053 1463 ἔννομον
3086 1394 3404 1466 παράνομόν
3436 1395 3552 1451 ἐστι

1968 1485 2085 1524 νυν.

2008 1533 2256 1606 ’δ’ῖρΔότε
2292 1571 2382 1625 μοι
2411 1554 2472 1608 τὸ
2497 1556 2592 1610 τοῦ
2638 1556 2795 1613 Ἦλία
2831 1558 2965 1631 πρὸς
2995 1559 3192 1623 αὑτοὺς
3213 1558 3407 1613 εἰπεῖν.
3441 1559 3553 1612 Kal

1967 1632 2077 1705 γὰρ
2092 1636 2296 1699 ἐκεῖνος
2312 1637 2454 1708 ὁρῶν
2474 1639 2602 1703 τοὺς
2632 1640 2918 1704 Ἰουδαίους
2934 1641 3287 1707 ἀσεϐοῦντας,
3305 1643 3400 1695 καὶ
3420 1640 3551 1697 ποτὲ

1971 1716 2070 1787 μὲν
2094 1716 2172 1788 τῷ
2213 1718 2333 1790 Θεῷ
2373 1720 2760 1794 προσέχοντας,
2802 1725 2935 1778 ποτέ
2963 1725 3021 1779 δέ
3048 1724 3120 1778 τὰ
3146 1724 3342 1780 εἴδωλα
3393 1724 3555 1791 θεραο

1969 1798 2255 1866 πεύοντας,
2286 1801 2429 1858 οὕτω
2458 1820 2571 1868 πως
2602 1806 2767 1876 φησίν
2788 1823 2802 1837 ·
2839 1807 2995 1874 Ἕως
3044 1808 3189 1862 πότε
3225 1808 3553 1878 χωλανεῖτε

1965 1883 2059 1937 ἐπ’
2105 1885 2466 1955 ἀμφοτέραις
2509 1888 2640 1955 ταῖς
2680 1891 2945 1958 ὶγνύαιςς
2988 1893 3075 1946 Et
3101 1890 3235 1945 ἔστι
3263 1890 3480 1959 Κύριος
3517 1893 3553 1945 ὀ

1968 1966 2113 2032 Θεὸς
2139 1966 2310 2037 ἡμῶν
2329 1972 2461 2038 μεθ’
2478 1968 2645 2040 ὑμῶν
2671 1969 2722 2036 ά,
2749 1971 2922 2027 δεῦτε
2941 1973 3037 2027 καὶ
3066 1974 3395 2041 πορεύεσθε
3423 1973 3553 2026 ὀπί·-

1965 2065 2054 2103 σω
2082 2050 2302 2104 αὐτοῦ·
2339 2053 2393 2106 ει
2429 2052 2498 2105 δὲ
2530 2056 2564 2107 ὁ
2602 2055 2791 2118 Βαὰλ,
2831 2055 3163 2127 πορεύεσθε
3204 2055 3401 2109 ὀπίσω
3444 2056 3552 2110 αὐ-

1965 2133 2092 2187 τοῦ.
2115 2132 2289 2187 Τοῦτο
2317 2135 2410 2188 καὶ
2460 2134 2572 2204 ἐγὼ
2612 2135 2708 2190 νῦν
2740 2136 2884 2207 λέγω
2916 2137 3053 2209 πρὸς
3085 2137 3283 2203 αὐτούς
3302 2154 3317 2168 ·
3367 2138 3429 2190 El
3459 2136 3552 2191 τὸν

1977 2217 2312 2289 Ἰουδαῖσμὸν
2351 2218 2604 2290 νομίζετε
2646 2219 2907 2291 ἀλήθειαν
2963 2217 3125 2286 εἶναι,
3184 2220 3327 2284 τίνος
3363 2219 3552 2273 ἕνεκεν

1963 2298 2230 2369 ἐνοχλεῖτε
2253 2301 2319 2371 τῇ
2365 2300 2699 2374 Ἐκκλησίας
2724 2303 2773 2356 εί
2810 2303 2870 2358 δὲ
2894 2305 2924 2358 6
2941 2305 2986 2357 Χ
2997 2303 3370 2374 ριστιανισμός
3401 2303 3551 2356 ἐστιν

1964 2380 2191 2453 ἀληθὴς,
2244 2382 2529 2454 ὡσπεροῦν
2578 2385 2674 2440 καὶ
2703 2385 2841 2452 ἐστι,
2882 2386 3097 2458 μένετε,
3126 2387 3222 2439 καὶ
3249 2384 3550 2457 πορεύεσθε

1962 2463 2139 2519 ὀπίσω
2166 2463 2359 2521 αὑτοῦ.
2393 2466 2514 2522 Τῶν
2560 2469 2877 2540 μυστηρίων
2909 2471 3209 2535 κοινωνεῖς,
3257 2469 3380 2523 είπέ
3436 2484 3549 2539 μοι,

1961 2547 2053 2617 τὸν
2081 2547 2317 2619 Χριστὸν
2343 2552 2670 2619 προσκυνεῖς
2701 2551 2777 2616 ὡς
2798 2552 3127 2624 Χριστιανὸς
3159 2563 3207 2618 ο,
3255 2552 3386 2623 παρ’
3412 2551 3551 2605 ἐκεί-

1963 2647 2056 2684 νου
2084 2630 2154 2684 τά
2180 2629 2361 2700 ἀγαθά
2383 2632 2593 2697 αἰτεῖς·
2633 2634 2728 2689 καὶ
2770 2633 2909 2705 μετά
2946 2634 3057 2687 τῶν
3108 2634 3322 2706 ἐχθρῶν
3356 2633 3550 2704 ἑορτά-

1963 2709 2077 2777 ζεις
2112 2713 2222 2768 τῶν
2252 2713 2464 2768 ἐκείνου
2486 2731 2500 2781 ς
2526 2714 2621 2769 καὶ
2653 2716 2782 2787 ποίᾳ
2807 2714 3006 2788 γνώμῃ
3030 2718 3112 2783 είς
3129 2716 3229 2788 τὴν
3252 2716 3548 2788 ἐκκλησίαν

1962 2795 2208 2867 ἀπαντᾷς
2229 2794 2448 2862 λοιπόνς
2478 2798 2624 2867 Πρὸς
2660 2797 2760 2869 μὲν
2789 2793 2883 2854 οὗν
2923 2801 3050 2864 τοὺς
3080 2799 3150 2854 τά
3180 2799 3427 2870 ἡμέτερα
3461 2798 3550 2852 λέ-

1962 2893 2159 2945 γοντας
2210 2880 2452 2950 φρονεῖν,
2510 2880 2608 2932 καὶ
2654 2880 2725 2934 τὰ
2753 2881 2976 2935 ἐκείνων
3015 2880 3336 2952 ζηλοῦντας,
3385 2881 3550 2952 ἀρκεῖ

1961 2952 2115 3023 οὗτος
2139 2959 2168 3012 6
2188 2959 2347 3029 λόγος
2383 2962 2546 3032 ἡμῖν·
2577 2963 2767 3035 ἐπειδὴ
2792 2963 2849 3017 δέ
2875 2963 2969 3017 καὶ
2995 2963 3131 3034 πρὸς
3155 2962 3396 3028 ἐκείνους
3411 2965 3551 3017 ἀπο-

1960 3041 2238 3097 τείνασθαι
2277 3042 2560 3114 βούλομαι,
2593 3045 2713 3098 δότε
2757 3063 2847 3117 μοι
2879 3045 3229 3117 μακροτέραν
3257 3060 3559 3119 προσενεγ-

1964 3128 2080 3180 κεῖν
2102 3126 2202 3200 τὴν
2229 3126 2579 3182 διδασκαλίαν
2611 3129 2708 3183 καὶ
2731 3129 2899 3196 δεῖξαι
2927 3129 3045 3193 πῶς
3090 3130 3181 3183 τὸν
3222 3129 3387 3199 νόμον
3420 3129 3545 3183 ἀτι-

1967 3209 2231 3280 μάζουσιν
2263 3211 2314 3264 οῖ
2359 3209 2602 3264 Ἰουδαῖοι
2639 3210 2994 3282 νηστεύοντες
3040 3211 3167 3276 νῦν,
3216 3211 3410 3266 καὶτὰ
3446 3211 3542 3265 τοῦ

1963 3292 2101 3348 Θεοῦ
2140 3292 2517 3348 καταπατοῦσι
2566 3295 2997 3366 προστάγματα,
3047 3293 3379 3358 ἀπεναντίας
3433 3296 3547 3359 τοῖς

1964 3375 2159 3448 ἐκείνῳ
2179 3376 2398 3432 δοκοῦσι
2426 3377 2606 3431 πάντα
2640 3377 2922 3443 ποιοῦντες
2945 3379 3051 3433 ἀεί.
3088 3379 3215 3431 Ὅτε
3244 3379 3375 3447 γοῦν
3394 3376 3547 3432 ἐϐού-

1963 3460 2086 3514 λετο
2126 3461 2321 3524 αὑτοὺς
2355 3459 2659 3531 νηστεύειν,
2696 3458 3040 3524 λιπαίνοντες
3085 3460 3447 3515 ἐπλατύνοντο
3484 3460 3504 3499 τ
3527 3466 3542 3483 ⁶

1962 3544 2053 3597 ὅτε
2080 3545 2137 3596 δέ
2171 3542 2417 3613 βούλεται
2457 3543 2656 3607 αὑτοὺς
2687 3542 2763 3616 μὴ
2789 3543 3104 3615 νηστεύειν,
3153 3542 3276 3596 τότε
3310 3541 3545 3612 φιλονει-

1965 3624 2121 3680 κοῦσι
2148 3624 2501 3699 νηστεύοντες
2519 3641 2533 3654 ·
2557 3626 2647 3679 ὅτε
2681 3624 2876 3695 ἡθελεν
2919 3625 3119 3688 αὑτοὺς
3149 3623 3341 3679 θυσίαν
3373 3640 3549 3695 προσ-

1964 3709 2139 3776 άγειν,
2174 3707 2310 3779 πρὸς
2335 3706 2404 3761 τά
2427 3707 2624 3761 εἴδωλα
2653 3707 2906 3780 ἔτρεχον·
2951 3708 3040 3761 ὅτε
3080 3707 3141 3761 οὑ
3177 3706 3424 3778 βούλεται
3447 3705 3548 3760 αὑ-

1962 3792 2092 3856 τοὺς
2131 3789 2324 3863 ἐορτάς
2353 3788 2643 3855 ἐπιτελεῖν,
2675 3790 3068 3855 σπουδάζουσιν
3118 3790 3420 3861 ἑορτάζειν.
3449 3788 3551 3842 Διά

1963 3874 2123 3928 τοῦτο
2154 3875 2183 3928 6
2208 3872 2477 3942 Στέφανος
2500 3872 2653 3941 ἔλεγε
2681 3872 2818 3943 πρὸς
2840 3872 3038 3939 αὑτούς
3071 3890 3085 3903 ·
3133 3872 3319 3943 Ὑμεῖς
3346 3870 3439 3927 ἀεὶ
3466 3869 3548 3936 τῷ

1964 3956 2266 4029 Πνεύματι
2298 3954 2380 4020 τῷ
2417 3954 2565 4026 ἁγίῳ
2592 3954 2997 4009 ἀντιπίπτετε.
3045 3957 3142 4010 Ἓν
3173 3955 3352 4029 τοῦτο,
3394 3951 3545 4029 [621]

1966 4028 2172 4109 φησ¹ιν,’
2194 4036 2566 4091 ἐσπουδάκατε
2604 4037 2784 4109 μόνον,
2840 4037 3058 4091 ἐναντία
3092 4038 3269 4089 ποιεῖν
3312 4027 3387 4090 ὧν
3422 4035 3489 4089 ἂν
3518 4027 3549 4091 δ

1965 4121 2098 4185 Θεὸς
2122 4119 2384 4192 ἐπιτάξη³
2413 4120 2666 4192 καθάπερ
2695 4116 2787 4175 οῦν
2827 4120 2922 4174 καὶ
2954 4119 3050 4174 νῦν
3093 4119 3326 4174 ποιοῦσι.
3375 4118 3550 4171 Πόθεν

1963 4204 2124 4258 τοῦτο
2142 4203 2335 4274 δῆλονς
2371 4204 2490 4255 Ἀπ’
2518 4201 2685 4256 αὐτοῦ
2711 4201 2807 4256 τοῦ
2840 4203 3029 4273 νόμου.
3064 4201 3175 4256 Kal
3192 4200 3300 4273 γὰρ
3323 4201 3416 4254 ἐπὶ
3438 4201 3548 4254 τῶν

1965 4287 2169 4360 ἑορτῶν
2208 4286 2319 4339 τῶν
2359 4286 2667 4340 Ἰουδαϊκῶν
2716 4287 2777 4340 οὑ
2831 4287 3023 4358 καιρὸν
3069 4284 3252 4355 μόνον,
3291 4282 3426 4338 ἀλλὰ
3451 4282 3548 4343 καὶ

1961 4373 2130 4426 τόπον
2159 4372 2501 4442 παρατηρεῖν
2532 4369 2819 4423 ἐκέλευσεν
2850 4370 2879 4422 6
2914 4370 3098 4440 νόμος.
3131 4369 3242 4422 Kal
3277 4368 3386 4439 γὰρ
3418 4368 3548 4442 περὶ

1963 4455 2058 4509 τοῦ
2093 4455 2279 4526 πάσχα
2316 4454 2511 4507 τούτου
2550 4452 2687 4525 πρὸς
2726 4454 2924 4517 αὐτοὺς
2953 4452 3352 4527 διαλεγόμενος,
3403 4451 3548 4515 οὕτω

1966 4539 2083 4603 πώς
2108 4555 2301 4612 φησιν·
2330 4539 2411 4593 Οὐ
2437 4536 2783 4602 δυνήσεσθε
2803 4536 2995 4593 ποιεῖν
3019 4538 3088 4591 τὸ
3116 4538 3327 4613 πάσχα
3355 4539 3424 4591 ἐν
3447 4539 3547 4593 οὺ·-

1964 4620 2137 4692 δεμιᾷ
2166 4621 2284 4676 τῶν
2311 4621 2546 4675 πόλεων
2577 4613 2665 4679 ὧν
2689 4621 2904 4693 Κύριος
2927 4622 2960 4675 ό
2990 4622 3136 4688 Θεός
3176 4636 3294 4676 σου
3334 4619 3548 4676 δίδωσι

1966 4721 2087 4760 σοι.
2131 4704 2273 4758 ’Δλλ’
2289 4703 2478 4777 ὥσπερ
2502 4704 2561 4759 ἐν
2582 4706 2648 4777 τῇ
2678 4704 3246 4776 τεσσαρεσκαιδεκάτῃ
3271 4703 3365 4757 τοῦ
3392 4701 3546 4776 πρών

1964 4805 2058 4842 του
2094 4788 2283 4863 μηνὸς,
2307 4785 2451 4843 οὕτω
2485 4786 2581 4847 καὶ
2608 4788 2665 4840 ἐν
2696 4788 2809 4851 τοῖς
2845 4786 3237 4858 Ἰεροσολύμοις
3282 4784 3413 4841 αὐτὸ
3450 4803 3546 4846 κε-

1964 4871 2113 4925 λεύει
2143 4873 2318 4925 ποιεῖν
2336 4886 2353 4904 ’
2388 4870 2482 4929 καὶ
2507 4868 2607 4941 τὴν
2635 4870 3006 4940 πεντηκοστὴν
3049 4869 3248 4940 ὁμοίως
3300 4869 3393 4924 καὶ
3421 4868 3549 4941 χρό-

1963 4972 2056 5007 νου
2096 4955 2192 5008 καὶ
2237 4953 2404 5007 τόπου
2449 4955 2830 5025 παρατηρήσει
2872 4953 3207 5012 συνέκλεισε,
3239 4950 3379 5023 μετὰ
3409 4951 3548 5014 ἑπτά

1964 5037 2266 5108 ἑϐδομάδας
2284 5036 2546 5100 κελεύσας
2567 5037 2737 5107 αὑτὴν
2756 5038 3044 5099 ἐπιτελεῖν,
3073 5035 3168 5088 καὶ
3192 5034 3355 5089 πάλιν
3378 5050 3548 5105 προσ-τ

1965 5119 2099 5183 θεῖς,
2134 5120 2216 5172 ὅτι
2275 5119 2373 5172 Ἐν
2414 5118 2493 5184 τῷ
2518 5120 2678 5183 τόπῳ
2720 5111 2767 5185 ᾧ
2806 5118 2884 5172 ἂν
2913 5116 3232 5185 ἐκλέξηται
3266 5116 3481 5183 Κύριος
3514 5117 3549 5171 ὁ

1965 5204 2110 5270 Θεός
2141 5215 2277 5258 σου.
2307 5202 2463 5258 Οῦτω
2496 5202 2712 5266 καὶτὰς
2741 5201 3133 5275 σκηνοπηγίας,
3182 5199 3321 5275 Ἀλλ’
3350 5199 3548 5269 ἴδωμεν

1963 5286 2290 5357 ἀμφοτέρων
2327 5286 2553 5352 τούτων,
2587 5284 2683 5339 τοῦ
2741 5267 2935 5355 καιροῦ
2980 5284 3076 5336 καὶ
3128 5267 3223 5337 τοῦ
3249 5282 3453 5345 τόπου,
3492 5281 3546 5345 τί

1964 5371 2094 5429 ποτέ
2122 5371 2270 5425 ἐστιν
2293 5369 2739 5440 ἀναγκαιότερον,
2761 5369 2889 5423 ὅταν
2913 5366 3199 5438 ἀμφότερα
3228 5365 3303 5438 μὴ
3320 5365 3421 5441 ἐξῇ
3440 5364 3546 5419 σῶε

2024 5563 2051 5604 ἆ
2071 5565 2276 5615 Plurimi
2298 5576 2414 5614 mss.
2460 5562 2579 5618 Θεὸς
2600 5562 2698 5622 μεθ’
2723 5561 2873 5622 ὑμῶν.
2898 5557 3093 5622 λίθεοι,
3114 5557 3285 5622 ίδῃζίι.
3313 5563 3364 5607 et
3390 5557 3475 5609 alii
3505 5564 3546 5610 εἰ

2024 5577 2051 5604 n
2074 5577 2275 5615 l’lul'iml
2298 5577 2414 5614 mss.
2436 5577 2579 5638 dum:
2595 5577 2697 5672 Eur
2723 5577 2873 5634 υμων.
2900 5577 3093 5619 ποι-ειη
3134 5577 3285 5609 nam.
3313 5577 3368 5633 ei
3390 5577 3475 5609 am
3505 5577 3542 5610 ει

1962 5629 2135 5701 ῖζύριος
2160 5628 2497 5701 ὸΘεὸςῄμων
2536 5640 2594 5687 με
2621 5624 2634 5649 ’
2656 5624 2806 5684 ὑμῶν.
2847 5623 2903 5672 in
2946 5621 3067 5671 edit.
3110 5615 3229 5673 LXX
3267 5624 3405 5683 ἡμων
3438 5625 3542 5683 μεθ’

1962 5687 2094 5751 ὑμῶν
2116 5702 2212 5751 gron
2235 5687 2460 5738 hahelm‘.

2043 5752 2062 5813 ξ
2088 5750 2220 5813 Haec,
2248 5752 2312 5804 ὡς
2336 5747 2630 5813 Χριστιανός,
2649 5745 2904 5813 desuniiu
2931 5743 3219 5813 quibusdam
3240 5758 3358 5793 mss.

2042 5809 2060 5850 ί
2107 5812 2311 5865 Plurimi
2335 5807 2446 5861 m'ss.
2476 5810 2787 5867 ἐλιπαίνοντο,
2820 5807 3149 5863 ἐπλατύνοντο.
