4084 6186
534 252 638 308 877

543 402 658 447 σαι,
674 385 903 457 πότερον
922 383 1017 439 τοῦ
1039 385 1206 440 τόπου
1229 386 1312 441 δεῖ
1334 386 1763 458 καταφρονῆσαι,
1793 387 1885 440 τὸν
1912 384 2107 456 καιρὸν

540 469 594 523 δὲ
619 469 870 539 φυλάξαι,
891 467 924 539 ἢ
950 468 1046 522 106
1063 469 1256 541 καιροῦ
1277 472 1811 540 καταφρονήσαντας,
1836 470 1925 524 16v
1944 469 2108 522 τόπον

538 554 796 624 τηρῆσαι.
833 554 898 606 Ὃ
929 553 987 607 δὲ
1016 552 1178 621 λέγω,
1212 552 1452 606 τοιοῦτόν
1486 556 1668 607 ἐστιν’
1717 551 1976 619 Ἐπὲταξε
2013 552 2108 606 καὶ

539 638 598 688 ἐν
635 635 714 706 τῷ
765 635 969 707 πρώτῳ
1001 636 1151 707 μηνὶ,
1196 638 1291 690 καὶ
1318 638 1376 690 ἐν
1412 637 1806 717 Ἰεροσολύμοις
1830 638 1892 691 16
1925 637 2187 717 116%

538 718 816 787 γίνεσθαι,
853 720 948 773 καὶ
985 720 1044 772 ἐν
1084 720 1262 790 καιρῷ
1299 720 1394 772 καὶ
1441 720 1502 773 ἐν
1547 714 2103 792 τόπῳδιωρισμένῳ.

547 800 906 870 Ὑποθώμεθα
939 801 1115 853 τοίνυν
1143 800 1236 854 δύο
1258 801 1411 862 τινὰς
1440 799 1579 856 εἶναι
1613 800 1898 864 ποιοῦντας
1919 803 1980 856 τὸ
2005 803 2111 856 πά-

538 900 663 953 σχα,
696 885 789 936 καὶ
811 885 839 936 6
869 883 970 953 μὲν
990 883 1376 954 παραϐαινέτω
1403 884 1495 938 16v
1513 886 1696 948 τόπον,
1723 885 1814 938 τὸν
1834 884 1891 937 δὲ
1917 885 2107 955 καιρὸν

446 972 454 989 ‘
535 966 771 1036 τηρείτω
790 980 804 993 ·
833 967 861 1018 ὀ
891 966 948 1018 δέ
994 967 1229 1037 τηρείτω
1266 969 1362 1038 μὲν
1394 969 1484 1021 τὸν
1509 969 1690 1033 τόπον,
1723 969 2107 1040 παραϐαινέτω

535 1047 590 1100 δὲ
621 1048 713 1100 τὸν
735 1049 926 1117 καιρόν
946 1065 960 1079 ·
991 1050 1083 1101 καὶ
1114 1049 1335 1102 ποιείτω
1367 1052 1396 1103 6
1436 1051 1534 1120 μὲν
1567 1050 1658 1104 16v
1686 1053 1875 1122 καιρὸν
1902 1051 2103 1121 τηρῶν,

534 1130 888 1200 παραϐαίνων
912 1131 969 1185 δὲ
994 1132 1084 1185 τὸν
1112 1132 1274 1186 τόπον
1300 1135 1357 1186 ἐν
1377 1132 1456 1203 τῷ
1477 1134 1676 1204 πρώτῳ
1712 1136 1861 1204 μηνὶ,
1887 1134 2107 1188 καὶτῶν

545 1210 935 1284 Ἱεροσολύμων
968 1214 1071 1280 ἔξω
1108 1233 1209 1268 που
1247 1217 1495 1287 μακράν·
1531 1219 1558 1271 6
1591 1216 1647 1270 δὲ
1675 1216 1765 1269 τὸν
1811 1217 1973 1271 τόπον
2008 1234 2106 1287 τη·-

536 1296 667 1366 ρῶν,
691 1296 1042 1366 παραϐαίνων
1068 1299 1126 1351 δὲ
1145 1299 1234 1353 16v
1259 1301 1467 1370 καιρὸν,
1503 1300 1724 1353 ποιείτω
1761 1300 1860 1371 μὲν
1897 1302 1954 1353 ἐν
2006 1301 2105 1353 Ἰε-

537 1379 857 1449 ροσολύμοις
883 1378 945 1433 16
975 1379 1182 1451 πάσχα,
1221 1382 1295 1452 μὴ
1326 1382 1403 1452 τῷ
1425 1386 1625 1454 πρώτῳ
1658 1383 1715 1435 δὲ
1761 1385 1924 1453 μηνὶ,
1972 1381 2109 1435 ἀλλὰ

535 1461 613 1531 τῷ
643 1462 875 1534 δευτέρῳ
898 1479 914 1494 ο
946 1458 1065 1517 εἶτα
1097 1464 1293 1535 ἴδωμεν
1320 1467 1402 1530 τίς
1431 1465 1540 1519 τῶν
1565 1466 1657 1519 δύο
1678 1468 1882 1518 τούτων
1906 1466 2052 1518 ἐστὶν
2079 1466 2108 1517 6

536 1543 953 1617 ἐγκαλούμενος,
976 1546 1060 1607 τίς
1079 1545 1135 1598 δὲ
1151 1547 1179 1598 6
1200 1546 1517 1617 εὐδοκιμῶν,
1541 1551 1569 1601 6
1592 1548 1843 1619 παραϐὰς
1867 1548 1958 1600 τὸν
1987 1565 2107 1601 και-

530 1622 654 1698 ρον,
688 1627 781 1679 καὶ
803 1630 862 1681 ἐν
883 1628 961 1699 τῷ
987 1629 1135 1700 τόπῳ
1164 1632 1413 1701 ποιήσας,
1440 1631 1473 1701 ἢ
1502 1635 1530 1685 6
1558 1630 1647 1685 τὸν
1689 1633 1854 1685 τόπον
1879 1631 2104 1685 καταλι-

535 1708 674 1771 πὼν,
700 1711 794 1764 καὶ
817 1711 909 1764 τὸν
931 1713 1121 1783 καιρὸν
1160 1713 1420 1783 φυλάξας.
1460 1717 1556 1767 Ἂν
1582 1717 1689 1786 γὰρ
1720 1719 1747 1769 6
1775 1716 1865 1769 16v
1915 1717 2105 1786 καιρὸν

537 1793 637 1863 μὲν
658 1795 912 1865 παραϐὰς
955 1797 1044 1849 ἵνα
1071 1796 1202 1849 είσω
1224 1798 1424 1870 ποιήσῃ
1457 1799 1556 1869 τῆς
1578 1800 1804 1863 πόλεως,
1838 1800 2107 1871 ἀποδοχῆς

533 1874 682 1938 ἄξιος
700 1875 776 1929 ὢν
804 1881 967 1950 φανῇ,
996 1882 1024 1932 6
1045 1878 1101 1933 δὲ
1124 1879 1213 1933 τὸν
1237 1880 1426 1950 καιρὸν
1469 1881 1567 1951 μὲν
1594 1881 1854 1951 φυλάξας,
1891 1883 2110 1935 καταλι-

537 1955 653 2009 πὼν
680 1957 737 2010 δέ
755 1959 846 2013 τὸν
881 1961 1059 2023 τόπον,
1098 1962 1460 2033 ἐγκλημάτων
1502 1965 1596 2018 καὶ
1635 1965 1968 2036 κατηγορίας
2000 1964 2108 2019 ῶσ-

535 2055 640 2107 περ
675 2039 969 2112 ἀσεϐήσας,
996 2043 1235 2115 εὔδηλον,
1267 2046 1348 2099 ὅτι
1375 2048 1470 2100 καὶ
1496 2039 1641 2100 οὗτοι
1677 2048 2104 2119 παρανομοῦσιν,

534 2122 592 2172 ἐν
620 2120 700 2190 τῷ
726 2123 875 2193 τόπῳ
902 2125 978 2196 μὴ
1015 2126 1310 2193 ποιοῦντες,
1352 2129 1457 2182 κᾶν
1498 2129 1757 2199 μυριάκις
1794 2130 1992 2198 λέγωσι
2018 2130 2107 2183 τὸν

535 2203 728 2274 καιρὸν
764 2208 971 2275 τηρεῖν.
1020 2207 1189 2261 Πόθεν
1239 2205 1332 2263 οὖν
1359 2209 1515 2263 τοῦτο
1561 2212 1712 2265 ἔσται
1746 2212 1942 2283 δῆλον;
1989 2214 2106 2265 Ἀπ’

535 2284 699 2368 c.6106
728 2287 823 2340 106
849 2289 1144 2353 Μωΰσέως.
1193 2292 1411 2364 Ἐπειδὴ
1458 2293 1567 2366 γὰρ
1598 2297 1859 2368 ἐποίησαν
1904 2296 2008 2362 ἔξω
2044 2296 2105 2350 16

510 2367 741 2449 Edaxa,
773 2371 1096 2441 προσῆλθον,
1127 2375 1280 2445 φησί,
1304 2377 1446 2440 τινὲς
1471 2377 1547 2448 τῷ
1575 2367 1803 2449 Μωῦσῇ,
1835 2379 2103 2447 λέγοντες

546 2447 744 2516 Ἡμεῖς
770 2451 1091 2521 ἀκάθαρτοιί
1114 2456 1302 2525 ἐσμεν
1319 2457 1417 2511 ἐπὶ
1448 2458 1620 2527 ψυχῇ
1647 2447 1990 2528 ἀνθρώπου·
2018 2461 2106 2529 μὴ

532 2531 959 2603 ὑστερήσωμεν
977 2539 1405 2607 προσενεγκεῖν
1417 2539 1485 2593 τὸ
1509 2541 1701 2609 δῶρον
1714 2544 1935 2610 Κυρίου
1958 2544 2109 2595 κατὰ

534 2618 741 2680 καιρὸν
775 2617 963 2671 αὐτοῦ
1008 2619 1080 2673 ἐν
1117 2622 1286 2689 μέσῳ
1324 2622 1469 2677 υἱῶν
1510 2624 1785 2692 Ἰσραήλ;
1835 2626 1943 2679 Καὶ
1978 2622 2109 2679 εἷπε

532 2698 685 2762 πρὸς
702 2699 924 2766 αὐτοὺς
954 2702 1245 2771 Μωῦσῆςο
1266 2703 1453 2772 Στῆτε
1478 2706 1685 2774 αὐτοῦ,
1720 2708 1818 2761 καί
1846 2709 2105 2762 ἀκούσο-

533 2795 638 2859 μαι
662 2780 719 2831 τί
745 2780 1068 2838 ἐντελεῖται
1100 2787 1313 2854 Κύριος
1327 2788 1461 2856 περὶ
1488 2787 1674 2858 ὑμῶν.
1697 2790 1808 2843 Καὶ
1838 2790 2108 2859 ἐλάλησε

534 2862 750 2928 Κύριος
782 2864 931 2932 πρὸς
950 2868 1232 2937 Μωϋσῆν.
1261 2869 1480 2940 λέγων’
1508 2870 1790 2939 Λάλησον
1813 2872 1937 2939 τοῖς
1957 2873 2111 2939 υἱοῖς

533 2943 795 3013 Ἰσραὴλ,
823 2947 1016 3017 λέγων
1039 2965 1054 2981 ·
1097 2952 1429 3020 Ἀνθρωπος
1453 2952 1520 3019 ὂς
1552 2954 1661 3007 ἐὰν
1690 2953 1933 3024 γένηται
1964 2956 2109 3010 ἀκά-

533 3030 749 3095 θαρτος
767 3029 864 3083 ἐπὶ
896 3030 1069 3101 ψυχῇ
1103 3033 1436 3101 ἀνθρώπου,
1464 3036 1502 3105 ἢ
1531 3037 1601 3089 ὲν
1642 3036 1759 3103 ὀδῷ
1808 3037 2027 3107 μακρᾷ,
2069 3038 2106 3107 ἢ

531 3108 601 3162 ἐν
624 3109 784 3180 ὑμῖν,
803 3112 874 3166 ἐν
898 3114 1027 3180 ταῖς
1048 3116 1281 3184 γενεαῖς
1308 3117 1495 3186 ὑμῶν,
1526 3121 1767 3187 ποιήσει
1798 3120 1866 3173 τὸ
1899 3121 2109 3190 πάσχα

506 3256 509 3261 ν
532 3191 604 3245 ἐν
629 3192 711 3259 τῷ
731 3195 880 3263 μηνὶ
913 3197 994 3262 τῷ
1023 3196 1298 3267 δευτέρῳ.
1332 3204 1397 3254 Ὃ
1408 3201 1466 3255 δὲ
1491 3202 1657 3272 λέγει,
1682 3203 1919 3257 τοιοῦτόν
1939 3206 2103 3258 ἐστιν’

537 3277 635 3364 Ὣς
655 3277 721 3331 ἂν
745 3275 802 3364 ᾖ,
834 3283 1017 3352 φησιν,
1041 3285 1099 3336 ἐν
1126 3285 1405 3358 ἀποδημία
1421 3288 1563 3342 κατὰ
1587 3290 1679 3342 τὸν
1699 3290 1915 3360 πρῶτον
1941 3293 2107 3364 μῆνα,

535 3360 613 3449 μὴ
640 3363 872 3449 ποιείτω
895 3365 994 3434 τῆς
1023 3365 1228 3429 πόλεως
1248 3367 1373 3432 ἔξω,
1405 3370 1518 3423 ἀλλ’
1536 3374 1594 3426 ἐν
1621 3372 1699 3443 τῷ
1727 3360 1965 3446 δευτέρῳ
1999 3360 2107 3446 μη-

534 3444 606 3508 νὶ,
639 3444 941 3519 ῖναφθάσῃ
968 3449 1048 3511 εἰς
1087 3449 1458 3522 Ἰεροσόλυμα,
1489 3456 1585 3507 καὶ
1612 3444 2108 3526 παραϐαινέτω-τδν

534 3530 744 3599 καιρὸν,
783 3532 870 3585 ἵνα
894 3533 969 3602 μὴ
994 3532 1093 3602 τῆς
1126 3534 1337 3599 πόλεως
1368 3538 1574 3609 ἐκπέσῃ
1594 3553 1610 3568 ·
1665 3541 1760 3594 ἀπ’
1804 3542 1969 3596 αὐτοῦ
2003 3545 2110 3597 δει-

474 3690 487 3695 ‘
535 3613 685 3674 κνὺς,
707 3613 790 3665 ὅτι
822 3615 855 3683 ή
888 3612 982 3697 τοῦ
1020 3616 1186 3668 τόπου
1224 3621 1604 3690 παρατήρησις
1648 3625 1748 3693 τῆς
1791 3626 1885 3678 τοῦ
1915 3627 2106 3697 καιροῦ

536 3694 972 3779 παρατηρήσεώς
1002 3697 1151 3751 ἐστιν
1185 3699 1604 3771 ἀναγκαιοτέρα.
1641 3704 1705 3756 Τί
1729 3706 1908 3761 τοίνυν
1935 3694 2107 3779 ἔχοιεν

537 3774 606 3828 ἀν
629 3778 803 3830 εἰπεῖν
823 3779 871 3831 οἱ
898 3780 995 3850 τῆς
1027 3780 1234 3845 πόλεως
1260 3781 1365 3848 ἔξω
1395 3783 1545 3858 [622]
1596 3787 1873 3855 ποιοῦντες
1899 3808 1913 3857 ;
1939 3774 2108 3847 "616v

535 3860 645 3932 γὰρ
677 3860 738 3946 16
762 3862 1187 3935 ἀναγκαιότερον
1216 3868 1556 3935 παραϐῶσιν,
1600 3871 1776 3944 οὐδέή
1807 3875 1865 3927 ἐν
1906 3874 1984 3946 τῷ
2017 3893 2106 3946 μι-

539 3945 783 4030 κροτέρῳ
831 3950 1212 4020 παρατήρησις
1253 3952 1391 4025 ὑπὲρ
1439 3955 1618 4008 αὐτῶν
1664 3945 2108 4030 ἀπολογήσασθαι

534 4027 778 4113 δύναται.
811 4033 975 4084 Ὠστε
999 4034 1102 4087 κᾶν
1132 4036 1390 4105 μυριάκις
1411 4038 1608 4094 δοκῶσι
1639 4041 1713 4112 μὴ
1753 4027 2108 4113 παραϐαίνειν

535 4110 628 4197 τὸν
661 4115 869 4186 καιρὸν,
912 4117 1148 4187 ἐσχάτην
1189 4123 1532 4192 παρανομίαν
1566 4110 1962 4197 παρανομοῦσι.
1998 4129 2109 4182 Καὶ

535 4195 695 4250 τοῦτο
724 4199 823 4252 οὐκ
857 4201 1105 4254 ἐντεῦθεν
1133 4203 1292 4274 δῆλον
1322 4206 1483 4275 μόνον
1503 4247 1517 4272 ,
1560 4195 1696 4262 ἀλλὰ
1731 4195 1825 4266 καὶ
1867 4212 1974 4266 ἀπὸ
2002 4214 2108 4268 τῶν

537 4281 852 4368 προφητῶν.
914 4284 1081 4368 Ὅταν
1127 4286 1237 4358 γὰρ
1266 4288 1560 4356 φαίνωνται
1594 4292 1812 4361 ἐκεῖνοι,
1853 4298 1991 4368 μήτε
2017 4297 2109 4350 θύ-

539 4379 751 4452 σαντες,
786 4367 921 4437 μήτε
950 4366 1094 4437 ᾠδὴν
1114 4370 1342 4441 ᾄσαντες
1365 4374 1457 4427 ἐπὶ
1492 4374 1596 4445 γῆς
1629 4366 1936 4451 ἀλλοτρίας,
1970 4383 2107 4452 μήτε

532 4448 789 4535 νηστείαν
841 4452 1095 4521 τοιαύτην
1123 4456 1247 4509 τινὰ
1287 4457 1697 4528 νηστεύσαντες,
1734 4448 1891 4517 ποίαν
1935 4448 2108 4535 ἔχοιεν

539 4531 605 4584 ἂν
636 4523 779 4585 οὗτοι
805 4535 1166 4606 συγγνώμην;
1191 4539 1381 4593 Καίτοι
1403 4557 1465 4609 γε
1489 4544 1682 4598 ἐκεῖνοι
1707 4523 2110 4617 προσδοκῶντες

538 4615 920 4703 ἀπολήψεσθαιῄ
954 4622 1054 4692 τήν
1101 4621 1358 4703 τοιαύτην
1407 4625 1583 4679 αὐτῶν
1634 4615 1926 4703 πολιτείαν,
1961 4633 2109 4703 ὅμως

537 4697 730 4787 ἔμενον
755 4699 832 4770 τῷ
864 4701 1014 4787 νόμῳ
1043 4702 1373 4787 πειθόμενοι,
1409 4708 1502 4760 καὶ
1526 4709 1592 4763 τά
1636 4710 1740 4787 1067
1767 4700 1932 4783 νόμου
1974 4697 2110 4787 πληέ-

540 4778 762 4869 ρρῦντες
784 4796 801 4810 ·
833 4783 990 4869 10610
1017 4783 1126 4855 γάρ
1224 4788 1384 4857 νόμος
1417 4788 1602 4859 ἔλεγεν
1628 4809 1643 4823 ο
1683 4778 1845 4847 οὗτοι⁷
1872 4796 1929 4848 δὲ
1975 4778 2111 4869 μηδὲ

537 4861 726 4916 ἐλπίδα
747 4864 868 4946 τινά
891 4864 1106 4934 ἔχοντες
1134 4868 1233 4939 τήν
1259 4872 1530 4943 προτέραν
1559 4874 1937 4946 ἀπολήψεσθαι
1959 4861 2111 4932 πολι-

534 4946 687 5030 τείαν
719 4945 845 5017 (ποῦ
871 4946 978 5018 γὰρ
1002 4947 1217 5018 ἔχουσιν
1254 4963 1282 4992 ι
1321 4954 1428 5007 ἀπὸ
1455 4955 1559 5008 τῶν
1613 4945 1912 5030 προφητῶν
1943 4962 2110 5030 δεῖξαι

535 5029 756 5101 τοῦτο;)
785 5031 919 5084 οὐδὲ.
936 5030 1110 5100 961m;
1153 5034 1435 5108 ἀνέχονται
1478 5029 1794 5111 ἡσυχάζειν.
1822 5046 2015 5100 Καίτοι
2036 5029 2111 5101 ίεί

537 5113 635 5198 καὶ
667 5113 1010 5186 προσεδόκων
1056 5116 1460 5188 ἀπολήψεσθαι,
1501 5123 1594 5174 καὶ
1635 5123 1779 5179 οὕτω
1829 5130 2112 5198 μιμεῖσθαι

536 5195 799 5282 εδει-τοὺς
828 5198 1011 5267 ἁγίους
1046 5201 1308 5268 ἐκείνους,
1338 5205 1432 5257 καὶ
1472 5206 1752 5277 νηστεύειν
1771 5249 1786 5277 ,
1818 5195 1953 5282 μηδέ
1985 5212 2112 5268 ἄλλο

535 5280 776 5335 τοιοῦτον
796 5285 991 5337 ποιεῖν.

611 5372 675 5419 ε’.
693 5366 814 5419 Ὅτι
831 5366 940 5439 γάρ
962 5366 1113 5423 οὐδὲν
1136 5367 1339 5424 τούτων
1360 5371 1623 5443 ἐποίησαν
1637 5374 1854 5443 ἐκεῖνοι,
1880 5378 2110 5436 ἄκουσον

601 5604 618 5626 ⁸
639 5604 745 5677 ‘Alii.
754 5610 1013 5677 110111111an
1116 5612 1204 5675 γὰρ
1225 5613 1432 5676 ἔχουσιν,
1454 5616 1583 5677 quod
1606 5616 1781 5665 eodem
1806 5619 1994 5667 recidil.
2030 5618 2045 5666 Ι
2053 5633 2109 5668 n-

533 5667 602 5718 fra
634 5666 787 5716 Savil.
808 5676 859 5718 et
882 5673 1080 5731 plurimi
1102 5666 1217 5723 ιὴεὲ.
1244 5666 1323 5723 καί
1345 5666 1739 5735 μήτεῖιηστεύειν.
1765 5681 1883 5742 μήτε
1903 5666 2038 5748 ἆὶλᾳ.

1226 273 1282 331 S.
1319 273 1603 331 JOANNIS
1643 268 2139 342 CHRYSOSIOMI
2172 271 2496 331 ARCHIEP.
2544 267 3097 332 CONSTANTINOP;

3679 271 3784 327 873

2215 386 2268 438 τί
2307 387 2444 457 πρὸς
2486 391 2610 454 τοὺς
2655 391 2971 462 ἐρωτῶντας
3006 389 3210 459 ἔλεγον.
3267 389 3484 463 Ἐπειδὴ
3516 387 3621 463 γὰρ
3661 394 3785 448 ἐπι⁴

2215 480 2393 524 κειντο
2415 471 2722 544 βιαζόμενοι
2745 477 2838 528 καὶ
2870 474 3272 543 ἀναγκάζοντες
3294 474 3494 539 αὐτοὺς
3521 476 3571 528 οἰ
3596 475 3794 546 βάρϐα-

2219 569 2297 622 ροι
2321 555 2618 626 κεχρῆσθαι
2640 560 2751 620 τοῖς
2766 556 3017 628 ὀργάνοις
3033 556 3234 628 αὐτῶν,
3257 557 3509 625 λέγοντες
3528 573 3542 586 '
3570 560 3794 628 ’ᾼσατε

2212 636 2357 705 ἡμῖν
2379 637 2493 706 τὴν
2532 639 2697 707 ᾠδὴν
2748 627 2988 709 κυρίου,
3041 627 3239 693 ἐκεῖνοι
3268 640 3359 692 τὸν
3389 640 3553 710 νόμον
3606 627 3796 714 σαφῶς

2213 720 2563 790 ἐπιστάμενοι
2591 722 2691 774 οὐκ
2718 722 3086 793 ἐπιτρέποντα
3105 721 3280 775 ταῦτα
3312 721 3417 787 ἔξω
3450 725 3645 786 ποιεῖν,
3676 724 3794 776 ἑλε-

2212 818 2308 870 γον
2325 820 2338 833 ⁸
2366 804 2497 869 Πῶς
2528 803 2759 873 ᾄσομεν
2794 804 2910 873 τὴν
2933 805 3098 872 ᾠδὴν
3112 806 3332 873 Κυρίου
3357 804 3455 858 ἐπὶ
3476 805 3590 874 γῆς
3608 806 3795 860 ἀλλο-

2211 886 2418 952 τρίας;
2449 888 2557 940 Καὶ
2581 888 2742 941 πάλιν
2767 890 2814 940 οἰ
2836 887 3025 950 παῖδες
3046 888 3096 941 οί
3118 890 3265 957 τρεῖς
3298 888 3355 940 ἐν
3381 887 3657 941 Βαϐυλῶνι
3678 888 3769 941 δια

2212 968 2486 1037 τρίϐοντες
2523 970 2708 1038 ἔλεγον
2732 987 2745 1000 ·
2774 972 2897 1024 Οὐκ
2944 969 3118 1024 ἐστιν
3150 970 3219 1023 ἐν
3267 969 3349 1036 τῷ
3384 970 3565 1038 καιρῷ
3604 972 3795 1037 τούτῳ

2212 1050 2411 1118 ἅρχων
2447 1052 2544 1105 καὶ
2593 1052 2929 1122 προφήτης,
2963 1052 3106 1107 οὐδὲ
3135 1054 3319 1119 τόπος
3343 1052 3451 1106 τοῦ
3482 1053 3795 1127 καρπῶσαι

2212 1132 2466 1186 ἐνώπιόν
2506 1148 2642 1201 σου,
2683 1137 2780 1189 καί
2811 1136 3010 1204 εὑρεῖν
3048 1137 3243 1202 ἕλεος.
3282 1136 3478 1189 Καίτοι
3510 1153 3572 1204 γε
3626 1136 3795 1200 πολὺς

2210 1208 2278 1283 ἦν
2318 1217 2432 1268 ἐκεῖ
2452 1217 2637 1280 τόπος,
2671 1218 2788 1271 ἀλλ’
2817 1219 3006 1289 ἐπειδὴ
3035 1220 3063 1272 6
3092 1218 3219 1281 ναὸς
3248 1219 3348 1271 οὐκ
3380 1214 3467 1288 ἦν.
3492 1218 3683 1288 ἔμενον
3717 1219 3793 1289 μὴ

2213 1296 2451 1361 θύοντες.
2479 1300 2589 1352 Καὶ
2625 1300 2760 1370 πρὸς
2793 1300 3011 1371 ἐτέρους
3053 1300 3110 1353 δὲ
3148 1300 3311 1353 πάλιν
3345 1302 3373 1352 6
3400 1299 3531 1363 Θεὸς
3558 1299 3647 1352 διά
3697 1299 3793 1353 106

2213 1380 2505 1449 Ζαχαρίου,
2556 1382 2652 1450 Μὴ
2697 1384 2992 1450 νηστείαν
3053 1374 3495 1450 νενηστεύκατέ
3529 1400 3631 1451 μοι
3686 1382 3794 1450 ἐτη

2212 1459 2618 1530 ἐϐδομήκοντα
2639 1480 2658 1527 ;
2683 1464 2751 1518 16
2783 1465 2881 1535 τῆς
2911 1466 3289 1535 αἰχμαλωσίας
3317 1465 3512 1533 λέγων.
3554 1463 3678 1527 [ῐῶς
3700 1461 3796 1517 οὖν

2215 1544 2279 1596 σὺ
2311 1543 2406 1597 νῦν
2439 1545 2739 1615 νηστεύεις,
2776 1548 2899 1601 εἰπέ
2929 1566 3040 1619 μοι,
3077 1548 3185 1601 τῶν
3218 1548 3497 1617 προγόνων
3527 1543 3634 1600 τῶν
3684 1547 3796 1600 σῶν

2212 1623 2337 1679 οὔτε
2375 1626 2672 1688 θυσάντων,
2709 1628 2833 1682 οὔτε
2870 1633 3306 1699 νηστευσάντων,
3334 1628 3459 1683 οὗτε
3494 1630 3794 1700 ἐορτασάν-

2211 1724 2356 1774 των;
2396 1709 2519 1762 Ὀτι
2564 1710 2672 1781 γὰρ
2723 1710 2850 1765 οὕτε
2881 1712 2943 1765 16
2974 1712 3157 1783 πάσχα
3211 1711 3521 1776 ἐπετέλουν,
3560 1710 3795 1782 μάλιστα

2216 1791 2313 1860 μὲν
2343 1791 2437 1844 καὶ
2489 1793 2554 1844 ἐκ
2591 1792 2797 1846 τούτων
2826 1794 3007 1865 δῆλον.
3046 1796 3221 1848 Ὅπου
3248 1795 3357 1865 γάρ
3384 1794 3543 1847 θυσία
3572 1795 3672 1847 οὐκ
3700 1789 3792 1864 ἦν,

2211 1874 2330 1926 οὐδὲ
2361 1875 2521 1946 ἑορτὴ
2558 1871 2645 1946 ἦν,
2669 1876 2858 1948 ἐπειδὴ
2884 1877 3063 1941 πάσας
3085 1877 3257 1941 οὕτως
3280 1876 3645 1930 ἐπιτελεῖσθαι
3661 1877 3789 1929 ἔδει.

2159 1964 2163 1969 ’
2214 1954 2333 2008 Ἵνα
2365 1956 2422 2008 δὲ
2454 1958 2549 2009 καὶ
2595 1957 2759 2011 αὐτοῦ
2791 1958 2887 2012 106
2939 1960 2965 1999 δ
3001 1961 3328 2030 πράγματος
3373 1959 3471 2029 τὴν
3518 1957 3794 2023 ἀπόδειξιν

2213 2039 2645 2110 παρασχώμεθα,
2673 2042 2904 2095 ἄκουσον
2931 2042 2981 2094 τί
3010 2060 3172 2112 φησιν
3202 2044 3231 2095 6
3263 2042 3463 2112 Δανιήλ
3481 2057 3496 2071 ο
3541 2041 3644 2095 Ἑν
3666 2040 3795 2107 ταῖς

2212 2121 2459 2190 ἡμέραις
2487 2123 2745 2190 ἐκείναις
2774 2125 2936 2194 ἥμην
2956 2125 3070 2195 ἐγὼ
3102 2126 3326 2193 Δανιὴλ
3355 2123 3609 2187 πενθῶν,
3636 2124 3794 2191 τρεῖς

2212 2204 2539 2273 ἑϐδομάδας
2562 2206 2743 2273 ἄρτον
2764 2206 3088 2277 ἐπιθυμιῶν
3107 2210 3217 2262 οὑκ
3242 2208 3488 2277 ἔφαγον,
3508 2206 3606 2259 καί
3629 2204 3796 2272 οἶνος

2213 2285 2312 2338 καὶ
2355 2286 2531 2353 κρέας
2575 2290 2685 2341 οὐκ
2723 2288 3009 2357 εἰσῆλθεν
3051 2292 3138 2356 εὶς
3163 2291 3229 2344 τὸ
3268 2292 3462 2358 στόμα
3494 2307 3649 2357 μου,
3692 2288 3794 2342 καί

2212 2369 2467 2437 ἄλειμμα
2490 2372 2601 2424 οὐκ
2637 2372 2983 2440 ἠλειψάμην
3016 2373 3086 2426 ἐν
3112 2373 3240 2437 ταῖς
3268 2371 3593 2441 ἑϐδομάσιν
3639 2372 3795 2425 ὲκεί-

2211 2468 2362 2517 ναις.
2396 2452 2508 2505 Καὶ
2538 2453 2774 2522 ἐγένετο
2789 2455 2859 2507 ἐν
2880 2454 2956 2523 τῇ
2986 2454 3235 2522 τετάρτῃ
3263 2455 3360 2508 καί
3382 2453 3571 2508 εἰκάδι
3604 2452 3797 2523 ἡμέρᾳ

2212 2534 2318 2588 τοῦ
2348 2534 2581 2604 πρώτου
2596 2536 2810 2605 μηνὸς,
2828 2533 2992 2590 εἶδον
3014 2536 3128 2605 τὴν
3146 2537 3379 2604 ὅρασιν.
3409 2535 3675 2589 Ἐνταῦθά
3701 2553 3794 2605 μοι

2216 2616 2354 2685 μετά
2384 2618 2668 2687 ἀκριϐείας
2711 2619 3040 2691 προσέχετεο
3071 2621 3180 2673 ἀπὸ
3214 2620 3321 2691 γάρ
3366 2620 3573 2675 τούτων
3608 2618 3791 2689 δῆλον,

2211 2697 2292 2750 ὃτι
2320 2698 2381 2750 16
2415 2702 2600 2769 πάσχα
2638 2702 2738 2754 οὐκ
2772 2702 3129 2755 ἐπετέλεσαν·
3175 2704 3270 2756 καὶ
3308 2703 3441 2766 πῶς,
3480 2702 3591 2771 ἐγὼ
3624 2701 3792 2769 λέγω.

2226 2780 2314 2833 Ἐν
2356 2784 2476 2844 ταῖς
2499 2783 2737 2853 ἡμέραις
2775 2783 2884 2836 τῶν
2919 2784 3144 2855 ἀζύμων
3191 2786 3474 2855 νηστεύειν
3518 2783 3796 2846 Ἰουδαίοις

2212 2865 2272 2917 οὐ
2307 2864 2497 2935 θέμις·
2541 2861 2696 2929 οὗτος
2724 2867 2780 2919 δὲ
2829 2867 3042 2939 ἡμέρας
3080 2868 3253 2921 εἴκοσι
3285 2869 3377 2921 καὶ
3408 2868 3537 2939 μίαν
3579 2867 3794 2931 οὐδενὸς

2211 2945 2348 3009 ὅλως
2379 2948 2702 3018 μετέλαϐεν.’
2731 2950 2841 3003 Καὶ
2882 2950 3044 3004 πόθεν
3073 2951 3249 3021 δῆλον,
3285 2951 3470 3022 φησὶν,
3512 2952 3596 3004 ὅτι
3624 2951 3682 3005 αἱ
3715 2952 3795 3005 εί-

2213 3045 2334 3082 κοσι
2361 3030 2561 3102 ἡμέραι
2585 3031 2678 3084 καὶ
2713 3033 2812 3102 μία
2846 3036 2990 3088 κατὰ
3011 3033 3112 3098 τὰς
3153 3035 3368 3108 ἡμέρας
3407 3034 3516 3088 τῶν
3565 3033 3805 3103 ἀζύμων.

2211 3108 2387 3185 ἦσαν;
2438 3114 2526 3180 Ἐξ
2555 3108 2629 3167 ὦν
2665 3113 2840 3180 εἶπεν,
2883 3118 2965 3170 ὅτι
3006 3117 3260 3188 τετάρτῃ
3302 3119 3405 3173 καὶ
3443 3117 3639 3173 εἰκάδι
3681 3117 3792 3172 τοῦ

2214 3197 2446 3265 πρώτου
2473 3200 2687 3268 μηνός.

2287 3418 2480 3472 Καίτοι
2516 3435 2581 3487 γε
2613 3418 2674 3473 τὸ
2705 3420 2891 3491 πάσχα
2920 3422 3001 3484 εἰς
3033 3420 3162 3492 μίαν
3196 3420 3290 3476 καὶ
3321 3420 3516 3476 εἰκάδα
3541 3420 3788 3493 τελευτᾷ.

2216 3502 2364 3575 [6‘25]
2408 3501 2730 3573 Ἀρξάμενοι
2767 3504 2876 3574 γάρ
2911 3503 3021 3556 ἀπὸ
3050 3504 3149 3574 τῆς
3191 3504 3791 3575 τεσσαρεσκαιδεκάτης

2212 3584 2306 3640 τοῦ
2337 3585 2554 3657 πρώτου
2588 3586 2777 3657 μηνὸς,
2811 3584 2928 3640 εἶτα
2980 3587 3193 3658 ἡμέρας
3243 3589 3386 3642 ἐπ’τά
3413 3588 3788 3658 ἐορτάσαντες,

2213 3670 2294 3733 εἰς
2317 3668 2415 3740 τὴν
2436 3669 2627 3723 εἰκάδα
2673 3669 2767 3722 καὶ
2811 3669 3036 3741 πρώτην
3082 3670 3421 3725 ἀπαντῶσιν.
3465 3670 3605 3723 Ἀλλ’
3643 3671 3789 3740 ὅμως

2214 3753 2311 3807 καὶ
2340 3752 2701 3825 παρελθόντος
2731 3752 2827 3805 τοῦ
2854 3753 3038 3823 πάσχα
3059 3753 3272 3824 ἔμεινεν
3297 3753 3460 3818 αὐτὸς
3488 3754 3786 3826 νηστεύων,

2227 3836 2559 3907 Ἀρξάμενος
2583 3836 2693 3906 γὰρ
2725 3836 2834 3889 ἀπὸ
2854 3840 2953 3907 τῆς
2982 3837 3170 3908 τρίτης
3199 3836 3413 3908 ἡμέρας
3452 3836 3544 3890 106
3570 3837 3789 3907 πρώτου

2217 3919 2402 3990 μηνὸς,
2445 3917 2565 3974 εἶτα
2601 3923 2774 3974 είκοσι
2806 3919 2902 3973 καὶ
2942 3919 3071 3989 μίαν
3100 3920 3421 3990 πληρώσας,
3453 3919 3553 3990 τὴν
3590 3936 3788 3972 τεσσα-

2216 4003 2642 4073 ρεσκαιδεκάτην
2665 4001 2962 4074 παρῇλθεν,
3004 4005 3100 4056 καὶ
3125 4005 3239 4074 μετ’
3273 4004 3488 4075 ἐκείνην
3525 4002 3669 4056 ἐπτά
3698 4003 3793 4056 καὶ

2212 4086 2363 4156 τρεῖς
2390 4086 2600 4155 ἡμέρας
2649 4085 2843 4154 ἐτέρας
2878 4099 2927 4139 υ.
2959 4085 3083 4149 Πῶς
3129 4082 3222 4139 οὖν
3271 4086 3373 4138 οὐκ
3398 4088 3613 4154 ἐναγεῖς
3644 4080 3794 4138 οὗτοι

2213 4167 2309 4221 καὶ
2344 4167 2552 4237 μιαροὶ,
2602 4167 2710 4220 τῶν
2758 4168 2928 4236 ἁγίων
2965 4168 3189 4221 ἐκείνων
3220 4168 3373 4221 οὐδὲν
3417 4169 3660 4223 τοιοῦτον
3684 4168 3791 4222 τῶν

2213 4250 2459 4321 νομίμων
2517 4249 2892 4319 φυλαττόντων
2931 4253 3024 4303 ἐπὶ
3052 4250 3155 4321 γῆς
3201 4250 3507 4325 ἀλλοτρίας,
3545 4254 3699 4306 αὐτοὶ
3723 4252 3793 4305 16

2213 4334 2431 4387 ἐναντία
2454 4333 2733 4399 ποιοῦντες
2753 4333 2890 4405 πρὸς
2905 4333 3235 4403 φιλονεικίαν
3264 4336 3358 4388 καὶ
3375 4335 3519 4406 ἕριν;
3550 4337 3662 4389 Καὶ
3683 4337 3790 4406 γάρ

2213 4419 2388 4490 εἰμὲν
2415 4420 2647 4491 ρᾴθυμοί
2678 4437 2823 4483 τινες
2855 4415 2997 4489 ἦσαν
3043 4420 3137 4473 καί¹
3180 4419 3494 4484 ἁνευλαϐεῖς
3529 4422 3580 4473 οἱ
3618 4420 3791 4473 ταῦτα

2213 4501 2464 4571 λέγοντες
2493 4504 2587 4556 καὶ
2615 4502 2915 4567 ποιοῦντες,
2958 4501 3087 4566 ἴσως
3115 4502 3180 4556 ἄν
3203 4519 3286 4566 τις
3314 4502 3586 4574 ῥᾳθυμίας
3612 4503 3792 4571 ἐνόμι-

2216 4601 2309 4639 σεν
2340 4580 2478 4639 εἶναι
2506 4584 2568 4638 16
2599 4585 2673 4655 μὴ
2717 4584 3004 4653 φυλάττειν
3025 4601 3040 4617 ’
3066 4585 3193 4638 εἰδὲ
3226 4585 3464 4652 φιλόθεοι
3496 4587 3591 4637 καὶ
3610 4592 3613 4595 ‘
3635 4580 3792 4638 εὐλα-

2215 4667 2352 4732 ϐεῖς,
2370 4666 2465 4720 καὶ
2495 4667 2594 4730 τὰς
2618 4666 2795 4736 ψυχὰς
2833 4668 2931 4730 τὰς
2972 4666 3183 4721 ἑαυτῶν
3223 4669 3363 4739 ὑπὲρ
3410 4668 3518 4721 τῶν
3565 4667 3644 4738 τῷ
3674 4668 3790 4738 Θεῷ

2216 4749 2514 4805 δοκούντων
2535 4750 2764 4813 ἔδωκαν,
2793 4749 3014 4820 εὔδηλον
3038 4751 3197 4805 ὅτιτὸ
3229 4750 3304 4822 μὴ
3329 4750 3563 4820 φυλάξαι
3589 4752 3681 4804 τὸν
3709 4752 3791 4805 νό-

2221 4851 2319 4903 μον
2346 4835 2408 4887 οὑ
2430 4833 2571 4888 κατὰ
2605 4833 2875 4904 ῥᾳθυμίαν
2908 4834 3146 4898 ἐποίουν,
3174 4835 3311 4888 ἀλλά
3332 4835 3483 4907 παρά
3517 4835 3578 4887 16
3602 4836 3793 4887 πεπεῖ-
3818 4836 3823 4845 ”

2218 4921 2342 4973 σθαι
2372 4921 2502 4989 παρ’
2554 4919 2718 4972 αὐτοῦ
2759 4918 2854 4971 106
2894 4919 3083 4988 νόμου,
3121 4919 3204 4972 ὃτι
3241 4919 3342 4983 τὰς
3375 4921 3791 4990 παρατηρήσεις

2215 5002 2420 5065 ταύτας
2440 5001 2655 5065 ἁπάσας
2683 5000 2789 5066 ἔξω
2813 5001 2921 5055 τῶν
2944 5000 2972 5040 ά
3010 5001 3273 5072 Ἱεροσολύ
3281 5020 3397 5072 μων
3422 5002 3711 5070 φυλάττειν
3730 5003 3789 5055 οὐ

2216 5089 2344 5159 χρή.
2372 5089 2483 5141 Καὶ
2506 5087 2692 5158 ἕτερον
2715 5086 2772 5140 δὲ
2792 5086 2900 5139 ἀπὸ
2926 5084 3118 5139 τούτου
3159 5086 3608 5157 συνωμολόγηται
3641 5086 3792 5156 μέγι-

2218 5187 2373 5226 στον·
2416 5172 2500 5223 ὅτι
2543 5168 2743 5222 θυσιῶν
2789 5169 3204 5239 παρατηρήσεις
3239 5169 3334 5221 καὶ
3387 5169 3675 5223 σαϐϐάτων
3700 5172 3791 5223 καὶ

2216 5252 2541 5324 νουμηνιῶν,
2578 5252 2672 5304 καὶ
2698 5250 2916 5305 πάντων
2943 5251 3049 5304 τῶν
3079 5250 3356 5317 τοιούτων,
3384 5251 3448 5303 ἐκ
3475 5248 3788 5321 περιουσίας

2215 5337 2417 5409 ἀπῄτει
2461 5337 2495 5405 ἠ
2539 5334 2662 5386 τότε
2690 5333 2936 5388 πολιτεία
2959 5349 2972 5363 '
3010 5333 3105 5388 καὶ
3145 5331 3270 5386 οὕτε
3318 5335 3631 5405 τηρούμενα
3660 5332 3792 5404 πρὸς

2275 5498 2305 5539 b
2329 5497 2465 5548 Unus
2494 5496 2600 5547 cod.
2624 5497 2705 5546 καὶ
2732 5496 2813 5545 ἀπ’
2836 5494 2982 5545 αὐτοῦ
3004 5493 3110 5544 106.

2279 5565 2301 5592 ο
2326 5561 2416 5609 Hic
2438 5566 2542 5608 tres
2584 5572 2700 5607 mss.
2737 5560 2952 5607 multum
3000 5558 3209 5616 variant,
3245 5556 3326 5605 καὶ
3365 5555 3451 5613 τήν
3488 5557 3590 5617 μετ’
3609 5555 3792 5611 ἐκείνην

2214 5626 2376 5685 ἔπειτα
2395 5624 2474 5671 καὶ
2492 5621 2612 5685 τρεῖς
2634 5622 2809 5685 ἐτέρας.
2920 5682 2931 5685 Α
3027 5682 3037 5685 Δ
3101 5680 3137 5685 __
3246 5680 3268 5685 _
3355 5680 3419 5685 Am
3477 5680 3505 5685 _
3571 5676 3581 5685 ,

2280 5684 2306 5723 ἀ
2334 5684 2471 5734 Unus
2495 5677 2566 5730 ὅτι
2599 5684 2680 5737 τὰς
2700 5677 2887 5736 ἁπάσας
2913 5682 3075 5744 ἑορτὰς
3099 5680 3186 5736 ἔξω
3210 5680 3321 5728 τῶν.
3349 5680 3451 5743 (Sic
3474 5677 3647 5740 Savil.)

3816 5758 3853 5813 \
