4084 6186
351 387 453 445 877

351 499 598 578 neglecto
638 509 884 563 locozan
929 500 1170 572 neglecto
1199 504 1475 563 tempore,
1517 487 1619 542 loci
1664 482 1802 538 ratio
1848 487 1932 532 te-

352 575 527 656 nenda
558 600 679 654 est?
704 596 857 667 Quod
881 595 1003 651 dico
1025 635 1042 659 ,
1081 590 1186 645 tale
1215 595 1335 642 est:
1365 579 1619 654 praecepit
1643 575 1934 634 Dominus,

355 704 414 747 ut
455 692 508 747 in
553 663 749 761 primo'
767 701 955 743 mense
982 692 1037 739 et
1062 676 1408 750 Jcrosolymis
1447 670 1809 727 celebraretur
1837 663 1935 715 Pa-

356 780 486 839 scha
521 753 821 838 :Ividelicet
866 788 1109 846 tempore
1157 771 1358 840 pariter
1397 772 1453 821 et
1493 762 1612 816 loco
1653 753 1935 846 pratrlinito.

354 876 629 933 Ponamus
658 872 815 942 igitur
837 867 974 924 duos
992 862 1269 935 quospiam
1297 870 1439 919 esse,
1483 850 1572 923 qui
1619 845 1821 903 Pascha
1847 858 1938 898 ce-

356 967 589 1028 lebrent,
620 975 850 1033 quorum
878 958 1016 1012 alter
1043 951 1421 1025 prawaricetur
1464 944 1641 997 locum
1667 980 1683 1004 ,
1734 946 1943 1003 tempus

356 1057 611 1110 observet
640 1071 654 1107 :
683 1066 868 1107 rursus
897 1051 1034 1104 alter
1061 1046 1309 1100 observet
1342 1036 1557 1110 quidem
1590 1034 1760 1086 locum
1785 1070 1799 1094 ,
1847 1025 1943 1080 sed

361 1142 787 1214 transgrediatur
814 1150 1053 1209 tempus;
1080 1146 1239 1206 atque
1270 1134 1314 1186 is
1343 1132 1431 1199 qui
1456 1139 1666 1195 tempus
1694 1121 1946 1175 observat

363 1236 606 1304 neglecm
636 1232 784 1296 loco,
822 1208 1060 1284 celebret
1083 1224 1284 1280 Pascha
1317 1221 1370 1274 in
1403 1218 1573 1288 primo
1602 1226 1785 1268 mense
1804 1250 1819 1272 ,
1850 1208 1944 1263 sed

360 1326 558 1381 alicubi
587 1323 769 1394 procul
794 1320 1125 1390 Jerosolyma
1154 1334 1169 1370 :
1199 1317 1243 1369 is
1268 1326 1396 1368 vero
1431 1309 1519 1379 qui
1561 1307 1734 1360 locum
1760 1303 1948 1356 obser-

368 1426 459 1471 vat
506 1392 748 1485 neglecto
776 1422 1047 1481 tempore,
1080 1405 1277 1469 Pascha
1304 1400 1542 1458 celebret
1566 1392 1946 1464 .lcrosolymis,

368 1523 476 1560 non
507 1514 682 1559 tamen
714 1480 1113 1572 primomense,
1141 1495 1236 1550 sed
1264 1489 1518 1547 secundo.
1551 1484 1747 1540 Deinde
1775 1480 1953 1535 videa-

372 1612 490 1652 mus
519 1606 638 1651 uter
666 1594 853 1647 horum
882 1590 1106 1645 duorum
1133 1587 1202 1641 sit
1230 1587 1281 1638 in
1312 1581 1554 1642 crimine,
1584 1585 1701 1631 uter
1724 1573 1955 1643 proban-

370 1690 510 1742 dus:
543 1688 657 1741 isne
698 1683 789 1755 qui
831 1681 1073 1751 neglecto
1111 1685 1350 1744 tempore
1396 1670 1567 1724 locum
1598 1664 1859 1727 servavit,
1887 1675 1954 1713 an

372 1782 462 1853 qui
503 1781 621 1834 loco
660 1753 900 1846 neglecto
930 1783 1137 1841 tempus
1171 1764 1422 1824 servavit.
1463 1759 1675 1816 Etenim
1714 1756 1759 1811 si
1790 1756 1835 1808 is
1866 1753 1954 1822 qui

376 1847 585 1942 tempus
605 1868 858 1940 neglexit,
885 1874 944 1920 ut
967 1865 1101 1917 intra
1124 1860 1389 1916 civitatem
1418 1851 1616 1909 Pascha
1644 1847 1955 1908 celebraret,

379 1962 586 2017 videtur
627 1955 999 2028 approbandus
1030 1971 1044 2007 :
1071 1958 1253 2006 contra
1278 1988 1295 2012 ,
1337 1945 1425 2017 qui
1463 1949 1675 1998 servato
1721 1948 1961 2004 tempore

380 2055 555 2109 locum
584 2049 840 2120 neglexit,
866 2045 1134 2101 vocandus
1160 2051 1242 2097 est
1269 2040 1323 2093 in
1349 2038 1571 2100 crimen,
1598 2041 1651 2087 et
1678 2027 1961 2098 impietatis

384 2160 508 2198 reus
535 2139 864 2212 peragendus
896 2156 909 2191 :
938 2135 1186 2190 nimirum
1230 2131 1421 2199 liquet,
1450 2122 1592 2197 quod
1623 2121 1706 2176 isti
1749 2130 1964 2189 quoque

384 2210 555 2306 legem
581 2233 801 2294 violant,
833 2230 949 2283 loco
979 2242 1084 2281 non
1115 2238 1212 2277 suo
1240 2221 1495 2276 facientes
1514 2259 1528 2281 ,
1564 2212 1705 2285 quod
1732 2210 1961 2272 faciunt,

385 2326 593 2383 etiamsi
623 2322 799 2378 decies
829 2320 1020 2373 millies
1049 2314 1340 2386 pra‘dicent
1380 2325 1439 2364 se
1485 2319 1698 2362 servare
1737 2312 1962 2368 tempus.

388 2418 541 2473 Unde
580 2416 738 2485 igitur
782 2414 883 2466 hoc
921 2408 1075 2464 nobis
1107 2404 1446 2477 perspicuum
1473 2398 1592 2454 cst?
1615 2394 1875 2485 Videlicet
1902 2389 1969 2485 ab

388 2510 507 2578 ipso
545 2479 709 2560 Mose.
748 2500 1019 2572 Siquidem
1046 2511 1166 2552 cum
1195 2492 1410 2562 quidam
1440 2495 1619 2544 essent
1655 2479 1971 2539 celebraturi

390 2572 614 2660 Pascha,
639 2593 887 2649 adierunt
911 2588 1115 2654 Mosen,
1146 2584 1384 2640 dicentes
1412 2595 1426 2632 :
1457 2577 1570 2632 Nos
1595 2572 1779 2644 impuri
1798 2584 1972 2625 sumus

389 2703 545 2757 super
582 2684 798 2739 hominis
839 2681 1012 2736 anima
1036 2695 1057 2732 :
1083 2692 1206 2731 num
1246 2673 1526 2727 omittemus
1571 2665 1754 2734 offerre
1794 2676 1977 2715 munus

393 2750 613 2835 Domino
641 2778 795 2848 juxta
822 2783 1017 2845 tempus
1042 2785 1189 2824 suum
1206 2808 1220 2832 ,
1246 2766 1301 2819 in
1323 2762 1488 2817 medio
1522 2759 1746 2829 ﬁliorum
1776 2750 1978 2807 Israel?

394 2846 673 2940 Respondit
696 2865 800 2920 illis
830 2864 999 2918 Moses
1019 2856 1192 2916 :State
1234 2858 1348 2921 hic,
1381 2858 1437 2908 et
1455 2851 1659 2905 audiam
1685 2846 1806 2940 quid
1843 2859 1979 2940 pra:-

395 2934 631 3029 ceplurus
654 2958 717 3011 sit
742 2954 992 3011 Dominus
1019 2952 1081 3004 de
1107 2948 1265 3025 vobis.
1292 2944 1356 2999 Et
1384 2942 1615 3029 loquutus
1641 2946 1712 2992 est
1734 2934 1980 2989 Dominus

399 3012 537 3104 ΜΖ)δὶ
564 3048 763 3101 dicens:
786 3043 955 3098 Homo
972 3019 1265 3113 quicumque
1288 3036 1437 3108 fuerit
1474 3012 1604 3086 inter:
1638 3044 1723 3083 vos
1750 3029 1980 3106 impurus

399 3156 551 3212 super
577 3138 793 3192 hominis
816 3134 1008 3197 anima,
1035 3140 1124 3185 aut
1153 3130 1206 3182 in
1234 3130 1384 3197 longo
1412 3124 1607 3186 itinere,
1634 3128 1722 3172 aut
1745 3118 1798 3175 in
1822 3115 1980 3184 vobis,

400 3210 880 3303 inigenerationibus
911 3224 1085 3278 vestris
1105 3262 1121 3287 ,
1161 3219 1309 3294 faciet
1337 3213 1540 3273 Pascha
1565 3229 1732 3268 mense
1767 3210 1984 3266 secundo

404 3322 592 3393 (Num.
617 3317 871 3389 9.7-“).
893 3315 948 3371 ld
973 3324 1086 3371 est:
1112 3306 1587 3393 quisquis,_inquit,
1614 3305 1785 3374 primo
1805 3314 1988 3355 mense

405 3389 768 3482 deprehensus
789 3408 947 3463 fuerit
968 3406 1019 3459 in
1048 3389 1492 3475 peregrinatione,
1515 3411 1584 3452 ne
1612 3394 1766 3449 faciat
1785 3390 1987 3448 Pascha

406 3481 553 3558 extra
581 3502 866 3562 civitatem,
895 3495 989 3552 sed
1012 3507 1198 3549 mense
1225 3488 1480 3551 secundo,
1518 3494 1577 3541 ut
1613 3483 1796 3540 venire
1824 3481 1992 3551 possit

409 3592 797 3663 Jerosolymam
824 3603 888 3642 ac
913 3596 1122 3655 tempus
1149 3583 1379 3652 negligat
1415 3578 1589 3649 potius
1607 3617 1622 3643 ,
1649 3589 1807 3645 quam
1836 3572 1992 3626 faciat

408 3693 559 3740 extra
588 3682 853 3737 civitatem
894 3696 907 3733 :
940 3693 1007 3733 ex
1047 3677 1149 3733 hoc
1177 3674 1488 3737 declarans,
1524 3668 1666 3741 quod
1691 3666 1993 3723 observatio

408 3776 513 3831 loci
540 3774 793 3843 temporis
821 3768 1190 3827 observatione
1215 3764 1382 3834 magis
1401 3770 1483 3818 est
1511 3759 1826 3817 necessaria.
1856 3757 1993 3824 Quid

412 3870 570 3939 igitur
609 3866 695 3921 isti
739 3864 934 3919 habent
979 3859 1119 3932 quod
1162 3859 1375 3922 dicant,
1414 3854 1504 3924 qui
1543 3861 1691 3908 extra
1728 3850 1994 3905 civitatem

413 3956 772 4028 praescriptam
791 3954 987 4010 iaciunt
1004 3949 1243 4007 Pascha?
1260 3947 1388 4002 Nam
1410 3960 1528 4001 cum
1548 3941 1998 4012 transgrediantur
2026 3987 2030 3990 .

416 4049 467 4103 id
498 4047 640 4119 quod
666 4045 833 4116 magis
860 4051 943 4098 est
972 4040 1360 4103 necessarium,
1404 4035 1538 4090 nihil
1580 4034 1699 4088 illos
1738 4044 1997 4086 excusare

416 4146 593 4209 potest
633 4136 747 4204 ejus
786 4132 1119 4197 observatio,
1162 4128 1304 4200 quod
1343 4125 1561 4181 minoris
1595 4132 1678 4179 est
1720 4121 1995 4177 momenti.

418 4228 584 4297 Igitur
597 4224 803 4280 etiamsi
824 4223 1003 4277 decies
1024 4221 1212 4275 millies
1229 4218 1509 4272 videantur
1527 4229 1743 4270 servare
1766 4221 1996 4282 tempus,

421 4324 660 4371 extrema
691 4314 819 4382 legis
846 4309 1198 4379 transgressio
1223 4316 1305 4362 est
1331 4306 1470 4377 quod
1502 4305 1718 4359 faciunt.
1744 4305 1917 4372 Atque
1948 4300 1999 4356 id

424 4421 546 4462 esse
570 4418 776 4467 verum,
802 4417 906 4456 non
936 4399 1061 4453 hinc
1084 4400 1252 4466 liquet
1278 4406 1501 4459 tantum,
1532 4410 1721 4449 verum
1749 4396 1907 4448 etiam
1935 4407 1999 4447 ex

424 4494 719 4567 prophetis.
741 4490 872 4547 Cum
903 4489 1043 4543 enim
1083 4494 1292 4543 constet
1328 4485 1446 4539 illos
1484 4498 1769 4552 numquam
1799 4481 2002 4536 sacriﬁ-

425 4600 598 4651 casse,
623 4596 795 4652 ncque
821 4579 1085 4635 canticum
1114 4575 1371 4630 cecinisse
1391 4573 1443 4626 in
1472 4582 1611 4626 terra
1640 4571 1808 4625 aliena
1832 4570 2002 4641 (Psal.

428 4675 550 4730 l'56.
581 4675 616 4729 4
635 4670 675 4744 ),
707 4684 882 4741 neque
926 4663 1221 4722 istiusmodi
1249 4662 1506 4731 jejunium
1533 4661 1822 4731 jejunasse,
1850 4675 2005 4729 quam

426 4765 634 4819 veniam
662 4768 1032 4832 promerentur
1050 4754 1174 4809 isti?
1202 4754 1447 4807 Attamen
1470 4749 1541 4804 illi
1580 4749 1790 4820 quidem
1820 4762 2010 4819 exspe-

430 4862 637 4909 ctantes
661 4852 818 4905 talem
864 4838 984 4902 vitze
1028 4861 1141 4901 sua:
1178 4852 1370 4899 statum
1397 4858 1457 4897 se
1484 4852 1811 4912 recepturos,
1844 4841 2009 4896 nihilo

430 4945 606 4999 secius
633 4940 984 5013 persistebant
1013 4937 1063 4991 in
1090 4937 1239 5007 lege,
1273 4944 1517 5004 parentes
1544 4934 1638 4999 illi,
1678 4948 1900 5003 qumque
1924 4932 2007 4987 lex

434 5032 833 5106 praescribebat,
865 5029 1166 5099 implentcs.
1196 5026 1307 5080 [loc
1335 5025 1475 5080 enim
1506 5024 1591 5079 lex
1619 5025 1732 5093 ipsa
1770 5023 1875 5077 illis
1896 5021 2011 5078 fore

434 5124 768 5195 promiserat.
820 5120 909 5175 Isti
950 5132 1080 5173 vero
1123 5116 1236 5170 luce
1264 5114 1497 5179 facitmt,
1537 5129 1658 5168 cum
1689 5112 1885 5167 nullam
1913 5111 2011 5165 ha-

433 5216 594 5271 beant
621 5224 771 5281 spem
800 5196 932 5275 fore,
963 5217 1019 5261 ut
1048 5205 1326 5275 pristinum
1352 5204 1473 5257 vitae
1492 5211 1686 5257 statum
1714 5202 1971 5271 recipiant
1995 5219 2009 5256 :

434 5307 586 5373 cujus
600 5303 742 5359 enim
756 5301 807 5355 id
822 5298 1095 5371 prepheta:
1107 5296 1406 5351 testimonio
1422 5295 1583 5365 proba
1591 5294 1825 5348 bunt?‘Et
1838 5304 2012 5349 tamen

438 5414 505 5453 ne
547 5398 627 5452 sic
663 5394 873 5465 quidem
920 5399 1145 5461 possunt
1188 5389 1484 5458 quiescere.
1511 5385 1627 5441 Jam
1650 5428 1665 5452 ,
1696 5394 1753 5441 ut
1786 5387 2014 5443 maxime

438 5494 716 5558 sperarent
745 5500 804 5541 se
823 5484 1093 5538 civitatem
1112 5489 1440 5549 recepturos,
1468 5473 1628 5532 etiam
1662 5475 1787 5531 tunc
1861 5493 2015 5547 opor-

443 5582 587 5640 tebat
614 5588 826 5635 sanctos
849 5576 969 5631 illos
991 5573 1205 5638 imitari,
1231 5580 1338 5626 tum
1364 5585 1393 5624 a
1417 5569 1650 5640 jejuniis,
1679 5577 1790 5624 tum
1815 5584 1843 5624 a
1864 5580 2018 5627 caete-

443 5674 516 5728 ris
544 5667 1003 5726 observationibus
1027 5664 1373 5721 abstinentes.

400 5756 413 5765 κ
517 5762 566 5818 5.
599 5760 753 5830 Quod
789 5760 929 5816 enim
959 5755 1254 5813 istiusmodi
1284 5770 1461 5811 rerum
1490 5754 1617 5811 nihil
1648 5756 1719 5811 illi
1750 5757 1972 5813 fecerint
1996 5800 2010 5824 ,

1594 347 1953 416 ADVERSUS
1990 344 2287 402 JUDAEOS.
2331 341 2409 399 IV.

3514 334 3618 391 878

2042 471 2163 525 audi
2201 468 2326 540 quid
2354 465 2662 539 rogantibus
2701 459 3092 535 responderint.
3124 458 3255 515 Cum
3285 455 3425 510 enim
3459 468 3615 525 urge-

2040 570 2180 623 rent,
2208 558 2610 628 compellerent,
2637 562 2992 626 cogeremque
3015 548 3243 615 barbari,
3268 557 3326 602 ut
3346 554 3620 601 uterentur

2041 652 2254 722 organis
2279 650 2407 714 suis,
2437 649 2781 716 dicerentque
2804 661 2819 699 :
2846 641 3055 699 Cantate
3084 639 3224 694 nobis
3244 630 3495 692 canticum
3524 635 3623 689 Do-

2041 744 2165 797 mini
2194 741 2365 814 (Psal.
2396 740 2516 796 156.
2545 740 2601 809 5)
2629 757 2642 792 :
2674 738 2748 792 illi
2769 732 3246 805 quipulchrelegis
3276 741 3506 786 mentem
3539 735 3620 783 te-

2042 834 2274 895 nebant,
2318 830 2743 900 responderunt,
2785 843 2891 881 non
2927 825 3119 881 decere
3159 833 3216 876 ut
3245 815 3341 876 ista
3390 821 3625 875 facerent

2043 931 2191 979 extra
2222 922 2607 993 Jerosolymam
2634 937 2647 973 :
2683 917 2944 985 Quomodo
2963 958 2979 984 ,
3011 917 3280 985 inquiunt,
3312 913 3624 967 cantabimus

2045 1012 2296 1066 canticum
2322 1009 2531 1064 Domini
2557 1010 2610 1063 in
2632 1018 2763 1061 terra
2783 1005 2989 1060 aliena?
3018 1003 3221 1059 Rursus
3243 1012 3350 1057 tres
3378 1001 3449 1056 illi
3472 1001 3619 1071 pueri

2047 1105 2137 1175 qui
2165 1103 2512 1160 versabantur
2536 1102 2589 1156 in
2619 1100 2885 1172 Babylone
2907 1140 2922 1164 ,
2969 1097 3253 1151 dicebant:
3287 1094 3408 1150 Non
3431 1104 3502 1150 est
3531 1095 3626 1148 hoc

2051 1207 2272 1268 tempore
2294 1196 2544 1265 princeps,
2576 1209 2733 1260 neque
2757 1191 3018 1261 prOpheta,
3052 1206 3150 1243 non
3179 1187 3318 1242 locus
3340 1195 3396 1241 ut
3422 1184 3625 1253 sacriﬁ-

2050 1303 2218 1341 cemus
2254 1287 2306 1339 in
2346 1295 2611 1355 conspectu
2646 1293 2762 1349 tuo,
2794 1291 2840 1335 et
2888 1281 3197 1334 inveniamus
3234 1277 3627 1333 misericordiam

2057 1376 2216 1446 (Dan.
2246 1377 2300 1431 5.
2325 1375 2436 1444 58).
2467 1378 2535 1429 At
2578 1388 2706 1428 sane
2735 1373 2930 1426 multus
2954 1380 3068 1425 erat
3098 1368 3168 1423 ibi
3194 1369 3379 1423 locus:
3412 1376 3467 1422 at
3491 1381 3628 1438 quo-

2054 1469 2193 1522 nfam
2223 1467 2293 1522 ibi
2327 1466 2580 1535 templum
2612 1481 2716 1518 non
2759 1474 2908 1527 erat,
2949 1461 3216 1516 abstinent
3259 1474 3290 1513 a
3337 1457 3627 1512 sacriliciis.

2054 1558 2171 1613 Jam
2202 1572 2329 1612 vero
2359 1566 2420 1611 .et
2457 1555 2521 1610 ad
2549 1555 2680 1608 alios
2721 1569 2816 1623 per
2842 1550 3152 1606 Zachariam
3189 1549 3419 1618 loquitur
3447 1547 3629 1602 Deus:

2059 1649 2198 1703 Num
2235 1649 2488 1719 jejunium
2508 1645 2782 1717 jejunastis,
2820 1644 2942 1696 mihi
2988 1659 3076 1713 per
3115 1657 3273 1713 annos
3317 1638 3633 1709 septuaginta

2058 1738 2238 1810 (Zach.
2272 1738 2323 1791 7.
2359 1735 2457 1808 5)?
2486 1736 2706 1804 loquens
2729 1734 2796 1789 de
2823 1733 2974 1787 annis
2994 1746 3130 1801 quos
3154 1738 3372 1800 egerant
3391 1730 3442 1782 in
3469 1728 3639 1797 capti-

2062 1829 2242 1883 vitate.
2265 1824 2543 1893 Quomodo
2565 1840 2690 1895 ergo
2717 1831 2771 1877 tu
2798 1836 2939 1876 nunc
2963 1820 3190 1891 jejunas,
3219 1819 3304 1873 dic
3333 1817 3484 1885 mihi,
3512 1833 3631 1871 cum

2060 1920 2288 1990 majores
2318 1918 2390 1972 tui
2435 1931 2531 1973 nec
2567 1913 3013 1977 sacriﬁcaverint,
3056 1927 3154 1966 nec
3183 1909 3505 1981 jejuna'rint,
3536 1924 3637 1964 nec

2061 2011 2194 2066 festa
2236 2006 2661 2064 celebraverint?
2706 2004 2858 2071 Quod
2902 2012 3076 2058 autem
3115 2002 3313 2056 Pascha
3345 2014 3449 2054 non
3492 2001 3640 2054 cele-

2064 2100 2337 2157 braverint
2364 2113 2429 2153 ex
2457 2097 2539 2151 his
2566 2096 2739 2166 palam
2763 2103 2864 2149 est.
2891 2092 3021 2148 Nam
3043 2092 3131 2147 ubi
3157 2107 3261 2145 non
3292 2097 3408 2144 erat
3435 2089 3639 2144 sacriﬁ-

2064 2191 2206 2248 cium
2225 2233 2239 2257 ,
2270 2188 2342 2244 ibi
2384 2202 2450 2243 ne
2476 2186 2669 2242 festum
2696 2183 2908 2255 quidem
2934 2191 3088 2237 erat:
3118 2197 3184 2236 eo
3207 2178 3348 2249 quod
3375 2193 3532 2233 omne
3562 2178 3641 2232 fe-

2066 2292 2206 2338 stum
2235 2281 2311 2335 sic
2353 2280 2531 2350 peragi
2562 2275 2858 2348 Oportebat.
2890 2273 3043 2340 Quod
3067 2273 3111 2327 si
3151 2273 3443 2343 pleniorem
3487 2269 3643 2339 hujus

2067 2374 2145 2427 rei
2193 2367 2704 2426 demonstrationem
2752 2365 3005 2421 exhibere
3048 2364 3303 2427 velimus,
3352 2361 3473 2426 audi
3516 2360 3643 2430 quid

2070 2463 2211 2516 dicat
2242 2460 2423 2515 Daniel
2447 2476 2460 2512 :
2488 2457 2557 2512 In
2586 2456 2760 2512 diebus
2787 2455 2889 2510 illis
2919 2471 3056 2509 eram
3083 2471 3174 2524 ego
3212 2452 3399 2508 Daniel
3433 2452 3643 2523 lugens,

2072 2552 2230 2606 tribus
2255 2548 2645 2605 hebdomadibus
2677 2563 2857 2617 panem
2882 2541 3261 2598 desiderabilem
3290 2563 3390 2603 non
3419 2538 3648 2608 comedi,

2074 2652 2120 2698 et
2149 2644 2319 2697 vinum
2342 2654 2613 2708 carnesque
2638 2653 2739 2692 non
2774 2636 3013 2706 ingressu:
3052 2643 3168 2692 sunt
3191 2634 3243 2693 in
3272 2655 3327 2693 os
3367 2648 3532 2691 meum
3551 2672 3566 2696 ,
3602 2640 3649 2684 et

2076 2744 2328 2807 unguento
2357 2750 2458 2787 non
2483 2729 2703 2802 angebar
2719 2732 2775 2783 in
2798 2726 3191 2786 hebdomadibus
3218 2731 3340 2785 illis.
3369 2729 3432 2783 Et
3460 2730 3650 2799 factum

2077 2837 2149 2881 est
2187 2826 2417 2879 vicesimo
2456 2832 2633 2893 quarto
2680 2820 2762 2873 die
2807 2819 2955 2888 primi
3000 2823 3217 2888 mensis,
3270 2822 3373 2875 vidi
3414 2821 3651 2875 visionem

2082 2914 2244 2987 (Dan.
2269 2913 2355 2969 ιο.
2381 2912 2458 2983 2).
2493 2911 2589 2965 llic
2616 2908 2745 2969 mihi
2784 2908 3066 2984 diligenter
3102 2912 3412 2968 auscultate.
3454 2911 3529 2965 Ex
3570 2909 3655 2966 his

2081 3007 2222 3061 enim
2256 3003 2588 3079 perspicuum
2613 3016 2714 3070 est,
2745 3006 2885 3076 quod
2915 3015 3024 3059 tum
3052 3004 3251 3058 Pascha
3279 3019 3382 3057 non
3413 3002 3654 3056 celebra-

2082 3097 2275 3155 verint.
2297 3094 2407 3162 Qui
2432 3097 2551 3154 sic?
2580 3097 2779 3151 Dicam.
2813 3095 2914 3149 Per
2937 3094 3052 3149 dies
3079 3108 3384 3163 azymorum
3411 3090 3653 3160 jejunare

2084 3188 2283 3245 Judaeis
2324 3188 2405 3241 fas
2451 3202 2556 3242 non
2601 3195 2735 3241 erat.
2776 3183 2876 3239 [lic
2914 3181 3248 3237 autcm'dics
3274 3181 3456 3250 viginti
3496 3196 3656 3234 unum

2086 3296 2302 3352 prorsus
2322 3295 2427 3334 non
2455 3279 2624 3348 attigit
2651 3291 2863 3348 panem.
2885 3274 2955 3329 Et
2974 3273 3113 3329 unde
3134 3273 3234 3327 hoc
3258 3273 3496 3336 docetur,
3519 3271 3660 3325 dicet

2085 3372 2304 3443 aliquis,
2336 3370 2476 3439 quod
2522 3369 2605 3424 isti
2642 3367 2822 3438 viginti
2861 3366 2976 3422 dies
3013 3374 3067 3420 et
3106 3378 3242 3419 unus
3286 3363 3566 3418 inciderint
3607 3363 3658 3417 in

2088 3463 2203 3518 dies
2243 3460 2589 3532 azymorum?
2629 3459 2685 3514 ld
2720 3457 2845 3513 inde
2887 3456 3305 3519 demonstratur,
3337 3452 3477 3524 quod
3498 3453 3660 3521 dicit,

2089 3563 2278 3628 quarto
2305 3562 2359 3611 et
2376 3554 2632 3623 vigesimo
2658 3552 2743 3606 die
2772 3550 2928 3621 primi
2957 3549 3176 3604 mensis.

2169 3647 2380 3703 Pascha:
2406 3645 2682 3702 secundum
2721 3644 2877 3715 legem
2902 3651 3115 3711 tempus.
3143 3669 3218 3682 -—
3242 3639 3311 3694 At
3337 3637 3560 3695 Pascha:
3586 3638 3666 3695 fe-

2093 3749 2231 3797 stum
2262 3739 2514 3808 vigesimo
2539 3736 2710 3806 primo
2738 3735 2825 3790 die
2865 3733 3164 3788 ﬁniebatur.
3195 3731 3324 3786 Nam
3354 3732 3667 3800 incipientes

2093 3848 2122 3887 a
2148 3830 2357 3886 decimo
2380 3835 2568 3898 quarto
2596 3826 2684 3882 die
2714 3824 2868 3895 primi
2894 3823 3115 3890 mensis,
3146 3822 3341 3878 deinde
3366 3822 3553 3878 diebus
3577 3838 3667 3877 sc-

2095 3933 2236 3994 ptem
2263 3923 2567 3977 continuata
2609 3918 2947 3984 celebritate,
2989 3916 3057 3971 ad
3082 3916 3394 3986 vigesimum
3441 3916 3669 3985 primum

2096 4014 2235 4069 diem
2274 4009 2672 4081 perveniebant.
2701 4008 2946 4061 Attamen
2978 4005 3158 4059 Daniel
3188 4003 3561 4073 perseverabat
3584 4004 3670 4073 je-

2092 4105 2307 4175 junans,
2335 4104 2492 4157 etiam
2523 4115 2641 4157 cum
2674 4098 3017 4175 praeteriisset
3045 4096 3260 4150 Pascha:
3288 4105 3513 4165 tempus.
3537 4088 3679 4148 Nam

2098 4212 2219 4251 cum
2247 4195 2496 4264 cmpissct
2525 4208 2554 4246 a
2599 4191 2757 4246 tertio
2782 4189 2867 4243 die
2907 4188 3060 4258 primi
3100 4187 3336 4252 mensis,
3379 4201 3442 4241 ac
3481 4186 3675 4242 deinde

2100 4303 2197 4358 per
2217 4287 2334 4341 dies
2354 4284 2535 4354 viginti
2557 4296 2717 4338 unum
2740 4280 3120 4339 continuasset,
3146 4277 3390 4331 nimirum
3412 4275 3673 4330 decimum

2101 4386 2344 4449 quartum
2371 4374 2510 4429 diem
2537 4371 2809 4442 praeteriit,
2837 4378 2887 4423 et
2919 4376 3039 4437 post
3065 4367 3208 4447 hunc
3235 4367 3360 4420 item
3388 4375 3591 4435 septem
3623 4374 3677 4420 et

2102 4476 2214 4522 tres
2238 4466 2371 4520 alios
2395 4463 2651 4534 jejunavit
2678 4459 2836 4532 (Dan.
2861 4459 2947 4514 1ο.
2976 4456 3055 4529 4).
3086 4456 3274 4510 Annon
3299 4457 3457 4527 igitur
3482 4456 3565 4510 isti
3589 4471 3681 4510 cx-

2104 4558 2249 4628 lcges
2277 4564 2330 4610 et
2354 4554 2521 4624 impii,
2550 4552 2661 4623 qui,
2690 4566 2810 4605 cum
2842 4549 2914 4604 illi
2947 4547 3112 4603 sancti
3142 4548 3238 4601 viri
3265 4547 3316 4601 in
3341 4548 3511 4602 aliena
3540 4555 3679 4602 terra

2107 4647 2237 4701 nihil
2264 4642 2594 4700 servaverint
2613 4656 2796 4697 eorum
2822 4655 2939 4710 quae
2968 4640 3051 4693 lex
3082 4637 3474 4708 praescribebat,
3505 4647 3680 4691 tamen

2108 4751 2206 4805 per
2228 4734 2617 4790 contentionem
2667 4741 2722 4786 et
2761 4729 3115 4801 pervicaciam
3156 4728 3363 4782 diversa
3409 4727 3685 4791 factitant?

2110 4825 2317 4882 Etenim
2367 4824 2411 4878 si
2454 4822 2695 4877 nonnulli
2740 4820 2964 4877 fuissent
3008 4819 3353 4890 incogitantes
3396 4835 3686 4889 parumque

2108 4913 2511 4983 circumspecti,
2550 4912 2642 4982 qui
2686 4912 2808 4966 talia
2838 4912 2921 4966 vel
2964 4911 3233 4976 facerent,
3278 4910 3361 4965 vel
3406 4909 3687 4965 dicerent:

2112 5006 2331 5061 forsitan
2374 5003 2706 5074 negligentia:
2750 5002 3003 5057 tribueret
3032 5002 3261 5072 aliquis,
3304 5001 3441 5068 quod
3484 5017 3547 5056 ea
3578 5018 3689 5058 non

2112 5092 2416 5152 observent.
2445 5095 2560 5150 Jam
2591 5109 2711 5148 eum
2751 5093 2986 5163 religiosi
3027 5092 3168 5159 sint,
3208 5107 3329 5146 cum
3362 5093 3465 5161 pii,
3496 5108 3617 5148 cum
3658 5094 3691 5146 ii

2113 5187 2203 5258 qui
2233 5200 2328 5256 pro
2355 5185 2640 5256 praeceptis
2668 5184 2760 5238 Dei
2786 5183 3116 5237 tradiderunt
3137 5182 3343 5237 animas
3370 5198 3493 5238 suas
3514 5224 3529 5249 ,
3559 5200 3690 5239 con-

2115 5278 2357 5348 spicuum
2384 5285 2499 5344 est,
2529 5291 2625 5332 eos
2664 5275 3065 5344 haudquaquam
3099 5290 3192 5341 per
3217 5275 3587 5346 negligentiam
3619 5275 3693 5330 leo

2115 5370 2256 5425 cisse
2283 5369 2423 5440 quod
2452 5366 2728 5430 fecerunt,
2770 5365 2863 5419 sed
2893 5364 2961 5418 ab
2990 5364 3102 5434 ipsa
3129 5365 3304 5434 potius
3328 5366 3444 5437 lege
3470 5381 3689 5435 persua-

2117 5477 2206 5516 sos
2225 5503 2241 5528 ,
2267 5459 2406 5530 quod
2434 5474 2538 5513 non
2566 5465 2810 5527 oporteat
2837 5455 3118 5524 quidquam
3150 5457 3333 5509 talium
3363 5460 3694 5512 ceremonia-

2119 5568 2235 5608 rum
2284 5559 2433 5605 extra
2488 5549 2871 5619 Jerosolymam
2918 5548 3228 5602 observare.
3275 5548 3410 5615 Quin
3455 5559 3510 5604 et
3553 5548 3693 5604 aliud

2119 5642 2367 5714 quiddam
2398 5657 2462 5696 ex
2492 5640 2573 5694 his
2599 5638 2875 5709 perspicue
2897 5638 3163 5707 colligitur
3186 5639 3342 5709 longe
3370 5640 3653 5695 maximum
3675 5679 3689 5704 ,

2123 5734 2403 5799 videlicet,
2433 5731 2572 5803 quod
2611 5731 3005 5787 observationes
3035 5730 3412 5786 sacrificiorum
3433 5773 3448 5798 ,
3492 5729 3688 5787 sabba-
