4084 6186
463 241 566 298 879

460 356 668 423 torum,
714 365 769 414 et
813 355 1238 424 noviluniorum,
1283 357 1512 426 denique
1540 355 1792 410 similium
1837 355 2034 408 rituum

459 451 696 503 omnium
737 466 800 504 ex
829 449 1114 504 abundanti
1160 449 1351 502 addittc
1380 456 1504 501 sunt
1537 446 1770 501 Iudaicae
1799 445 1919 497 vitae
1945 462 1958 498 :
1987 454 2045 497 ttt

464 558 636 612 neque
661 543 704 596 si
734 552 1033 606 serventur,
1064 540 1261 611 aliquid
1292 540 1467 610 magni
1507 539 1761 592 momenti
1803 536 2046 591 conferre

461 633 666 702 possint
706 632 770 685 ad
797 632 1085 697 virtutem;
1117 646 1289 700 neque
1317 631 1362 684 si
1393 629 1890 699 przrtcrmittantur,
1924 639 2045 694 pos-

459 728 568 780 sint
595 741 660 779 ex
681 725 819 778 bono
845 724 1020 780 facere
1041 725 1260 790 malum,
1284 731 1374 776 aut
1395 720 1605 792 pietatis
1627 719 1879 783 studium,
1903 715 2042 786 quod

461 815 514 867 in
560 816 739 868 animo
769 815 927 868 situm
955 823 1065 880 est,
1107 815 1284 883 aliqua
1328 829 1392 866 ex
1425 821 1573 880 parte
1601 810 1933 864 imminuere.
1965 806 2042 860 llli

459 905 619 985 igitur
662 906 749 974 qui
793 905 951 958 vitam
995 904 1246 974 angelicae
1293 903 1538 956 zemulam
1589 899 1742 954 nobis
1792 898 1843 951 in
1889 898 2044 951 terris

458 997 842 1063 ostenderunt,
874 1012 994 1051 cum
1038 995 1224 1049 harum
1266 1011 1446 1049 rerum
1485 993 1616 1047 nihil
1646 991 1864 1046 omnino
1891 1003 2046 1059 perc-

457 1087 667 1157 geriut,
718 1104 824 1142 non
854 1089 1119 1142 victimam
1169 1087 1486 1148 maCL'Il'illl,
1530 1100 1635 1138 non
1681 1083 1869 1136 festum
1901 1080 2042 1134 diem

458 1181 829 1242 observarint.
876 1196 979 1233 non
1025 1178 1322 1233 istiusmodi
1366 1177 1627 1244 jejunium
1674 1173 2039 1243 susceperint:

457 1269 592 1322 adeo
621 1278 796 1324 tamen
831 1271 1141 1339 placuerunt
1169 1269 1306 1330 Deo,
1341 1277 1398 1320 ut
1424 1267 1588 1335 ipsam
1623 1274 1863 1317 naturam
1893 1271 2041 1314 tran-

462 1359 803 1422 scenderint,
846 1369 1120 1426 totumque
1150 1365 1409 1411 terrarum
1436 1356 1618 1409 orbem
1639 1396 1652 1418 ,
1701 1369 1793 1422 per
1834 1367 1895 1404 ea
1925 1365 2043 1419 quae

462 1451 592 1516 ipsis
634 1450 970 1518 obtigerunt,
1017 1448 1081 1501 ad
1128 1448 1220 1502 Dei
1268 1447 1620 1516 cognitionem
1667 1442 2040 1513 pertraxerint.

458 1541 593 1608 Quid
617 1525 757 1594 enim
789 1539 1008 1608 proferri
1038 1550 1213 1609 queat,
1242 1539 1380 1609 quod
1407 1554 1526 1592 cum
1557 1535 1772 1590 Daniclc
1797 1533 2042 1588 confera-

459 1632 584 1684 tur?
626 1631 749 1701 quid
791 1631 931 1702 quod
973 1645 1094 1685 cum
1136 1631 1300 1684 tribus
1340 1629 1560 1700 pueris?
1605 1625 2040 1696 Quandoquidem

462 1723 535 1775 illi
574 1723 716 1791 quod
749 1733 1068 1791 praeceptum
1101 1723 1151 1776 in
1189 1722 1486 1791 Evangeliis
1511 1721 1804 1774 maximum
1828 1761 1841 1783 ,
1878 1717 2045 1787 quod-

457 1830 560 1885 que
589 1818 846 1868 bonorum
877 1816 1114 1870 omnium
1149 1824 1328 1884 caput,
1354 1825 1476 1868 ante
1502 1813 1768 1882 proditum
1799 1813 2043 1880 Evange-

458 1908 586 1961 lium
631 1918 990 1977 occuparunt,
1023 1908 1260 1977 ipsisque
1291 1906 1441 1961 factis
1472 1905 1824 1960 declararunt.
1872 1902 2046 1970 Majo-

456 2014 562 2051 rem
606 1999 731 2064 hac,
778 1998 980 2068 inquit,
1026 1999 1284 2052 caritatem
1327 2013 1470 2050 nemo
1508 1995 1682 2061 habet,
1728 2004 1782 2047 ut
1820 1993 2043 2045 animam

454 2103 599 2139 suam
640 2097 792 2157 ponat
832 2089 944 2157 quis
985 2105 1077 2157 pro
1103 2088 1279 2140 amicis
1319 2087 1423 2139 suis
1458 2084 1648 2154 (Joa—n.
1691 2083 1775 2138 15.
1811 2083 1920 2152 15).
1964 2081 2041 2135 Illi

456 2193 585 2232 vero
615 2179 848 2231 animam
893 2195 1044 2233 suam
1079 2186 1441 2248 exposuerunt
1484 2192 1582 2247 pro
1619 2176 1746 2230 Deo.
1792 2175 1899 2228 Nec
1943 2173 2043 2228 hac

460 2278 610 2336 parte
651 2269 824 2322 solum
869 2267 1164 2322 admirandi
1193 2277 1352 2333 sunt,
1404 2283 1590 2321 verum
1633 2267 1790 2320 etiam
1832 2267 1900 2318 oh
1941 2263 2044 2318 hoc

457 2362 597 2430 quod
628 2362 678 2416 id
708 2363 903 2416 nullius
927 2362 1191 2416 mercedis
1221 2362 1385 2430 gratia
1416 2361 1674 2414 fecerunt.
1709 2359 1937 2428 Ideoque
1956 2357 2040 2410 di-

455 2453 646 2508 cebant
683 2469 697 2505 :
746 2452 840 2507 Est
877 2453 1016 2508 Deus
1063 2456 1116 2508 in
1160 2453 1286 2508 caelo
1331 2463 1506 2524 potens
1544 2452 1735 2521 eripere
1773 2466 1863 2502 nos
1898 2464 1916 2501 :
1957 2447 2041 2516 qui

455 2546 651 2599 etiamsi
679 2563 778 2599 non
807 2547 1024 2616 eripiat,
1057 2556 1228 2599 notum
1251 2546 1315 2598 sit
1348 2545 1465 2608 tibi,
1497 2559 1612 2606 rem,
1647 2558 1738 2594 nos
1766 2557 1862 2594 non
1890 2539 2044 2592 servi-

457 2649 596 2690 turos
621 2637 718 2690 diis
749 2637 847 2690 tuis
869 2635 1032 2706 (Dan.
1061 2637 1113 2691 '5.
1141 2637 1249 2705 17).
1280 2634 1485 2690 Sufﬁcit
1515 2634 1667 2688 nobis
1695 2633 1784 2686 illa
1811 2644 2035 2695 merces,

455 2730 598 2799 quod
624 2741 840 2799 propter
867 2730 1030 2784 Deum
1057 2729 1332 2783 morimur.
1357 2727 1479 2781 llaec
1501 2726 1882 2797 praestiterunt,
1908 2730 2042 2774 tam-

455 2838 560 2890 que
584 2823 842 2891 insignem
867 2822 1119 2877 virtutem
1150 2820 1510 2876 exhibnernnt
1529 2860 1544 2886 ,
1574 2817 1704 2872 nihil
1733 2830 1918 2871 corum
1941 2813 2040 2869 ob-

454 2922 755 2975 servantes,
789 2928 908 2990 qua:
937 2912 1020 2966 lex
1049 2911 1470 2980 prtescripserat.

526 3005 580 3059 6.
610 3004 750 3073 Ergo
778 3019 879 3074 qua
903 3003 1140 3068 tandem,
1166 3003 1392 3073 inquies,
1420 3000 1588 3071 gratia
1615 2999 1756 3054 Deus
1776 2998 1872 3051 ista
1906 3010 2043 3063 pra:-

452 3096 627 3166 cepit,
673 3095 719 3150 si
761 3111 863 3150 non
894 3095 1108 3150 volebat
1135 3094 1450 3149 observari?
1478 3100 1532 3146 et
1561 3091 1605 3146 si
1635 3089 1748 3144 ﬁeri
1791 3087 2037 3152 volebat,

453 3203 555 3257 qua
587 3187 756 3258 gratia
790 3196 932 3241 tuam
963 3187 1234 3241 civitatem
1275 3183 1560 3240 demolitus
1587 3182 1708 3237 est?
1737 3180 1869 3235 Nam
1903 3179 2040 3234 alte-

453 3295 571 3333 rum
599 3295 629 3333 e
655 3279 861 3333 duobus
891 3279 961 3332 illi
993 3277 1290 3334 faciendum
1321 3285 1456 3340 erat,
1488 3276 1531 3329 si
1557 3274 1816 3328 voluisset
1845 3271 1932 3326 illa
1955 3284 2041 3325 re-

451 3386 708 3426 manere:
741 3383 834 3426 aut
863 3385 966 3424 non
1011 3371 1298 3440 praecipere
1321 3411 1336 3434 ,
1383 3376 1439 3422 ut
1473 3365 1574 3436 ipsi
1605 3380 1710 3419 uno
1755 3371 1954 3418 tantum
1983 3361 2038 3416 in

452 3463 572 3518 loco
597 3465 858 3518 sacriﬁcia
889 3464 1095 3528 ﬁerent,
1123 3479 1244 3518 cum
1270 3477 1367 3517 vos
1393 3477 1486 3531 per
1515 3474 1700 3514 omnes
1726 3455 1906 3511 mundi
1931 3455 2041 3525 pla-

451 3569 546 3625 gas
576 3563 717 3609 esset
753 3555 1093 3624 diSpersurus
1120 3572 1132 3606 :
1174 3560 1266 3606 aut
1302 3552 1346 3606 si
1385 3549 1598 3605 volebat
1625 3561 1719 3604 vos
1743 3563 1808 3602 eo
1840 3549 1892 3600 in
1920 3545 2038 3599 loco

451 3645 757 3699 sacriﬁcare
787 3653 990 3697 tantum
1013 3685 1027 3703 .
1067 3658 1172 3696 non
1217 3641 1446 3696 debebat
1475 3655 1570 3694 vos
1601 3654 1695 3708 per
1735 3638 2035 3692 universum

452 3738 640 3792 orbem
671 3736 966 3806 dissipare,
1013 3751 1075 3789 ac
1102 3735 1269 3789 solam
1303 3733 1444 3788 illam
1485 3731 1752 3787 civitatem
1799 3729 2036 3782 inacces-

453 3844 568 3884 sam
597 3828 841 3895 reddere,
873 3828 922 3881 in
951 3842 1053 3897 qua
1081 3827 1192 3880 Sola
1220 3824 1464 3880 victimas
1481 3824 1714 3894 jusscrat
1737 3820 2035 3876 immolare.

523 3922 627 3979 Cur
659 3921 794 3977 Deus
822 3921 1075 3990 sacri/irin
1113 3920 1310 3973 Judazis
1339 3917 1652 3987 pra'ceperit.
1679 3945 1750 3955 —
1774 3913 1910 3983 Quid
1939 3913 2038 3982 igi-

451 4015 570 4070 tur?
597 4016 676 4070 Au
704 4029 885 4069 secum
915 4014 1047 4083 ipse.
1079 4013 1273 4080 inquis,
1308 4019 1505 4080 pugnat
1532 4009 1670 4062 Deus
1689 4047 1706 4072 ,
1734 4006 1823 4086 qui
1851 4020 1958 4058 uno
1985 4005 2036 4058 in

453 4109 572 4164 loco
600 4107 887 4163 sacriﬁcari
929 4106 1202 4175 jusserit,
1226 4112 1281 4159 et
1322 4117 1508 4157 rursus
1534 4100 1600 4154 ab
1631 4099 1734 4154 hoc
1777 4099 1892 4168 ipso
1922 4097 2038 4149 loco

449 4197 732 4260 excludat?
763 4197 1106 4267 Nequaquam
1130 4238 1144 4260 ,
1189 4195 1296 4250 imo
1335 4204 1655 4262 magnopere
1685 4187 1786 4242 sibi
1830 4193 2040 4242 constat

453 4291 592 4344 Deus
617 4305 631 4342 :
657 4304 829 4358 neque
849 4288 990 4343 enim
1024 4287 1174 4340 initio
1197 4285 1298 4339 sibi
1323 4283 1533 4337 volebat
1550 4280 1728 4337 offerri
1755 4277 2034 4332 sacrificia.

452 4381 531 4436 En
551 4422 566 4445 ,
612 4382 784 4449 ipsum
815 4379 1128 4449 prophetam
1156 4377 1362 4431 adauco
1388 4384 1577 4430 testem
1598 4414 1614 4438 ,
1644 4371 1732 4442 qui
1763 4371 1841 4426 sic
1866 4368 2040 4439 loqui-

452 4482 578 4529 tur:
617 4473 801 4525 Audite
835 4473 1034 4525 verbum
1079 4470 1316 4534 Domini,
1367 4468 1618 4538 principes
1657 4465 1994 4520 Sodomorum
2019 4504 2035 4528 ,

450 4562 694 4618 attendite
715 4562 810 4633 legi
833 4561 928 4615 Dei
948 4562 1093 4615 vestri
1116 4563 1332 4631 populus
1360 4557 1654 4612 Gomorrlue
1669 4555 1828 4626 .(lsai.
1855 4555 1905 4609 1.
1926 4553 2034 4623 10).

452 4652 566 4709 Non
595 4652 661 4713 ad
691 4653 994 4708 Sodomitas
1017 4662 1073 4706 et
1101 4649 1476 4706 Gomorrhazos
1500 4648 1659 4702 verba
1693 4646 1891 4700 faciens
1925 4644 2041 4698 hmc

452 4747 701 4818 loquitur,
749 4745 843 4799 sed
890 4745 956 4799 ad
1001 4743 1235 4799 Judmos.
1282 4742 1372 4797 Sic
1419 4752 1598 4795 autem
1647 4739 1874 4810 appellat
1921 4737 2040 4792 illos

454 4840 626 4902 Dens,
659 4836 800 4907 quod
830 4837 1102 4889 imitantes
1143 4835 1352 4887 illorum
1383 4832 1634 4886 malitiam
1657 4871 1673 4897 ,
1702 4831 1803 4884 sibi
1840 4843 2038 4898 cogna-

453 4933 655 4986 tionem
699 4944 820 4986 cum
854 4928 957 4981 illis
1002 4925 1335 4980 ascivissent.
1365 4923 1622 4980 Similiter
1658 4931 1712 4978 et
1736 4937 1896 4976 canes
1923 4922 2040 4975 illos

448 5023 681 5092 appellat
716 5021 878 5090 (Isni.
914 5020 1004 5074 56.
1036 5017 1149 5086 10),
1183 5026 1237 5072 et
1269 5031 1436 5086 equos
1461 5015 1770 5071 emissarios
1808 5011 1950 5085 (Jer.
1983 5013 2038 5067 5.

449 5115 528 5181 8),
563 5129 667 5166 non
704 5112 845 5183 quod
877 5112 1086 5166 illorum
1112 5117 1256 5164 esset
1284 5106 1661 5162 transformata
1692 5114 1877 5159 natura
1897 5146 1911 5170 ,
1945 5103 2038 5158 sed

449 5203 590 5273 quod
623 5204 835 5258 illormn
865 5201 1173 5255 animalium
1211 5199 1650 5253 incontinentiam
1680 5197 2036 5250 imitarentur.

452 5299 568 5364 Quo
611 5298 736 5351 milii
788 5295 1162 5350 multitudinem
1205 5293 1521 5346 uictimarum
1568 5288 1883 5345 vestrarum?
1919 5287 2040 5341 dicit

453 5390 704 5446 Dominus
731 5388 883 5461 (Isai.
922 5391 972 5444 1.
1000 5387 1108 5458 11).
1141 5386 1406 5442 Cancrum
1433 5383 1523 5454 qui
1555 5381 1802 5436 Sodomis
1833 5379 2041 5434 habita-

451 5482 602 5545 bant,
642 5496 932 5550 numquam
962 5480 1060 5534 visi
1090 5486 1214 5533 sunt
1249 5476 1526 5531 immolare
1549 5475 1826 5538 victimas,
1853 5472 1946 5528 sed
1972 5471 2038 5527 ad

450 5572 666 5632 Judmos
692 5586 870 5624 sermo
913 5572 1003 5626 Dei
1039 5569 1305 5638 dirigitur,
1350 5567 1420 5621 ob
1457 5580 1673 5621 causam
1713 5581 1872 5636 quam
1903 5564 2040 5619 dixi-

453 5681 594 5732 mus,
622 5662 974 5720 Sodomorum
1003 5661 1315 5732 cognomina
1345 5660 1447 5714 illis
1471 5658 1725 5716 tribuens.
1763 5658 1874 5726 Quo
1904 5657 2033 5713 mihi

697 5779 724 5792 θ

1197 240 1257 295 S.
1296 235 1572 296 JOANNIS
1607 233 2084 294 CHRYSOSTOMI
2123 235 2437 294 ARCHIEP.
2477 238 3014 297 CONSTANTINOP.

3623 238 3744 295 880

2155 353 2528 408 multitudinem
2572 355 2886 409 victimarum
2929 354 3244 410 vestrarum?
3288 353 3410 408 dicit
3467 353 3742 408 Dominus.

2151 445 2345 500 Plenus
2377 463 2489 500 sum
2543 446 2959 500 holocautomatis
2988 448 3199 499 arietant
3219 488 3234 512 ,
3275 457 3321 499 et
3347 446 3550 514 adipem
3573 462 3748 516 agno-

2149 551 2285 603 rum,
2313 547 2359 590 et
2386 538 2683 607 sanguinem
2712 548 2973 591 taurorum
2996 548 3082 590 aut
3104 538 3358 590 hircorum
3385 536 3546 590 nolo:
3574 553 3664 589 nec
3697 537 3750 589 si

2147 629 2357 682 veniatis
2390 630 2441 682 in
2464 639 2779 699 conspectum
2807 647 2992 683 meum.
3028 628 3153 696 Quis
3177 629 3312 684 enim
3338 629 3602 700 exquisivit
3631 631 3748 682 hac

2148 725 2316 775 omnia
2327 716 2390 771 de
2403 715 2642 769 manibus
2653 716 2831 770 vestris
2845 713 2890 785 (1
2899 715 2998 768 sai.
3013 713 3036 767 1
3049 715 3157 768 .11.
3171 711 3754 786 seqq.)?Audistiscla-

2148 813 2414 868 rissimam
2443 828 2625 868 vocem
2655 812 2940 878 dicentem,
2970 815 3111 884 quod
3140 811 3290 867 initio
3316 826 3426 866 non
3451 811 3744 880 postularit

2147 902 2263 958 lucc
2291 903 2357 958 de
2385 903 2629 958 manibus
2653 904 2876 958 vestris?
2906 903 3112 958 Etenim
3139 903 3184 957 si
3212 902 3554 972 postulasset,
3587 901 3740 956 simi-

2148 996 2271 1050 liter
2297 1005 2351 1050 ct
2376 997 2581 1065 priscos
2611 996 2730 1051 illos
2755 1011 2963 1063 omnes,
2995 997 3082 1066 qui
3115 1005 3240 1050 ante
3274 994 3373 1050 hos
3399 995 3695 1049 ﬂoruerunt
3717 1038 3737 1061 ,

2147 1088 2297 1158 prius
2326 1088 2390 1141 ad
2439 1088 2537 1143 hoc
2577 1088 2700 1141 vitae
2743 1081 3040 1142 institutum
3073 1087 3357 1158 adegisset.
3395 1088 3513 1154 Quo
3552 1087 3737 1157 igitur,

2151 1180 2348 1249 inquis,
2380 1180 2604 1234 consilio
2627 1179 2740 1234 haec
2763 1179 2921 1234 modo
2945 1181 3231 1249 prmcepit?
3259 1179 3518 1233 Nimirum
3543 1189 3740 1233 vestra:

2149 1284 2352 1323 morem
2394 1284 2589 1339 gerens
2633 1270 2948 1324 inﬁrmitati.
2982 1271 3046 1324 Et
3078 1269 3524 1340 quemadmodum
3567 1269 3738 1324 medi-

2148 1373 2264 1424 eus,
2297 1359 2480 1413 videns
2510 1361 2779 1414 hominem
2810 1359 3214 1424 febricitantem,
3243 1375 3537 1421 morosum,
3568 1360 3738 1428 impa-

2149 1450 2390 1511 tientem,
2421 1451 2465 1504 si
2491 1451 2833 1520 ροιιςυιιίεςίιι
2868 1449 3107 1521 frigidam
3138 1450 3320 1505 bibere
3340 1493 3354 1514 ,
3384 1465 3446 1504 ac
3477 1451 3733 1514 minetur,

2148 1541 2202 1594 ni
2228 1542 2482 1610 accipiat,
2516 1543 2672 1610 plane
2712 1541 2944 1596 futurum
2976 1552 3033 1596 ut
3072 1542 3153 1595 vel
3186 1557 3244 1595 se
3286 1541 3477 1611 laqueo
3504 1555 3734 1609 SllSpen-

2149 1631 2259 1697 dat,
2287 1633 2371 1687 vel
2396 1649 2426 1686 e
2450 1633 2662 1687 sublimi
2690 1648 2748 1688 se
2775 1633 3101 1702 prmcipitem
3127 1632 3236 1698 det,
3266 1631 3390 1684 dum
3417 1631 3595 1686 studet
3622 1646 3738 1684 ma-

2144 1725 2233 1794 jus
2261 1726 2543 1780 excludere
2575 1726 2771 1780 malum
2791 1767 2805 1790 ,
2839 1726 3098 1795 permittit
3120 1725 3260 1794 quod
3288 1725 3466 1778 minus
3493 1731 3604 1788 est,
3634 1739 3732 1777 cu-

2147 1819 2302 1888 piens
2341 1818 2486 1872 illum
2526 1834 2555 1871 a
2595 1818 2826 1872 violenta
2866 1829 3038 1872 morte
3076 1831 3330 1871 revocare
3362 1833 3374 1869 :
3411 1816 3479 1870 ita
3520 1815 3643 1870 fecit
3679 1823 3736 1870 ct

2149 1911 2311 1976 Deus,
2344 1910 2593 1979 quoniam
2619 1910 2748 1963 vidit
2774 1909 2894 1962 illos
2922 1908 3269 1971 insanientes,
3302 1908 3510 1973 anxios,
3533 1921 3736 1960 concu-

2147 2002 2412 2072 piscenles
2442 2001 2775 2054 victimarum
2805 2000 3129 2055 oblationem
3153 2041 3168 2065 ,
3193 2000 3430 2069 jamque,
3462 2000 3562 2052 nisi
3593 2001 3735 2053 acci-

2149 2101 2335 2162 perent
2359 2091 2498 2162 quod
2529 2090 2935 2155 desiderabant,
2975 2100 3188 2160 paratos
3214 2100 3272 2145 ut
3295 2091 3359 2143 ad
3392 2089 3532 2145 idola
3563 2089 3735 2144 delle-

2149 2193 2375 2249 cterent,
2410 2187 2518 2239 imo
2543 2201 2646 2239 non
2674 2184 2846 2240 solum
2874 2194 3106 2254 paratos,
3137 2195 3318 2238 verum
3345 2186 3504 2240 etiam
3537 2201 3602 2239 eo
3622 2185 3735 2254 jam

2150 2275 2424 2345 prolapsos
2447 2294 2459 2327 :
2487 2276 2726 2346 permisit
2746 2275 3163 2330 immolationem
3185 2276 3538 2329 victimarum.
3560 2277 3736 2344 Atque

2148 2374 2204 2420 ut
2233 2367 2406 2433 scias,
2454 2367 2591 2420 hanc
2632 2365 2795 2420 fuisse
2826 2381 3076 2430 causam,
3119 2366 3203 2420 vel
3243 2382 3306 2420 ex
3348 2367 3464 2435 ipso
3495 2376 3737 2435 tempore

2147 2457 2447 2512 declaretur
2476 2457 2525 2510 id
2556 2456 2700 2527 quod
2728 2457 2868 2512 dico.
2897 2457 3167 2527 Siquidem
3196 2466 3316 2527 post
3342 2457 3557 2522 festum,
3586 2457 3733 2527 quod

2147 2548 2324 2618 impiis
2350 2547 2681 2602 dmmonibus
2705 2547 3078 2614 celebrarunt,
3110 2559 3218 2602 tum
3250 2548 3462 2602 demum
3495 2549 3738 2617 permisit

2150 2639 2252 2692 illis
2283 2639 2674 2694 immolationes
2705 2640 2987 2708 pecudum,
3023 2648 3226 2694 tantum
3259 2656 3363 2694 non
3392 2641 3611 2695 dicens:
3646 2641 3732 2694 in-

2146 2729 2330 2783 sanitis
2350 2769 2366 2796 ,
2398 2738 2452 2783 et
2477 2731 2634 2784 vultis
2663 2730 2942 2786 immolare
2970 2731 3236 2796 victimas,
3270 2731 3430 2800 igitur
3467 2731 3597 2785 mihi
3630 2746 3731 2800 po-

2146 2820 2250 2875 tius
2280 2821 2587 2875 immoletis.
2617 2822 2948 2890 Quamquam
2978 2837 3046 2876 ne
3081 2822 3184 2877 hoc
3211 2822 3425 2892 quidem
3457 2823 3731 2892 permisit,

2145 2921 2202 2968 ut
2229 2923 2489 2983 perpetuo
2517 2915 2724 2982 liceret,
2756 2915 2848 2970 sed
2878 2915 3294 2984 prudentissimo
3316 2916 3559 2981 consilio,
3586 2915 3732 2985 quod

2147 3007 2504 3077 permiserat,
2537 3022 2722 3060 rursus
2760 3006 2974 3076 eripuit.
3008 3007 3074 3060 Et
3101 3007 3239 3060 sicut
3277 3007 3322 3060 si
3357 3006 3594 3061 medicus
3619 3006 3732 3071 ille,

2144 3099 2278 3154 nihil
2323 3099 2463 3153 enim
2498 3109 2643 3153 vetat
2672 3099 2862 3155 eodem
2902 3101 3150 3169 exemplo
3195 3098 3371 3153 denuo
3413 3097 3518 3160 uti,
3547 3107 3730 3168 postea

2145 3205 2302 3262 quam
2328 3189 2547 3245 indulsit
2573 3189 2830 3259 appetitui
2855 3189 3146 3244 laborantis
3164 3230 3178 3252 ,
3211 3203 3335 3243 mox
3365 3188 3541 3256 phiala
3567 3205 3599 3243 c
3621 3188 3732 3242 suis

2145 3282 2348 3337 mdibus
2373 3282 2532 3336 allata
2559 3281 2884 3351 prtescrihat,
2912 3290 2968 3334 ut
2988 3297 3049 3335 ex
3076 3279 3174 3335 hac
3194 3281 3305 3335 sola
3329 3279 3474 3334 bibat
3498 3294 3685 3350 aquam
3711 3295 3726 3333 :

2143 3373 2338 3428 deinde
2379 3389 2634 3443 persuaso
2673 3383 2904 3443 mgroto,
2955 3372 3092 3426 clam
3143 3373 3206 3427 iis
3249 3371 3341 3442 qui
3390 3371 3726 3436 ministrant,
3777 3357 3797 3364 ’

2145 3465 2416 3536 prmcipiat
2459 3465 2793 3536 confringere
2841 3464 3073 3534 phialam
3114 3465 3287 3531 illam,
3332 3474 3390 3519 ut
3439 3479 3561 3519 eum
3591 3464 3727 3518 clam

2144 3556 2383 3626 nihilque
2409 3557 2767 3626 suspicantem
2790 3565 2974 3610 avocet
2991 3555 3058 3610 ab
3086 3556 3172 3610 illa
3198 3554 3487 3626 cupiditate
3512 3553 3726 3609 bibendi

2145 3646 2430 3716 frigidam:
2466 3646 2647 3722 itidem
2690 3645 2810 3701 fecit
2857 3646 3001 3700 Deus
3048 3644 3405 3716 permittendo
3447 3645 3722 3700 sacriﬁcia.

2143 3737 2327 3807 Neque
2351 3738 2493 3791 enim
2527 3737 2577 3790 in
2609 3738 2718 3791 ullo
2737 3737 2883 3792 orbis
2911 3737 3029 3791 loco
3061 3736 3300 3806 permisit
3329 3735 3378 3789 id
3411 3733 3520 3788 ﬁeri
3549 3734 3649 3788 nisi
3673 3734 3725 3787 in

2143 3829 2263 3883 unis
2310 3828 2676 3899 Jerosolymis.
2720 3827 2841 3882 Mox
2867 3827 2956 3881 ubi
2982 3842 3076 3897 per
3102 3827 3267 3881 breve
3296 3836 3501 3894 tempus
3528 3822 3728 3877 sacriﬁ-

2146 3927 2395 3986 casscnt,
2441 3918 2605 3973 diruit
2642 3918 2954 3972 civitatem:
2998 3928 3057 3971 ut
3095 3917 3233 3971 sicut
3277 3915 3515 3970 medicus
3558 3913 3725 3968 fracto

2145 4025 2271 4064 vase
2290 4052 2304 4077 ,
2349 4011 2420 4064 ita
2455 4010 2594 4064 Deus
2623 4011 2876 4064 subversa
2905 4009 3118 4064 civitate
3145 4009 3227 4063 vel
3264 4009 3456 4062 invitos
3487 4007 3605 4062 illos
3631 4007 3726 4060 ab-

2143 4102 2359 4156 duceret
2380 4116 2408 4154 a
2432 4101 2678 4155 victimis.
2714 4101 2923 4155 Etenim
2950 4101 2992 4154 si
3015 4101 3159 4155 clare
3180 4099 3457 4169 palamque
3482 4098 3721 4162 dixisset,

2142 4189 2410 4258 desistite,
2437 4209 2543 4248 non
2558 4191 2710 4247 facile
2725 4193 2791 4246 ah
2815 4193 3117 4246 immolandi
3147 4193 3346 4246 insania
3373 4191 3719 4245 destitissent.

2141 4282 2293 4337 Nunc
2320 4292 2496 4342 autem
2527 4283 2626 4338 loci
2652 4283 2882 4354 adempti
2907 4283 3241 4354 necessitate,
3271 4282 3569 4337 clanculum
3611 4281 3723 4334 illos

2143 4372 2362 4427 abduxit
2402 4373 2470 4429 ab
2519 4352 2844 4427 oblationum
2890 4352 3115 4427 insania:
3159 4368 3245 4426 Sit
3286 4372 3445 4442 igitur
3489 4370 3722 4425 medicus

2144 4466 2359 4536 quidem
2401 4467 2516 4536 ipse
2554 4467 2728 4534 Deus,
2770 4465 2943 4537 phiala
2982 4479 3111 4519 vero
3147 4464 3368 4528 civitas;
3401 4464 3470 4517 sit
3498 4472 3723 4532 aegrotus

2146 4557 2236 4612 illc
2263 4573 2506 4613 morosus
2529 4556 2834 4613 Judmorum
2866 4557 3093 4626 populus
3117 4573 3130 4609 :
3159 4555 3386 4623 denique
3415 4553 3602 4623 frigida
3634 4568 3722 4622 po-

2144 4648 2219 4700 tio
2244 4649 2314 4701 sit
2346 4648 2676 4702 victimarum
2711 4647 2989 4716 permissio
3027 4646 3426 4716 concessioque.
3457 4644 3720 4711 Quemad-

2148 4739 2365 4794 modum
2396 4741 2555 4810 igitur
2575 4739 2989 4797 medicusfracto
3000 4755 3126 4794 vase
3147 4749 3399 4809 :egrotum
3419 4737 3634 4792 cohibet
3662 4736 3725 4790 ab

2149 4831 2525 4901 intempestivo
2545 4831 2714 4903 frigidi
2735 4842 2888 4902 potus
2904 4833 3161 4902 appetitu,
3185 4833 3264 4886 sic
3280 4840 3333 4886 et
3351 4832 3515 4898 Deus,
3539 4846 3727 4886 eversa

2143 4925 2357 4980 civitate
2372 4926 2502 4995 ipsa,
2522 4925 2763 4995 adeoque
2785 4925 3018 4980 funditus
3035 4925 3233 4990 diruta,
3249 4935 3302 4978 ut
3325 4924 3572 4978 munibus
3593 4923 3724 4977 facta

2146 5016 2212 5068 sit
2240 5016 2531 5084 inaccessa,
2559 5015 2770 5071 Judmos
2792 5032 2820 5069 a
2848 5017 3120 5070 sacriﬁciis
3143 5015 3378 5070 abduxit.
3410 5015 3540 5068 Nam
3563 5016 3606 5069 si
3630 5013 3728 5069 hoc

2145 5123 2252 5162 non
2300 5109 2521 5178 agebat,
2565 5123 2662 5162 cur
2704 5109 3013 5180 religionem
3057 5109 3198 5164 illam
3247 5108 3299 5161 in
3345 5123 3506 5162 unum
3555 5109 3731 5161 locum

2147 5198 2442 5255 conclusit.
2475 5199 2564 5268 qui
2594 5213 2854 5267 nusquam
2887 5214 2994 5252 non
3021 5207 3101 5251 est
3134 5211 3398 5265 prmseus,
3430 5197 3520 5264 qui
3550 5196 3732 5264 implet

2147 5289 2430 5344 universa?
2460 5289 2566 5343 Cur
2590 5289 2750 5360 igitur
2775 5289 2974 5344 cultum
3004 5289 3214 5357 redegit
3249 5288 3314 5342 ad
3344 5287 3616 5352 victimas,
3651 5290 3726 5337 vi-

2145 5381 2336 5437 etimas
2360 5381 2426 5436 ad
2454 5391 2658 5437 certum
2702 5382 2876 5436 locum
2899 5423 2913 5448 ,
2945 5382 3120 5436 locum
3149 5381 3214 5435 ad
3247 5390 3490 5448 tempus,
3523 5388 3730 5444 tempus
3767 5426 3774 5432 .

2146 5472 2210 5526 ad
2245 5487 2402 5526 unam
2433 5471 2700 5527 civitatem
2745 5472 3044 5534 contraxit,
3077 5487 3139 5526 ac
3169 5485 3354 5526 rursus
3383 5469 3519 5523 hanc
3562 5459 3726 5537 ipsam

2146 5563 2413 5618 civitatem
2452 5563 2751 5617 subvertit?
2779 5562 2931 5618 Adde
2957 5561 3098 5632 quod
3139 5562 3334 5616 mirum
3365 5571 3448 5616 est
3472 5569 3525 5614 et
3556 5558 3726 5612 incre-

2149 5656 2343 5723 dibile,
2393 5665 2534 5714 totus
2565 5665 2826 5712 terrarum
2872 5656 3016 5712 orbis
3045 5654 3355 5712 conceditur
3385 5652 3612 5715 ludmis,
3640 5648 3729 5704 ubi
