4084 6186
535 349 643 403 885

1242 331 1300 387 S.
1341 333 1616 391 JOANNIS
1651 322 2120 388 CHRYSOSTOMI
2161 327 2476 384 ARCIIIEP.
2519 322 3052 388 CONSTANTINOP.

603 446 3306 489 __________________________‘-_

3677 334 3784 393 881

3460 460 3784 477 ξ-

1299 539 1522 649 AD
1544 537 1932 649 VERS
1956 537 2123 644 US
2201 537 2856 645 JUDAEOS
2905 540 2954 642 ⁸.

1087 762 1279 804 ommo
1315 761 1526 812 QUINTA.

602 847 655 900 1.
697 843 846 900 Unde
875 842 1026 896 nobis
1075 841 1231 894 hodie
1270 837 1594 906 frequentior
1615 841 1908 888 conventus
1933 834 2100 886 lactus

525 939 653 994 est?
689 937 769 992 Ad
815 931 1206 1003 efﬂagitandum
1258 931 1397 998 quod
1449 925 1666 996 polliciti
1717 937 1901 977 sumus
1946 924 2101 991 plane

528 1028 873 1091 convenistis,
924 1036 980 1078 ut
1022 1031 1297 1090 argentum
1329 1019 1435 1088 igni
1489 1016 1789 1086 probatum,
1822 1015 1964 1082 quod
2013 1028 2100 1068 me

530 1123 683 1176 vobis
703 1118 1066 1175 exhibiturnm
1099 1114 1479 1184 promiseram,
1511 1108 1802 1176 accipiatis.
1831 1105 1961 1160 Nam
1989 1104 2098 1158 elo-

520 1213 674 1283 quia,
708 1209 898 1279 inquit,
922 1206 1050 1267 Dei,
1077 1203 1274 1271 eloquia
1313 1210 1449 1254 casta
1474 1215 1493 1252 :
1521 1207 1783 1269 argentum
1821 1196 1938 1266 igne
1972 1209 2096 1247 exa-

527 1303 792 1365 minatum,
847 1298 1113 1368 probatum
1155 1303 1300 1346 terra:
1347 1289 1514 1359 (Psal.
1547 1289 1631 1342 11.
1661 1286 1738 1356 7).
1783 1283 2098 1338 Benedictus

528 1393 688 1456 Deus,
711 1406 797 1458 qui
825 1387 974 1442 vobis
1004 1394 1203 1439 tantum
1225 1379 1471 1436 audiendi
1494 1378 1795 1447 spirituales
1815 1389 2094 1430 sermones

529 1481 806 1550 inspiravit
843 1478 1109 1532 ardorem.
1161 1470 1617 1542 Quemadmodum
1655 1467 1796 1522 enim
1853 1466 2096 1521 homines

523 1571 650 1624 vino
674 1579 727 1624 et
755 1566 1058 1639 potionibus
1087 1563 1249 1619 dediti
1275 1603 1288 1626 ,
1317 1561 1524 1631 singulo
1545 1574 1753 1628 quoque
1780 1557 1867 1611 die
1907 1556 2096 1610 obam-

525 1661 746 1725 bulant,
798 1659 1108 1725 curioseque
1151 1654 1480 1722 disquirunt,
1541 1650 1626 1704 ubi
1679 1647 2097 1716 eompotationes

523 1752 808 1823 agitentur,
857 1747 946 1802 ubi
985 1745 1256 1810 convivia,
1289 1742 1376 1797 ubi
1431 1755 1631 1804 ciente,
1682 1738 1772 1791 ubi
1824 1750 2098 1790 comessa-

525 1847 726 1907 tiones,
759 1841 847 1895 ubi
876 1839 1216 1900 temulentize,
1266 1835 1476 1905 phialae,
1509 1842 1740 1887 crateres
1769 1839 1823 1884 et
1867 1827 2093 1897 pocula:

523 1937 602 1992 sic
629 1945 682 1990 ct
708 1947 804 1988 vos
835 1930 1073 2002 quotidie
1098 1928 1254 1982 simul
1281 1936 1440 1994 atque
1485 1923 1824 1978 surrexeritis
1842 1961 1858 1984 ,
1887 1919 2096 1973 curiose

524 2024 826 2099 perquiritis
845 2064 860 2088 ,
884 2023 1095 2076 ubinam
1125 2019 1294 2071 futura
1324 2016 1393 2069 sit
1429 2013 1749 2076 exhortatio,
1778 2011 1866 2064 ubi
1911 2007 2098 2099 atlmof

525 2096 691 2184 uitio,
722 2116 810 2170 ubi
851 2113 1113 2176 doctrina,
1155 2109 1240 2163 ubi
1279 2120 1456 2162 sermo
1511 2104 1576 2158 ad
1630 2103 1850 2172 gloriam
1895 2096 2094 2152 Christi

525 2209 848 2266 conducens.
878 2207 1020 2272 Quas
1043 2203 1112 2256 ob
1139 2214 1225 2255 res
1272 2208 1329 2252 et
1381 2212 1478 2251 nos
1504 2209 1714 2264 quoque
1754 2189 2097 2261 propensiore

523 2299 702 2355 studio
727 2296 866 2368 quod
890 2292 1108 2365 polliciti
1141 2305 1322 2346 sumus
1345 2286 1709 2357 aggredimur:
1747 2291 1802 2337 et
1825 2296 1945 2351 qua:
1975 2291 2094 2348 pro-

527 2391 802 2455 misimus,
855 2383 1202 2442 libentissime
1251 2377 1635 2450 praestabimus.
1685 2373 1869 2442 ltaque
1923 2382 2094 2440 pugna

525 2481 679 2538 nobis
703 2494 822 2536 cum
842 2476 1038 2533 ludatis
1057 2481 1321 2542 suscepta,
1352 2469 1549 2525 exitum
1577 2480 1733 2536 quem
1751 2463 1952 2528 debuit,
1981 2475 2095 2515 sor-

528 2577 620 2631 tita
672 2580 774 2628 est.
823 2570 1102 2638 Troparum
1151 2573 1386 2619 erectum
1429 2569 1540 2625 est,
1586 2569 1641 2613 et
1688 2570 1884 2611 corona
1941 2552 2095 2608 nobis

525 2676 673 2738 parta
697 2671 780 2721 est
797 2705 813 2730 ,
840 2671 892 2716 et
923 2660 1159 2714 bravium
1188 2673 1253 2710 ex
1279 2655 1550 2724 superiore
1574 2650 1832 2707 concinne
1855 2655 2096 2716 reporta-

524 2761 720 2812 vimus.
765 2752 1036 2824 Siquidem
1087 2749 1188 2803 hoc
1237 2758 1642 2814 susceperamus
1688 2739 1983 2810 agendum,
2035 2745 2096 2792 ut

523 2851 1008 2907 demonstraremus
1032 2840 1170 2912 quod
1190 2855 1250 2894 ea
1277 2855 1391 2908 qua:
1413 2851 1554 2891 nunc
1575 2833 1706 2888 ﬁunt
1733 2831 1800 2886 ab
1826 2831 1964 2897 istis,
1988 2829 2094 2882 sint

521 2941 764 3014 qumdam
827 2935 1175 3006 transgressio
1246 2932 1377 3001 legis
1446 2925 1941 2998 prmvarimtloque,
1995 2934 2094 2976 nec

521 3030 662 3088 aliud
684 3043 838 3099 quam
861 3027 1129 3081 hominum
1155 3023 1406 3076 adversus
1425 3019 1588 3073 Deum
1617 3015 1896 3070 commissa
1921 3025 2092 3080 pugna

521 3122 850 3190 bellumque:
884 3118 1042 3187 idque
1070 3114 1180 3169 Deo
1211 3111 1493 3166 auxiliante
1518 3107 1670 3162 nobis
1697 3100 2092 3158 accuratissime

519 3215 938 3268 demonstratum
987 3217 1088 3260 est.
1120 3203 1330 3258 Etenim
1373 3201 1417 3255 si
1443 3199 1706 3254 civitatem
1734 3210 1881 3250 suam
1911 3199 2092 3247 essent

519 3301 803 3372 aliquando
850 3293 1146 3366 recepturi,
1194 3302 1248 3347 et
1291 3292 1356 3345 ad
1401 3289 1676 3359 pristinum
1723 3285 1845 3339 vita:
1896 3291 2089 3338 statum

519 3393 774 3455 redituri,
805 3389 1162 3459 templumque
1181 3386 1525 3437 instauratum
1557 3377 1746 3439 visuri,
1773 3388 2089 3445 quamquam

514 3474 566 3528 id
595 3489 882 3542 numquam
934 3481 1018 3524 est
1065 3471 1328 3534 futurum;
1355 3482 1422 3521 ne
1462 3466 1540 3518 sic
1578 3465 1794 3533 quidem
1835 3466 2093 3516 haberent

509 3565 706 3634 justam
727 3562 1123 3618 excusationem
1152 3573 1336 3613 eorum
1362 3571 1481 3626 qua:
1513 3553 1729 3609 faciunt.
1749 3552 1880 3607 Nam
1904 3560 1959 3606 et
1985 3561 2090 3605 tres

428 3668 436 3692 θ
515 3656 592 3710 illi
617 3655 789 3724 pueri,
819 3662 876 3706 et
904 3650 1104 3714 Daniel,
1137 3651 1422 3718 caaterique
1443 3661 1630 3701 omnes
1653 3644 1745 3716 qui
1770 3645 2017 3700 vivebant
2037 3644 2089 3698 in

513 3746 839 3816 captivitate,
855 3741 1230 3813 exspectabant
1244 3756 1303 3795 se
1317 3747 1622 3808 recepturos
1637 3739 1904 3793 civitatem
1917 3752 2088 3804 suam,

513 3848 574 3892 ut
619 3846 742 3908 post
783 3850 952 3890 annos
991 3834 1318 3905 septuaginta
1362 3830 1607 3886 viderent
1653 3829 1838 3901 patriae
1881 3831 2088 3896 solum,

516 3932 860 4002 pristinisque
906 3929 1146 3984 viverent
1188 3925 1392 3995 legibus
1437 3923 1594 3996 (Dan.
1624 3924 1650 3978 1
1679 3934 1723 3976 et
1748 3923 1906 3992 seqq).
1932 3922 2091 3992 Atqui

510 4020 634 4080 cum
668 4024 768 4078 hoc
797 4022 902 4076 illis
927 4019 1204 4076 evidenter
1228 4025 1371 4073 esset
1395 4017 1712 4087 promissum
1735 4056 1749 4080 ,
1786 4030 1853 4068 ne
1872 4015 1948 4069 sic
1972 4015 2091 4084 qui-

510 4117 636 4172 dem
667 4123 790 4170 ante
823 4110 1228 4183 promissionem
1257 4117 1312 4164 et
1355 4107 1581 4163 reditum
1623 4107 1738 4160 ausi
1786 4113 1909 4160 sunt
1936 4103 2091 4174 quid—

509 4223 672 4279 quam
701 4221 887 4262 eorum
907 4204 1080 4259 facere
1099 4203 1246 4273 juxta
1279 4201 1410 4271 legis
1437 4200 1603 4266 ritus,
1626 4215 1744 4268 qua:
1767 4197 1962 4252 faciunt
1983 4197 2090 4251 isti.

513 4302 628 4355 lloc
655 4311 808 4369 pacto
834 4295 1032 4368 poteris
1069 4308 1123 4351 et
1153 4296 1263 4365 ipse
1284 4295 1470 4350 Judmo
1525 4308 1587 4347 os
1613 4291 1914 4346 occludere.
1948 4291 2092 4360 [toga

510 4395 660 4448 illum
677 4432 693 4458 ,
721 4407 822 4462 qua
848 4391 915 4445 de
941 4405 1098 4444 causa
1124 4388 1335 4458 jejunas
1357 4429 1371 4452 ,
1401 4401 1521 4440 cum
1552 4401 1657 4439 non
1686 4384 1883 4438 habeas
1909 4383 2093 4438 civita-

512 4482 666 4538 tem?
693 4481 845 4550 Quod
864 4483 908 4535 si
931 4482 1142 4546 dixerit,
1166 4480 1415 4549 quoniam
1445 4494 1603 4548 spero
1632 4493 1718 4533 me
1755 4488 2091 4546 recepturum

509 4573 807 4638 civitatem,
836 4572 920 4626 dic
947 4572 1020 4625 illi
1054 4589 1066 4625 :
1102 4571 1322 4638 proinde
1350 4570 1585 4639 quiesce,
1612 4569 1782 4622 donec
1807 4570 2089 4637 receperis.

517 4668 651 4725 Nam
699 4667 775 4720 illi
823 4667 1021 4731 sancti,
1050 4664 1221 4718 donec
1261 4663 1326 4717 ad
1355 4663 1578 4732 patriam
1624 4677 1773 4715 suam
1823 4661 2090 4726 redirent,

511 4761 650 4817 nihil
675 4776 859 4815 eorum
889 4775 1007 4828 qua:
1037 4766 1092 4811 tu
1122 4757 1250 4810 lacis
1274 4797 1287 4821 ,
1312 4755 1426 4809 ausi
1457 4764 1582 4808 sunt
1605 4753 1798 4808 facere.
1830 4754 2091 4820 Proinde,

511 4865 569 4910 ut
595 4854 772 4924 palam
791 4861 893 4917 est,
924 4865 1062 4904 nunc
1086 4849 1254 4917 legem
1283 4848 1374 4902 Dei
1396 4847 1564 4901 violas
1593 4866 1603 4900 :
1629 4845 1859 4912 etiamsi,
1893 4854 1951 4899 ut
1978 4845 2058 4900 ais
2077 4887 2092 4910 ,

513 4957 830 5015 recepturus
855 4943 928 4996 sis
957 4942 1221 4996 civitatem
1247 4979 1262 5005 ,
1295 4950 1468 4992 tamen
1497 4950 1646 5008 pacta
1674 4953 1793 4992 cum
1827 4937 1939 4992 Deo
1968 4938 2095 4991 inita

510 5037 808 5102 rescindis,
835 5046 889 5090 et
917 5035 968 5088 in
998 5037 1167 5103 ipsum
1189 5033 1313 5085 vita:
1338 5038 1533 5084 statum
1563 5031 1984 5084 contumeliosus
2013 5043 2092 5082 es.

517 5131 680 5202 igitur
729 5130 780 5184 in
811 5127 1052 5184 oratione
1077 5124 1354 5193 superiore
1374 5121 1602 5176 diximus
1628 5133 1819 5176 vestra:
1849 5121 2094 5186 caritati,

508 5232 766 5295 quantum
811 5220 939 5276 satis
980 5217 1047 5272 ad
1077 5214 1458 5272 retundendam
1491 5212 1791 5268 Judmorum
1823 5212 2100 5282 impuden-

513 5317 676 5382 tiam,
702 5323 758 5369 et
775 5311 842 5366 ad
872 5307 1290 5380 redarguendam
1307 5320 1491 5361 eorum
1517 5305 2026 5375 prtevarieationem.

587 5404 852 5476 Templum
894 5401 1192 5456 Judworum
1235 5414 1508 5467 numquam
1556 5394 1949 5449 restaurandum
1995 5409 2102 5447 esse

513 5509 775 5570 precatur.
806 5479 878 5535 -Ῐ-
897 5494 1159 5550 Caeterum
1198 5489 1410 5560 quando
1441 5503 1543 5543 non
1569 5487 1673 5542 hoc
1713 5497 1914 5541 tantum
1945 5484 2100 5539 nobis

515 5597 632 5644 erat
673 5587 1022 5656 propositum,
1055 5595 1110 5638 ut
1137 5583 1346 5637 illorum
1375 5596 1466 5636 ora
1495 5581 1884 5645 clauderemus,
1913 5592 2096 5633 verum

518 5686 581 5731 ut
605 5679 899 5733 Ecclesiam
947 5675 1214 5742 cepiosius
1243 5674 1311 5728 de
1353 5674 1463 5728 suis
1498 5673 1726 5744 propriis
1763 5671 2099 5742 dogmatibus

581 5786 602 5816 ι
636 5787 687 5828 ἰι
698 5791 755 5828 es
772 5774 905 5836 3153.,
922 5785 1094 5827 contra
1115 5777 1319 5829 Jttdaros
1331 5778 1547 5831 Ilomilia
1568 5778 1726 5829 tertia.

2207 742 2588 797 edoceremus:
2616 757 2713 813 age
2728 731 2920 798 rursus
2943 752 2997 798 et
3025 745 3125 800 hoc
3149 759 3212 800 ex
3239 744 3526 800 abundanti
3552 745 3792 802 demou-

2205 842 2454 896 stremus,
2481 833 2622 902 quod
2646 835 2896 903 templum
2935 850 3217 902 numquam
3245 834 3642 898 instaurabitur,
3685 850 3783 891 ne-

2203 939 2304 992 que
2333 925 2396 977 ad
2429 925 2706 992 pristinum
2733 926 2854 978 vite
2879 935 3072 979 statum
3098 926 3407 980 restituendi
3439 925 3608 980 Judmi
3634 936 3781 983 sunt.

2205 1013 2314 1066 Hoc
2337 1023 2492 1083 pacto
2518 1015 2628 1077 net,
2660 1024 2720 1068 ut
2741 1023 2794 1068 et
2818 1030 2913 1070 vos
2932 1016 3176 1070 exactius
3203 1017 3461 1071 noveritis
3489 1017 3786 1085 apostolica

2205 1101 2472 1170 dogmata,
2497 1113 2551 1157 et
2581 1103 2656 1158 illi
2685 1113 2866 1158 contra
2887 1105 2953 1158 ad
2999 1105 3252 1174 majorem
3294 1107 3616 1174 impietatem
3650 1123 3776 1175 pro-

2206 1191 2340 1261 lapsi
2382 1193 2680 1262 capiantur.
2725 1194 2919 1248 llarum
2952 1210 3076 1249 vero
3108 1211 3284 1250 rerum
3317 1206 3505 1250 testem
3550 1197 3784 1252 adduce-

2207 1299 2322 1338 mus
2361 1299 2464 1339 non
2493 1287 2762 1355 angelum,
2793 1303 2898 1340 non
2928 1287 3325 1357 archangelum,
3361 1289 3454 1342 sed
3484 1291 3628 1342 orbis
3653 1291 3776 1344 uul-

2204 1374 2342 1427 versi
2375 1376 2662 1444 principem
2695 1376 2971 1430 Dominum
3003 1388 3239 1432 nostrum
3272 1379 3450 1433 Jesunt
3483 1380 3778 1435 Christum.

2205 1462 2253 1516 Is
2293 1466 2454 1530 enim,
2485 1483 2607 1521 cum
2649 1469 2916 1538 ingressus
2953 1469 3337 1542 Jcrosolymam
3382 1473 3593 1528 vidisset
3639 1457 3777 1528 tem.-

2204 1557 2370 1626 plum,
2416 1559 2582 1612 dixit:
2615 1559 2872 1614 Futurum
2901 1573 2954 1614 ut
2980 1561 3300 1632 Jerosolyma
3336 1567 3715 1619 θωρακίων-ερατ
3742 1584 3778 1619 a

2202 1651 2431 1721 gentibus
2477 1653 2675 1716 multis,
2722 1653 2881 1707 donec
2923 1655 3247 1722 implerentur
3289 1667 3515 1726 tempora
3554 1660 3778 1728 gentium

2203 1744 2476 1795 multarum
2506 1741 2657 1814 (Luc.
2680 1742 2772 1796 21.
2807 1743 2900 1814 24)
2928 1761 2940 1797 :
2972 1753 3179 1814 tempus
3199 1746 3500 1814 signiﬁcans
3525 1763 3692 1817 usque
3710 1748 3780 1802 ad

2201 1834 2710 1890 consummationem
2755 1836 2958 1890 mundi.
3003 1837 3079 1890 Ac
3110 1851 3291 1890 rursus
3331 1837 3444 1891 lucc
3468 1837 3536 1892 de
3579 1838 3786 1907 templo

2201 1925 2549 1980 comminatus
2575 1936 2677 1992 est,
2729 1927 2952 1995 loquens
2996 1927 3290 1995 discipulis,
3324 1941 3429 1981 non
3472 1943 3781 1982 mansurum

2204 2014 2432 2084 lapidem
2469 2030 2630 2084 super
2673 2015 2901 2086 lapidem
2942 2016 2994 2069 in
3033 2031 3098 2070 eo
3129 2015 3245 2070 loco
3270 2017 3356 2085 qui
3405 2031 3510 2070 non
3538 2017 3782 2072 diruatur

2203 2105 2413 2178 (Matth.
2459 2105 2549 2160 21.
2601 2106 2700 2176 2);
2752 2108 3028 2176 ρετειιὶευε
3073 2107 3365 2176 ιπωάὶεεηε
3409 2122 3530 2162 eum
3562 2123 3785 2184 prorsus

2201 2195 2612 2260 abolendum,et
2640 2197 2690 2250 in
2715 2206 3020 2266 perpetuam
3045 2196 3382 2251 solitudinem
3406 2184 3780 2267 redigendum.

2205 2284 2396 2340 Verum
2426 2284 2638 2340 Iudaeus
2674 2286 2892 2340 omnino
2921 2285 3095 2354 rejicit
3119 2285 3219 2341 boc
3247 2287 3631 2356 testimonium,
3680 2304 3782 2344 nec

2200 2377 2388 2448 recipit
2413 2391 2472 2432 ea
2503 2393 2622 2447 qum
2648 2377 2893 2431 dicimus.
2926 2377 3178 2432 Inimicus
3211 2378 3374 2443 enim,
3405 2379 3594 2447 inquit.
3624 2396 3779 2433 meus

2200 2474 2301 2532 est,
2327 2467 2417 2537 qui
2445 2468 2567 2522 talia
2597 2467 2860 2537 loquitur;
2891 2482 2992 2538 ego
3020 2467 3164 2522 illum
3188 2467 3339 2537 adegi
3372 2469 3423 2521 in
3451 2485 3664 2523 crucem
3686 2487 3702 2532 ;
3725 2480 3783 2524 et

2199 2558 2464 2626 quomodo
2489 2559 2738 2628 recipiam
2763 2559 2904 2614 illius
2935 2558 3335 2614 testimonium?
3365 2561 3520 2630 Atqui
3550 2561 3654 2615 hoc
3684 2564 3770 2631 ip-

2199 2663 2318 2702 sum
2351 2649 2540 2702 mirum
2563 2655 2667 2715 est,
2713 2664 2748 2704 o
2771 2649 2972 2716 Judzee,
3003 2648 3144 2720 quod
3177 2665 3298 2704 cum
3345 2659 3401 2705 tu
3445 2652 3784 2708 cruciﬁxeris

2199 2753 2344 2804 eum,
2375 2739 2461 2793 ille
2491 2748 2770 2809 postquam
2801 2739 2897 2795 abs
2924 2749 2975 2796 te
2998 2741 3282 2798 cruciﬁxus
3311 2751 3413 2806 est,
3442 2750 3566 2797 tunc
3589 2743 3780 2798 civitao

2201 2838 2306 2883 tem
2338 2839 2479 2884 tuam
2507 2831 2714 2896 evertit,
2749 2840 2889 2885 tuam
2917 2840 3128 2902 gentem
3153 2831 3446 2901 dissipavit,
3491 2841 3639 2887 tuum
3679 2847 3780 2902 po—

2198 2921 2378 2989 pulum
2411 2936 2503 2990 per
2531 2922 2840 2976 universum
2868 2927 3050 2977 orbem
3081 2923 3369 2993 dispersit:
3400 2923 3644 2978 videlicet
3692 2941 3781 2980 re-

2198 3012 2308 3082 ipsa
2329 3011 2626 3078 declarans,
2655 3027 2714 3068 se
2739 3013 3116 3081 resurrexisse,
3147 3028 3211 3068 ac
3235 3015 3433 3077 vivere,
3458 3022 3620 3083 atque
3635 3029 3784 3070 nunc

2197 3117 2317 3158 esse
2361 3103 2413 3157 in
2439 3104 2601 3158 czelis.
2642 3103 2902 3170 Quoniam
2934 3105 3076 3160 enim
3118 3120 3186 3160 ex
3224 3104 3511 3160 benefactis
3554 3106 3774 3160 noluisti

2197 3199 2486 3262 potentiam
2527 3196 2666 3250 illius
2697 3211 3042 3266 cognoscere,
3075 3213 3169 3266 per
3199 3213 3384 3267 pmnas
3409 3213 3472 3252 ac
3509 3201 3776 3268 supplicia

2195 3283 2581 3341 demonstravit
2608 3287 2769 3341 robur
2791 3302 2965 3349 suum.
2998 3288 3303 3343 inevitabile
3328 3290 3525 3358 pariter
3545 3299 3602 3344 et
3627 3292 3785 3344 inex-

2199 3377 2497 3446 pugnabile.
2532 3379 2598 3431 At
2625 3392 2690 3431 ne
2730 3378 2808 3432 sic
2837 3377 3048 3448 quidem
3090 3378 3286 3444 credis,
3316 3387 3408 3432 aut
3434 3388 3588 3448 putas
3630 3379 3782 3434 illum

2198 3479 2318 3521 esse
2344 3465 2531 3531 Deum,
2561 3481 2624 3521 ac
2654 3467 2817 3524 totius
2844 3469 2987 3524 orbis
3018 3470 3334 3537 Dominum;
3365 3471 3458 3526 sed
3504 3473 3790 3529 arbitraris

2200 3556 2472 3613 hominem
2511 3557 2676 3614 fuisse
2704 3559 2996 3630 vulgarem.
3029 3561 3143 3631 Age
3183 3561 3359 3632 igitur,
3398 3563 3617 3632 perinde
3645 3580 3710 3620 ac
3738 3567 3790 3620 si

2199 3649 2361 3705 homo
2386 3659 2590 3705 tantum
2635 3651 2811 3717 fuerit,
2860 3668 2973 3708 rem
3013 3655 3364 3710 excutiamus.
3391 3657 3524 3711 Cum
3570 3659 3786 3728 aliquos

2199 3740 2440 3796 videmus
2470 3741 2734 3809 homines,
2761 3759 2896 3812 quos
2922 3744 2973 3798 in
3008 3745 3257 3800 omnibus
3281 3749 3643 3816 comperimus
3665 3765 3792 3805 esse

2201 3845 2440 3898 veraces,
2491 3847 2590 3888 nec
2616 3833 2721 3887 ulla
2753 3833 2806 3888 itt
2837 3850 2897 3888 re
2924 3836 3244 3891 mentientes
3264 3853 3282 3890 :
3316 3838 3526 3905 horuttt,
3575 3841 3789 3895 etiamsi

2201 3921 2394 3976 l'uerint
2423 3923 2624 3988 hostes,
2655 3924 2814 3979 modo
2838 3925 3128 3994 sapiamus,
3160 3926 3299 3982 dicta
3327 3930 3614 3998 recipimus
3640 3932 3786 3986 Rur-

2197 4029 2315 4067 sum
2344 4015 2389 4069 si
2419 4014 2704 4069 viderimus
2731 4029 2826 4071 eos
2863 4018 3197 4083 mentientes,
3228 4019 3435 4073 etiamsi
3467 4024 3518 4073 in
3547 4022 3784 4076 noanul-

2199 4104 2263 4158 lis
2291 4119 2508 4160 veraces
2534 4104 2749 4172 fuerint,
2781 4121 2882 4162 nec
2903 4107 2988 4161 illa
3012 4107 3164 4163 facile
3187 4109 3488 4177 recipimus,
3519 4126 3641 4179 qua:
3661 4127 3789 4166 vere

2197 4196 2267 4249 ab
2294 4195 2396 4249 illis
2419 4195 2564 4250 dicta
2586 4206 2730 4251 sunt.

2270 4288 2324 4340 2.
2367 4287 2619 4342 Christum
2644 4289 2698 4341 in
2734 4289 3140 4358 prazdictionibus
3178 4307 3382 4360 prorsus
3406 4305 3630 4343 ueracem
3676 4307 3786 4344 esse

2199 4379 2588 4434 demonstratur.
2610 4409 2684 4422 -—
2703 4383 2813 4451 Age
2839 4397 2997 4446 nunc,
3029 4382 3428 4436 consideremus
3447 4382 3642 4438 Christi
3669 4401 3788 4440 tnu—

2199 4489 2288 4528 res
2312 4482 2366 4528 et
2409 4473 2590 4527 vitam.
2639 4473 2756 4528 Non
2799 4475 2941 4530 enim
2972 4475 3072 4530 hoc
3102 4485 3301 4529 tantum
3344 4477 3486 4546 quod
3525 4477 3784 4540 diximus,

2200 4565 2468 4634 prmdixit,
2501 4577 2660 4635 atque
2691 4567 3081 4636 praenuntiavit,
3117 4583 3300 4621 verum
3325 4570 3486 4622 etiam
3515 4569 3619 4623 alia
3642 4572 3785 4624 mul-

2203 4667 2274 4722 ta,
2303 4655 2460 4725 longo
2489 4665 2608 4726 post
2638 4666 2876 4725 tempore
2901 4667 3144 4721 ventura,
3173 4658 3488 4712 vaticinatus
3515 4670 3617 4713 est.
3658 4659 3786 4712 l’ro-

2202 4747 2433 4802 feramus
2461 4750 2617 4819 igitur
2643 4751 3017 4820 praedictiones
3046 4751 3161 4804 illas
3191 4752 3242 4805 in
3274 4751 3509 4806 medium
3535 4771 3548 4805 :
3578 4753 3631 4806 in
3662 4753 3785 4822 qui-

2201 4839 2302 4894 bus
2327 4841 2372 4894 si
2403 4841 2599 4897 videris
2624 4842 2769 4895 illum
2801 4842 3133 4908 mendacem,
3164 4858 3230 4898 ne
3255 4843 3390 4898 hanc
3414 4844 3630 4912 quidem
3652 4844 3792 4900 reci-

2204 4931 2334 5000 pito,
2381 4947 2553 5001 neque
2596 4943 2751 5001 putes
2790 4933 2863 4987 illi
2913 4933 3069 4988 ﬁdem
3104 4935 3424 4990 habendam.
3473 4936 3696 5000 Contra,
3739 4939 3787 4991 si

2204 5021 2399 5075 videris
2429 5022 2576 5076 illum
2609 5022 2659 5076 in
2705 5027 2912 5078 caneris
2951 5025 3198 5078 omnibus
3234 5040 3502 5088 veracem,
3553 5037 3609 5081 et
3647 5027 3792 5080 hanc

2204 5114 2373 5181 ipsam
2421 5113 2813 5182 pra-dictionem
2858 5114 3100 5169 evenisse
3144 5131 3156 5166 :
3206 5117 3398 5170 deinde
3435 5133 3556 5171 cum
3606 5119 3787 5171 vidi-as

2205 5204 2521 5259 immensum
2555 5214 2851 5274 temporum
2895 5207 3220 5262 curriculum
3264 5218 3524 5262 atteslans
3573 5212 3785 5264 veritati

2199 5309 2388 5350 eorum
2415 5313 2534 5364 qua:
2561 5297 2824 5365 praedixit,
2869 5313 2936 5352 ne
2965 5297 3092 5352 velis
3133 5300 3266 5353 ultra
3308 5299 3594 5368 perfrcarc
3639 5303 3785 5355 [γοη-

2206 5393 2334 5450 tem,
2369 5401 2540 5455 neque
2566 5386 2727 5441 rebus
2752 5388 2864 5442 sole
2893 5389 3210 5442 clarioribus
3234 5390 3562 5458 obstrepere.
3602 5391 3790 5444 Videa-

2204 5489 2322 5528 mus
2345 5476 2503 5546 igitur
2521 5478 2646 5547 quid
2670 5490 2925 5548 pneterea
2948 5479 3270 5549 pra-dixerit.
3292 5480 3528 5534 Accessit
3549 5482 3615 5534 ad
3641 5481 3784 5535 illaut

2205 5564 2398 5620 mulier
2417 5566 2737 5622 alabastrum
2763 5569 2960 5624 habens
2983 5572 3232 5638 unguenti
3262 5572 3498 5638 pretiosi.
3521 5584 3570 5624 et
3606 5571 3785 5625 ell'udit

2205 5667 2528 5726 unguentum
2554 5659 2764 5732 (Matth.
2794 5659 2906 5731 26).
2935 5661 3048 5716 Hoc
3077 5663 3269 5715 factum
3312 5661 3524 5730 indigne
3553 5663 3784 5718 ferentes

2205 5749 2468 5821 discipuli,
2497 5752 2743 5810 dicebant
2769 5773 2780 5804 :
2806 5755 2974 5824 Quare
2999 5773 3097 5810 non
3119 5757 3470 5810 venumdatam
3491 5766 3566 5810 est
3594 5769 3782 5811 trecen~

3209 5884 3250 5908 ς
