4084 6186
522 303 633 358 885

519 416 877 487 τριακοσίων
896 414 1215 484 δηναρίων,
1246 414 1343 467 καὶ
1370 412 1548 479 ἐδόθη
1579 410 1834 478 πτωχοῖς
1850 427 1868 475 ;
1907 412 2101 478 Ἐγκα-

519 501 625 554 λῶν
654 500 834 552 τοίνυν
862 499 1044 560 αὐτοῖς
1063 538 1075 561 ,
1104 496 1247 550 οὕτω
1277 512 1392 558 πως
1421 492 1576 564 φησί’
1599 493 1658 546 Τί
1691 494 1923 557 κόπους
1953 507 2103 557 παρ-

517 586 686 654 έχετε
735 580 812 650 τῇ
875 582 1116 651 γυναικί
1137 597 1155 643 ;
1207 579 1387 649 ἔργον
1440 577 1549 646 γὰρ
1584 576 1776 630 καλὸν
1831 577 2100 642 ἐποίησε.

1184 296 1243 350 S.
1283 293 1565 348 JUANNIS
1605 288 2095 346 CIIIH'SOSTOMI
2135 287 2453 345 ARCHIEP.
2495 290 3051 350 CONSTABTINOI‘.

3692 295 3797 352 886

2209 410 2439 480 τήγανα,
2472 412 2565 464 καί
2616 412 2973 475 καταπέλται,
3016 412 3110 466 καὶ
3153 411 3397 480 λέϐητες,
3432 412 3525 466 καί
3556 413 3799 483 κάμινοι.

2206 496 2301 548 καὶ
2332 493 2546 559 λάκκοι,
2605 497 2700 549 καὶ
2738 497 2995 567 κρημνοὶ,
3033 496 3127 549 καὶ
3168 495 3371 567 θηρίων
3427 494 3670 561 ὀδόντες,
3706 500 3801 553 καὶ

2206 576 2443 648 πελάγη,
2470 579 2564 632 καὶ
2591 578 2905 650 δημεύσεις,
2939 581 3034 633 καί
3074 579 3238 650 ἕτερα
3271 578 3439 649 μυρία
3473 578 3803 650 βασανιστή-

450 723 454 726 .
520 667 682 735 Λέγω
713 665 823 734 γὰρ
850 663 1012 732 ὑμῖν,
1036 662 1188 716 ὅπου
1216 662 1327 715 ἐὰν
1352 657 1627 728 κηρυχθῇ
1653 674 1726 712 το
1739 657 2106 729 Εὐαγηυέλιιν
2210 676 2300 731 ρια
2332 661 2454 713 οὐδὲ
2481 660 2626 731 λόγῳ
2656 661 2816 732 ῥητά,
2856 663 2978 716 οὐδὲ
3008 662 3155 733 ἔργῳ
3179 662 3412 733 φορητὰ,
3450 664 3544 716 καὶ
3565 663 3625 716 οὐ
3650 664 3803 733 παρὰ

456 750 464 794 ἱ
517 749 693 805 τοῦτο
724 752 811 815 εἰς
836 747 1044 802 πᾶσαν
1090 747 1205 814 τὴν
1230 744 1368 815 γῆν,
1403 744 1504 798 καὶ
1542 743 1573 796 ὃ
1623 743 1916 811 ἐποίησεν
1951 743 2104 809 αὕτη

516 831 928 899 λαληθήσεται
990 832 1075 895 εἰς
1130 828 1533 897 μνημόσυνον
1572 823 1783 892 αὐτῆς.
1844 820 1970 894 ’Ἆρ’
2015 820 2106 877 οὖν

520 914 806 983 ἐψεύσατο,
838 914 872 984 ἢ
907 911 1241 981 ἡλήθευσεν;
1276 908 1435 962 ἔλαϐε
1462 907 1612 971 τέλος
1654 909 1687 978 ἡ
1720 906 2103 979 προφητεία,ἥ

514 994 797 1061 διέπεσεν;
863 993 1164 1066 Ἐρώτησον
1217 991 1308 1045 τὸν
1375 990 1644 1043 Ἰουδαῖον·
1696 989 1801 1043 κᾶν
1853 990 2109 1060 μυριάκις

517 1081 851 1151 ἀναισχυντῇ
899 1078 1034 1149 πρὸς
1059 1078 1156 1146 τὴν
1184 1076 1491 1147 πρόρρησιν
1536 1072 1738 1145 ταύτην
1792 1073 2107 1142 ἀντιϐλέψαι

516 1162 616 1232 οὐχ
644 1162 755 1227 ἕξει
789 1174 838 1217 α.
874 1161 984 1215 Καὶ
1008 1159 1118 1230 γάρ
1149 1160 1204 1211 ἐν
1239 1157 1555 1228 ἐκκλησίαις
1581 1157 1819 1219 άπάσαις
1840 1156 2107 1227 ἀκούομεν

516 1246 616 1317 τὴν
648 1248 878 1314 γυναῖκα
923 1244 1280 1314 λαλουμένην,
1341 1242 1438 1295 καὶ
1489 1241 1782 1311 ἑστήκασιν
1820 1239 2107 1302 ἀκούοντες

520 1328 737 1393 ὕπατοι,
772 1327 1091 1399 στρατηγοὶ,
1151 1325 1363 1396 ἄνδρες,
1420 1325 1715 1393 γυναῖκες,
1766 1325 2107 1394 περιφανεῖς,

518 1413 801 1485 ἐπίσημοι,
836 1411 1078 1482 λαμπροί
1108 1414 1165 1462 ἐν
1192 1411 1431 1471 άπάσαις
1466 1408 1703 1461 πόλεσινο
1741 1408 1835 1461 καὶ
1866 1408 2108 1478 ὅπουπερ

519 1497 586 1550 ἂν
609 1496 780 1567 ἀφίκῃ
810 1496 909 1565 τῆς
958 1493 1304 1563 οἰκουμένης,
1346 1492 1481 1563 μετά
1518 1492 1697 1563 πάσης
1722 1491 1954 1561 ἡσυχίας
1980 1491 2109 1545 πάν-

519 1597 610 1643 τες
661 1578 919 1633 ἀκούουσι
953 1577 1046 1630 τοῦ
1079 1579 1178 1648 τῆς
1223 1577 1481 1646 γυναικὸς
1516 1575 1962 1647 κατορθώματος,
2018 1573 2109 1627 καί

518 1664 617 1716 οὐκ
639 1662 753 1715 ἔστι
786 1662 948 1733 μέρος
973 1661 1067 1731 τῆς
1094 1660 1438 1730 οἰκουμένης,
1467 1659 1495 1710 ὃ
1520 1659 1581 1711 τὸ
1605 1658 1895 1727 γενόμενον
1919 1657 2111 1725 ἠγνόη-

522 1762 639 1800 σεν.
664 1746 856 1799 Καίτοι
910 1744 1065 1797 πόσοι
1117 1742 1353 1813 βασιλεῖς
1384 1741 1555 1794 πολλὰ
1606 1741 1699 1794 καὶ
1754 1738 1964 1809 μεγάλα
1998 1739 2110 1809 εἰρ-

518 1829 755 1897 γάσαντο
777 1828 875 1891 τάς
906 1827 1088 1889 πόλεις
1116 1826 1145 1865 ι)
1175 1824 1374 1894 ἀγαθὰ,
1403 1824 1494 1876 καὶ
1524 1822 1788 1894 πολέμους
1816 1820 2109 1893 κατώρθω-

520 1930 639 1977 σαν,
669 1913 763 1966 καὶ
785 1911 1020 1982 τρόπαια
1054 1907 1224 1961 πολλὰ
1249 1906 1502 1976 ἔστησαν,
1550 1905 1645 1958 καὶ
1673 1904 1800 1976 ἔθνη
1823 1904 2106 1963 διέσωσαν,

519 1995 612 2049 καὶ
640 1994 821 2058 πόλεις
861 1992 1186 2062 ἀνέστησαν,
1218 1990 1315 2043 καὶ
1347 1988 1645 2061 προσόδους
1682 1986 1886 2059 μυρίας
1941 2002 2111 2057 προσ-

519 2079 838 2149 εκτήσαντο·
888 2074 1002 2128 ἀλλ’
1034 2076 1185 2144 ὅμως
1215 2072 1533 2141 σεσίγηνται
1566 2069 1704 2140 μετά
1728 2069 1838 2122 τῶν
1894 2068 2109 2149 οἰκείων

520 2148 983 2228 κατορθωμάτων.
1018 2155 1127 2210 Καὶ
1166 2153 1439 2224 βασιλίδες
1488 2150 1703 2217 πολλαὶ,
1740 2150 1836 2204 καὶ
1875 2148 2110 2220 μεγάλαι

521 2243 809 2311 γυναῖκες,
872 2239 1041 2312 μυρία
1096 2238 1221 2301 τοὺς
1272 2235 1607 2308 ἀρχομένους
1659 2234 2108 2306 εύεργετήσασαι,

520 2325 641 2380 ούδέ
670 2324 730 2391 ἐξ
776 2323 1035 2395 ὀνόματός
1065 2320 1170 2377 εἰσί
1221 2338 1329 2373 τισι
1357 2318 1649 2391 γνώριμαι.
1707 2319 1774 2371 Ἥ
1808 2317 1865 2371 δὲ
1890 2316 2113 2389 εὐτελὴς

520 2406 663 2478 αῦτη
689 2406 848 2476 γυνὴ,
901 2406 1078 2459 ἔλαιον
1112 2404 1431 2474 καταχέασα
1474 2402 1657 2474 μόνον,
1710 2398 1987 2470 πανταχοῦ
2016 2398 2113 2469 τῆς

519 2491 847 2563 οἰκουμένης
871 2489 1079 2560 ᾅδεται,
1114 2488 1209 2542 καὶ
1257 2489 1449 2558 χρόνου
1485 2485 1691 2555 πλῆθος
1732 2483 1985 2537 τοσοῦτον
2014 2482 2113 2535 οὐκ

521 2576 744 2629 ἔσϐεσεν
768 2574 940 2644 αὐτῆς
969 2572 1065 2643 τὴν
1118 2572 1363 2643 μνήμην,
1392 2570 1517 2623 οὐδὲ
1551 2568 1734 2622 σϐέσει
1782 2565 1932 2640 [630]
1960 2565 2109 2619 ποτέ·

519 2659 701 2712 καίτοι
724 2656 845 2710 οὐδὲ
872 2655 931 2708 τὸ
965 2655 1125 2725 ἔργον
1154 2652 1472 2724 περιφανές
1505 2652 1558 2705 τί
1584 2651 1693 2722 γάρ
1716 2646 1806 2722 ἦν,
1837 2649 1897 2703 τὸ
1929 2648 2108 2702 ἔλαιον

522 2741 842 2811 καταχέειν;
876 2731 998 2792 οὐδὲ
1021 2738 1081 2790 τὸ
1104 2737 1396 2808 πρόσωπον
1425 2735 1716 2806 ἐπίσημον⁸
1748 2733 1887 2804 γυνὴ
1913 2731 2021 2803 γάρ
2045 2728 2113 2802 ἦν

521 2822 889 2896 ἀπεῤῥιμένη’
919 2820 1041 2873 οὐδὲ
1089 2820 1139 2873 οἰ
1177 2818 1450 2891 μάρτυρες
1496 2817 1699 2871 πολλοί·
1754 2815 1955 2888 μεταξὺ
2004 2814 2113 2886 γὰρ

521 2909 631 2963 τῶν
697 2904 954 2978 μαθητῶν
1009 2903 1283 2972 ἐποίησεν·
1337 2901 1456 2954 ούδέ
1497 2901 1525 2953 ό
1583 2900 1747 2963 τόπος
1790 2896 2109 2968 κατάδηλος

522 2993 646 3046 οὐδὲ
705 2991 810 3062 γὰρ
853 2991 910 3042 ἐν
945 2988 1155 3059 θεάτρῳ
1203 2983 1546 3057 παρελθοῦσα
1595 2982 1753 3037 τοῦτο
1798 2981 2111 3054 εἰργάσατο,

526 3074 643 3128 ἀλλ’
672 3077 729 3127 ἐν
757 3072 924 3143 οἰκίᾳ,
956 3070 1089 3124 δέκα
1120 3069 1279 3139 μόνον
1309 3066 1593 3140 παρόντων
1629 3064 1951 3138 ἀνθρώπων.
1971 3063 2111 3117 Ἀλλ’

523 3160 674 3229 ὅμως
693 3155 819 3210 οὔτε
846 3156 879 3227 ὴ
911 3153 1156 3208 εὐτέλεια
1187 3150 1280 3205 τοῦ
1311 3150 1629 3220 προσώπου,
1656 3147 1781 3202 οὔτε
1805 3149 1838 3219 ή
1864 3147 2113 3229 ὀλιγότης

523 3228 634 3295 τῶν
686 3236 1001 3310 μαρτύρων,
1056 3234 1181 3288 οὗτε
1202 3234 1263 3288 τὸ
1310 3234 1523 3304 ἄσημον
1557 3231 1650 3285 τοῦ
1678 3232 1846 3285 τόπου
1886 3243 1934 3294 ε,
1992 3228 2114 3283 οὔτε

524 3324 654 3379 ἄλλο
680 3321 831 3376 οὐδὲν
862 3320 1078 3390 ἴσχυσεν
1107 3317 1279 3387 αὐτῆς
1309 3316 1569 3387 ἀφανίσαι
1599 3314 1699 3385 τὴν
1722 3314 1961 3386 μνήμηνο
1980 3311 2116 3366 ἀλλά

526 3405 816 3478 βασιλίδων
865 3402 1076 3467 πασῶν,
1109 3403 1203 3457 καὶ
1260 3400 1524 3471 βασιλέων
1564 3398 1820 3453 ἁπάντων
1863 3397 2114 3468 λαμπρο-

528 3490 659 3562 τέρα
685 3487 780 3543 νῦν
807 3490 955 3542 ἐστιν
979 3488 1012 3557 ή
1050 3487 1209 3558 γυνὴ,
1238 3487 1331 3539 καὶ
1360 3485 1551 3558 χρόνος
1571 3483 1744 3547 οὐδεὶς
1770 3480 1908 3554 λήθῃ
1936 3480 1998 3535 τὺ
2022 3497 2116 3549 γε·

524 3575 751 3644 νόμενον
813 3569 1123 3640 παρέδωκε.
1174 3568 1373 3633 ῙΙόθεν;
1413 3568 1535 3622 εἰπέ
1593 3585 1715 3639 μοι·
1766 3566 1913 3629 τίνος
1956 3562 2116 3617 τοῦτο

530 3653 952 3724 ἐργασαμένους
989 3652 1109 3721 οὐχὶ
1161 3651 1254 3704 τοῦ
1302 3648 1727 3722 θεραπευθέντος
1779 3647 1901 3701 τότε
1955 3644 2116 3709 Θεοῦ,

520 3734 806 3805 πανταχοῦ
835 3732 931 3804 τὴν
963 3734 1152 3806 φήμην
1204 3732 1406 3804 ταύτην
1447 3731 1897 3803 διασπείραντος;
1933 3728 2117 3782 Ταῦτα

524 3814 621 3872 οῦν
667 3815 1015 3888 ἀνθρωπίνης
1071 3815 1376 3887 δυνάμεως,
1426 3814 1547 3868 εἰπέ
1595 3832 1708 3885 μοι,
1779 3813 1839 3867 τὸ
1890 3811 2117 3868 τοιαῦτα

476 3901 976 3985 ηωαωνεῖν;
1038 3900 1131 3952 καὶ
1158 3898 1242 3964 τίς
1296 3896 1361 3953 ἂν
1390 3898 1562 3952 ταῦτα
1594 3899 1743 3950 εἴποι
1788 3893 1914 3951 νοῦν
1942 3894 2113 3966 ἔχων;

526 3976 604 4039 Ῠὸ
639 3984 738 4057 μὲν
764 3982 873 4055 γάρ
897 4002 949 4038 τι
977 3982 1086 4036 τῶν
1117 3983 1207 4037 ὐπ’
1239 3980 1404 4036 αὐτοῦ
1421 3980 1728 4052 γενομένων
1757 3978 2045 4051 προλέγειν
2063 3976 2114 4043 ἀ,

526 4067 842 4138 θαυμαστὸν
874 4066 974 4137 μὲν
1029 4066 1124 4120 καὶ
1158 4064 1483 4137 παράδοξον·
1540 4063 1600 4118 τὸ
1648 4062 1705 4115 δὲ
1735 4062 1832 4116 καὶ
1872 4062 1941 4116 τὰ
1989 4061 2117 4130 παρ’

526 4152 731 4223 ἐτέρων
758 4149 1020 4220 γινόμενα
1049 4147 1357 4219 προλέγειν,
1388 4146 1485 4200 καὶ
1525 4147 1699 4200 ποιεῖν
1721 4145 1952 4198 εῦπιστα
1974 4144 2120 4213 γίνε-

531 4234 656 4287 σθαι
702 4232 796 4287 καὶ
823 4232 957 4285 πᾶσι
987 4230 1290 4301 κατάδηλα,
1338 4226 1518 4300 πολλῷ
1567 4227 1755 4299 μεῖζον
1784 4227 1876 4281 καὶ
1908 4226 2119 4297 θαυμα-

530 4316 803 4389 στότερον.
837 4313 1009 4368 Πάλιν
1039 4315 1269 4383 προεῖπε
1316 4311 1395 4383 τῷ
1429 4310 1641 4383 Πέτρῳ,
1685 4309 1813 4365 Ἐπί
1850 4307 1965 4377 τὴν
2018 4308 2119 4362 πέ-

526 4416 677 4468 τραν
708 4398 933 4463 ταύτην
982 4393 1358 4465 οἰκοδομήσω
1404 4409 1524 4465 μου
1573 4392 1687 4462 τὴν
1737 4391 2113 4460 Ἐκκλησίαν·

530 4483 626 4537 καί
662 4481 849 4534 πύλαι
880 4479 1029 4547 ᾅδου
1064 4480 1134 4533 οὐ
1162 4479 1646 4545 κατισχύσουσιν
1669 4474 1880 4544 αὐτῆς.
1912 4475 1977 4528 Τί
2002 4469 2118 4539 οὖν,

531 4564 655 4618 εἰπέ
684 4580 796 4633 μοι,
825 4561 969 4632 ἐχεις
990 4559 1343 4613 ἐπιλαϐέσθαι
1371 4559 1478 4612 τῶν
1522 4556 1831 4630 εἰρημένων
1853 4597 1867 4622 ,
1910 4551 1956 4610 ὦ
1989 4558 2121 4609 Ἰουο

530 4647 669 4710 δαῖε,
699 4646 792 4698 καὶ
817 4644 986 4708 δεῖξαι
1013 4642 1184 4712 ψευδῆ
1215 4642 1417 4712 ταύτην
1440 4637 1578 4693 εἶναι
1603 4639 1700 4710 τὴν
1728 4639 2121 4712 προαναφώνη-

534 4746 652 4793 σιν;
698 4727 839 4781 Ἀλλ’
867 4728 966 4780 οὐκ
988 4725 1236 4789 ἀνέξεται
1260 4723 1368 4777 τῶν
1394 4721 1736 4794 πραγμάτων
1760 4724 1793 4793 ἡ
1827 4722 2118 4793 μαρτυρία,

533 4814 635 4866 κᾶν
668 4811 925 4882 μυριάκις
962 4808 1124 4870 αὐτὸς
1155 4806 1483 4877 φιλονεικῇς.
1517 4806 1678 4859 Πόσοι
1719 4805 1851 4873 γοῦν
1898 4804 2121 4875 πόλεμοι

533 4895 678 4949 κατὰ
698 4895 799 4963 τῆς
836 4890 1166 4961 Ἐκκλησίας
1219 4887 1714 4960 ἀνερριπίσθησαν;
1753 4889 1865 4942 Καὶ
1895 4889 2121 4960 στρατό-

535 4979 670 5032 πεδα
700 4975 871 5030 πολλὰ
900 4972 1446 5046 παρεσκευάσθησαν,
1495 4972 1589 5025 καὶ
1632 4971 1772 5026 ὅπλα
1813 4973 2036 5045 ἐκινήθη
2073 4984 2120 5037 ε,

534 5064 630 5119 καὶ
655 5063 764 5115 πᾶν
787 5056 924 5123 εἶδος
959 5057 1254 5121 κολάσεως,
1271 5054 1367 5109 καὶ
1396 5055 1669 5127 τιμωρίας
1695 5056 1984 5129 ἐπενοήθη,
2028 5059 2122 5112 καὶ

516 5242 522 5248 ,
600 5192 627 5220 ⁸
650 5186 816 5238 Monlf.
840 5184 1043 5248 legebat
1072 5183 1160 5248 οὐκ
1193 5182 1307 5248 Exn.
1329 5180 1468 5248 Enn.

599 5249 625 5288 β
658 5250 749 5298 Alii
780 5248 881 5304 ταῖς
896 5242 1111 5295 πόλεσιν.
1141 5242 1484 5305 lnfriyaliquot
1527 5255 1640 5305 mss.
1668 5242 1833 5305 μυρίας
1854 5244 2121 5305 προσεκτή-

535 5325 681 5360 σανό
695 5309 843 5374 (quod
867 5303 894 5359 ε
918 5306 1105 5356 Savilio
1125 5303 1391 5367 recepimus
1413 5316 1505 5366 pro
1525 5303 1651 5365 rulg.
1680 5303 1993 5413 εἰργάσαηὲτοί.
2012 5305 2119 5352 Mox

536 5377 684 5413 iidnm
711 5371 946 5413 admissa
967 5370 1155 5413 πολλαὶ.
1179 5366 1355 5413 ὁμοίως
1374 5365 1644 5413 μεγάλακαὶ
1664 5366 1821 5413 μυρία.
1852 5365 1947 5413 l’au
1975 5373 2119 5413 οι)οεί

536 5377 685 5426 ﬁdem
701 5365 947 5435 ’βασιλὶδες
967 5370 1159 5435 πολλαὶ,
1169 5365 1355 5435 δμοίως
1374 5365 1644 5435 μεγάλοικαί
1664 5365 1821 5427 μυρία.
1852 5365 2002 5435 ιξιιυὶο
2013 5373 2125 5435 ι)οεί

538 5424 640 5484 ires
681 5424 796 5496 niss.
829 5424 1076 5496 γνώριμοι,
1117 5424 1219 5478 οἰὶἴ
1243 5424 1494 5491 γνώριμαι.
1539 5424 1673 5475 Ibid;
1699 5424 2122 5489 καταχέασα,”οιὶἱ

538 5495 871 5559 τιατοιχὲοικιςιιΖ
880 5554 898 5559 _
935 5554 948 5559 _
1089 5547 1114 5559 η
1167 5549 1180 5559 ¹
1770 5550 1773 5553 η
1822 5496 1823 5499 “

599 5561 622 5587 ε
648 5549 747 5605 Hii
766 5554 822 5602 τὸ
842 5553 1017 5610 ἄδηλον
1033 5549 1119 5599 τοῦ
1129 5549 1292 5599 τόπου.
1393 5606 1416 5610 _
1623 5606 1632 5610 Α
1770 5550 1773 5553 “
2001 5591 2008 5596 .

598 5618 627 5656 d
651 5616 746 5664 Alii
761 5613 859 5683 γὰρ
900 5606 1003 5675 περὶ
1036 5612 1134 5683 τῶν
1153 5612 1235 5660 ὑπ’
1272 5606 1422 5672 αὐτοῦ
1462 5606 1725 5672 γενομένων
1770 5611 2121 5674 προαναφωνεῇ

538 5676 806 5730 θαυμαστὸν
827 5676 975 5727 ὅντως
995 5676 1090 5720 καί.
1382 5691 1388 5697 ι
1514 5688 1519 5693 τ

603 5749 627 5775 ε
649 5730 730 5789 ὸὶἇ
758 5733 903 5784 Saﬂl.
928 5732 1093 5781 Mouif.
1118 5732 1197 5779 καὶ
1222 5732 1345 5780 ὅπλα
1364 5731 1679 5792 ἠκονήθησαν.
1702 5731 1835 5790 Enn.

2160 4048 2194 4087 J

2206 742 2316 795 τῶν
2342 743 2540 809 ἔξωθεν
2576 743 2766 814 μόνον,
2810 744 2945 799 ἀλλά
2973 745 3067 799 καὶ
3100 747 3250 815 παρὰ
3279 745 3388 797 τῶν
3433 745 3649 799 οἰκείων
3702 747 3800 799 af:-

2221 826 2352 879 τῶν.
2382 827 2490 879 Καὶ
2523 827 2632 897 γὰρ
2660 826 2921 896 ἐμφύλιός
2967 846 3047 891 τις
3077 828 3197 881 τότε
3248 826 3318 879 τά
3357 828 3531 880 πάντα
3582 831 3801 897 κατεῖχε

2211 910 2468 979 πόλεμος,
2489 908 2688 979 μᾶλλον
2712 910 2769 962 δὲ
2790 909 3053 980 ἐμφυλίου
3078 909 3278 974 παντὸς
3304 908 3702 980 χαλεπώτερος.
3722 912 3799 964 Οὐ

2209 995 2317 1064 γὰρ
2342 992 2552 1045 πολῖται
2571 991 2816 1055 πολίταις
2841 992 3169 1063 μόνον,ἀλλά
3191 992 3285 1045 καὶ
3308 994 3587 1059 συγγενεῖς
3606 1008 3805 1060 συγγε-

2208 1077 2343 1141 νέσι,
2359 1078 2450 1131 καὶ
2464 1080 2653 1130 οἰκεῖοι
2667 1076 2908 1141 οἰκείοις,
2926 1077 3021 1129 καὶ
3042 1076 3181 1145 φίλοι
3202 1074 3377 1144 φίλοις
3398 1077 3800 1146 συνερρήγνυνο

2209 1178 2270 1213 το
2289 1178 2300 1190 ·
2337 1161 2451 1213 ἀλλ’
2469 1161 2615 1230 ὅμως
2638 1158 2789 1214 οὐδὲν
2812 1158 3016 1212 τούτων
3038 1158 3299 1213 κατέλυσε
3324 1159 3423 1229 τὴν
3453 1159 3803 1229 Ἐκκλησίαν,

2209 1243 2327 1296 οὐδὲ
2343 1243 2598 1313 ἐποίησεν
2620 1242 3037 1313 ἀσθενεστέραψ
3066 1244 3159 1295 καί.
3188 1244 3248 1296 τὸ
3277 1243 3343 1314 δὴ
3373 1243 3683 1313 θαυμαστὸν
3708 1244 3803 1297 καί

2211 1326 2532 1398 παράδοξον,
2558 1326 2641 1378 ὅτι
2682 1327 2740 1379 ἐν
2765 1328 2876 1389 τοῖς
2917 1326 3224 1397 προοιμίοις
3255 1326 3428 1381 ταῦτα
3476 1328 3650 1381 πάντα
3684 1328 3802 1379 ἐκι-

2210 1412 2353 1463 νεῖτο
2377 1412 2424 1467 ί.
2459 1410 2520 1461 El
2549 1409 2647 1479 μὲν
2683 1408 2790 1480 γὰρ
2821 1408 2943 1461 τότε
2983 1410 3219 1479 ἐπήγετο
3247 1408 3318 1462 τά
3345 1409 3513 1467 δεινὰ.
3537 1411 3625 1463 ὅτε
3654 1411 3799 1480 έρρι-

2210 1492 2380 1564 ζώθη,
2412 1492 2507 1545 καὶ
2531 1491 2808 1562 πανταχοῦ
2837 1495 2934 1564 τῆς
2971 1494 3294 1563 οἰκουμένης
3329 1492 3703 1562 κατεφυτεύθη
3742 1494 3803 1546 τὸ

2210 1576 2496 1646 κήρυγμα,
2552 1575 2650 1645 οὐχ
2682 1574 2826 1628 οὕτω
2864 1575 3177 1644 θαυμαστὸν
3213 1572 3280 1647 ἦν
3318 1575 3378 1627 τὸ
3421 1577 3495 1645 μὴ
3520 1592 3805 1645 παρατρα-

2210 1659 2379 1729 πῆναι
2406 1659 2507 1729 τὴν
2558 1657 2905 1726 Ἐκκλησίαν·
2957 1657 3021 1710 τὸ
3043 1657 3099 1710 δὲ
3147 1659 3204 1711 ἐν
3231 1660 3374 1729 ἀρχῇ
3417 1657 3517 1727 τῆς
3546 1658 3804 1711 διδασκα-

2209 1741 2351 1807 λίας,
2372 1742 2496 1814 ἄρτι
2520 1741 2618 1811 τῆς
2640 1740 2874 1803 πίστεως
2905 1740 3362 1811 καταϐληθείσης,
3395 1741 3488 1796 καὶ
3537 1740 3639 1811 τῆς
3687 1741 3800 1794 δια-

2210 1824 2355 1887 νοίας
2408 1825 2515 1877 τῶν
2553 1823 2860 1877 ἀκουόντων
2889 1823 3248 1895 ἀπαλωτέρας
3296 1824 3484 1893 οὔσης,
3513 1822 3804 1888 τοσούτους

2211 1906 2554 1977 συρραγῆναι
2583 1907 2853 1977 πολέμους
2878 1946 2892 1969 ,
2942 1909 3036 1960 καὶ
3065 1905 3143 1977 μὴ
3175 1907 3336 1976 μόνον
3369 1906 3538 1976 μηδὲν
3567 1906 3798 1959 ἐλαττω-

2212 1989 2371 2058 θῆναι
2393 1990 2461 2042 τὰ
2492 1988 2614 2042 καθ’
2643 1991 2792 2060 ἡμᾶς
2821 1992 3153 2060 πράγματα,
3215 1988 3352 2043 ἀλλὰ
3382 1990 3477 2042 καὶ
3526 1988 3803 2042 ἐπιδοῦναι

2213 2071 2394 2136 πλέον,
2431 2072 2589 2125 τοῦτό
2617 2073 2732 2125 ἐστι
2755 2073 2815 2126 τὸ
2845 2073 3045 2137 παντὸς
3086 2072 3364 2142 θαύματος
3408 2071 3532 2141 ἔχον
3575 2071 3805 2140 ὑπερϐο-

2211 2153 2328 2227 λήν.
2365 2157 2478 2208 Ἵνα
2502 2155 2610 2224 γὰρ
2643 2156 2719 2227 μὴ
2746 2156 2932 2230 λέγῃς,
2964 2156 3046 2209 ὅτι
3074 2155 3167 2209 νῦν
3188 2158 3221 2226 ή
3252 2156 3552 2224 Ἐκκλησία
3574 2155 3685 2209 ἀπὸ
3707 2155 3806 2221 τῆς

2211 2238 2319 2290 τῶν
2345 2237 2608 2308 βασιλέων
2657 2241 2878 2310 εἰρήνης
2924 2241 3274 2311 συνέστηκεν,
3326 2240 3417 2292 ὅτε
3459 2238 3694 2291 ἐλάττων
3714 2233 3803 2308 ἦν,

2213 2323 2301 2376 ὅτε
2327 2323 2689 2394 ἀσθενεστέρα
2727 2320 2865 2377 εἶναι
2890 2324 3086 2387 ἐδόκει,
3112 2325 3235 2378 τότε
3255 2324 3426 2395 αὐτὴν
3448 2322 3806 2393 πολεμεῖσθαι

2216 2406 2591 2477 συνεχώρησεν
2628 2406 2777 2479 [651]
2815 2410 2843 2461 ὁ
2880 2407 3032 2473 Θεὸς,
3066 2409 3154 2461 ἵνα
3188 2407 3386 2478 μάθῃς,
3413 2407 3495 2460 ὅτι
3524 2408 3618 2459 καὶ
3648 2409 3682 2477 ἡ
3711 2406 3807 2459 νῦν

2213 2489 2485 2557 ἀσφάλεια
2513 2490 2683 2560 αὐτῆς
2716 2490 2818 2543 οὐκ
2846 2490 2955 2543 ἀπὸ
2984 2492 3082 2561 τῆς
3121 2488 3232 2543 τῶν
3262 2489 3530 2560 βασιλέων
3558 2491 3805 2561 εἰρήνης,

2214 2572 2329 2625 ἀλλ’
2359 2573 2466 2625 ἀπὸ
2489 2573 2586 2642 τῆς
2615 2573 2710 2626 τοῦ
2739 2573 2872 2626 Θεοῦ
2902 2574 3183 2645 δυνάμεως
3211 2575 3441 2643 γίνεται.

2283 2655 2354 2723 γ’.
2374 2656 2484 2710 Καὶ
2504 2658 2585 2710 ὅτι
2608 2656 2763 2710 τοῦτό
2780 2660 2926 2711 ἐστιν
2957 2658 3175 2728 ἀληθὲς,
3207 2658 3524 2726 ἀναλόγισαι
3549 2658 3703 2710 πόσοι
3726 2656 3803 2709 δό-

2213 2757 2399 2812 γματα
2427 2741 2804 2813 ἠόουλήθησαν
2832 2745 3148 2813 εἰσαγαγεῖν
3178 2742 3563 2814 παρ”Ἐλλησι,
3591 2743 3686 2795 καὶ
3720 2758 3800 2793 πο-

2213 2824 2414 2878 λιτείαν
2447 2826 2811 2895 ἐνστήσασθαι
2834 2818 3013 2898 ξένην,
3045 2822 3155 2880 οἷον
3180 2827 3389 2896 Ζήνων,
3417 2824 3662 2884 Πλάτων,
3695 2826 3806 2876 Σωο

2214 2909 2442 2980 κράτης,
2471 2909 2760 2980 Διαγόρας,
2809 2910 3134 2981 Πυθαγόρας
3162 2919 3211 2976 ε,
3244 2910 3338 2962 καὶ
3388 2910 3562 2980 ἕτεροι
3596 2909 3801 2980 μύριοι·

2213 2991 2329 3046 ἀλλ’
2348 2992 2497 3061 ὅμως
2526 2991 2780 3044 τοσοῦτον
2813 2988 3069 3063 ’ἀπέσχον
3098 2992 3504 3064 περιγενέσθαι,
3553 2992 3632 3054 ὡς
3674 2992 3807 3063 μηᾶ

2214 3076 2274 3143 ἐξ
2310 3075 2571 3146 ὀνόματος
2594 3070 2734 3130 εἶναι
2766 3078 2879 3140 τοῖς
2928 3077 3144 3141 πολλοῖς
3183 3076 3467 3149 γνώριμοι.
3512 3077 3572 3129 Ὀ
3592 3077 3649 3129 δὲ
3678 3079 3806 3146 Χριο

2216 3158 2339 3222 στὸς
2368 3159 2468 3211 οὐκ
2491 3157 2694 3230 ἔγραψε
2719 3159 2991 3212 πολιτείαν
3023 3160 3204 3230 μόνον,
3230 3161 3366 3214 ἀλλά
3398 3161 3493 3213 καὶ
3523 3161 3801 3231 πανταχοῦ

2213 3241 2314 3311 τῆς
2366 3241 2691 3312 οἰκουμένης
2724 3242 2892 3312 αὐτὴν
2932 3241 3324 3313 κατεφύτευσε.
3384 3242 3534 3297 Πόσα
3585 3242 3891 3311 λέγετ’

2228 3323 2581 3388 Ἀπολλώνιος
2610 3326 2638 3377 ὁ
2662 3326 2725 3378 ἐκ
2754 3325 2976 3379 Τυάνων
3006 3327 3393 3396 πεποιηκέναι;
3430 3326 3567 3379 Ἀλλ’
3596 3328 3682 3381 ἴνα
3708 3328 3800 3397 μά-

2216 3406 2312 3480 θῃς
2344 3407 2425 3460 ὅτι
2455 3406 2650 3476 ψεῦδος
2692 3409 2871 3462 πάλτο.
2924 3411 3107 3462 ἐκεῖνα
3136 3405 3204 3479 ἦν
3253 3409 3346 3463 καὶ
3381 3411 3672 3479 φαντασία,
3710 3411 3801 3463 καὶ

2214 3491 2414 3563 ἀληθὲς
2439 3492 2612 3558 οὐδὲν,
2645 3492 2916 3559 ἔσϐεσται,
2943 3495 3037 3547 καὶ
3083 3495 3233 3558 τέλος
3260 3494 3422 3557 εὐθὺς
3453 3495 3666 3548 ἐλαϐεν.
3696 3497 3798 3547 Καὶ

2220 3575 2407 3646 μηδεὶς
2436 3575 2594 3648 ὓϐριν
2625 3571 2762 3629 εἶναι
2789 3577 3056 3648 νομιζέτω
3085 3578 3176 3630 τοῦ
3200 3578 3458 3648 Χριστοῦ,
3495 3580 3573 3632 ὅτι
3608 3580 3665 3630 ἐν
3688 3582 3796 3640 τοῖς

2217 3657 2347 3729 περί
2369 3657 2534 3711 αὑτοῦ
2563 3659 2743 3729 λόγοις
2791 3660 3109 3734 Πυθαγόρου
3159 3663 3254 3714 καὶ
3282 3662 3589 3725 Πλάτωνος,
3617 3663 3796 3733 Ζήνω-

2218 3756 2307 3803 νος
2342 3741 2435 3793 καὶ
2460 3741 2554 3794 τοῦ
2599 3743 2854 3807 Τυανέως
2884 3743 3234 3814 μεμνήμεθα·
3263 3744 3324 3796 οὐ
3350 3743 3460 3815 γάρ
3509 3743 3570 3807 ἐξ
3598 3744 3799 3806 οἰκείας

2216 3822 2378 3876 τοῦτο
2410 3823 2670 3894 ποιοῦμεν
2707 3825 2951 3896 γνώμης,
3003 3824 3138 3880 ἀλλὰ
3158 3828 3224 3897 τῇ
3259 3825 3517 3896 ἀσθενείᾳ
3543 3825 3650 3881 τῶν
3671 3826 3797 3878 ‘low

2216 3907 2957 3976 δαίωνσυγκαταϐαίνοντες,
3010 3908 3118 3963 τῶν
3167 3907 3495 3979 νομιζόντων
3523 3908 3687 3961 αὑτὸν
3711 3908 3799 3962 ἄν·

2219 3988 2435 4060 θρωπον
2457 3985 2591 4043 εἶναι
2615 3990 2786 4060 ψιλόνο
2810 3992 2932 4044 ἐπεὶ
2950 3992 3045 4045 καὶ
3072 3990 3283 4056 Παῦλος
3321 3990 3495 4054 οὕτως
3525 3990 3804 4062 ἐποίησενς

2220 4072 2476 4126 εἰσελθὼν
2503 4073 2611 4143 γὰρ
2643 4076 2723 4136 εἰς
2767 4074 2865 4138 τὰς
2904 4075 3154 4146 Ἀθήνας,
3188 4075 3288 4129 οὑκ
3347 4075 3454 4129 ἀπὸ
3504 4074 3799 4146 προφητῶν

2219 4155 2341 4210 οὐδέ
2378 4156 2438 4222 ἐξ
2462 4155 2810 4225 Εὐαγγελίων
2854 4159 3038 4220 αὐτοῖς
3068 4156 3358 4226 διελέγετο,
3406 4156 3521 4210 ἀλλ’
3554 4156 3664 4210 ἀπὸ
3708 4156 3799 4209 τοῦ

2222 4239 2410 4311 βωμοῦ
2431 4240 2529 4311 τὴν
2557 4239 2878 4310 παραίνεσιν
2904 4242 3160 4293 ἐποιεῖτο’
3202 4243 3303 4294 οὐκ
3353 4241 3543 4308 ἐπειδὴ
3571 4241 3661 4293 τὸν
3693 4240 3797 4310 βω-

2222 4323 2323 4394 μὸν
2352 4323 2790 4394 ἀξιοπιστότερον
2819 4323 2927 4377 τῶν
2954 4324 3302 4394 Εὑαγγελίων
3360 4321 3500 4378 εἶναι
3530 4326 3799 4396 ἐνόμιζεν,

2219 4407 2339 4461 οὐδὲ
2368 4406 2555 4478 ἐπειδὴ
2586 4406 2656 4460 τά
2679 4406 2981 4479 γράμματα
3004 4407 3071 4461 τά
3103 4410 3222 4461 ἐκεῖ
3265 4408 3491 4480 κείμενα
3520 4409 3631 4461 τῶν
3678 4426 3802 4480 προ·

2220 4491 2405 4562 φητῶν
2430 4486 2570 4561 ἦσαν
2599 4491 2898 4563 τιμιώτερα
2918 4531 2932 4556 ,
2971 4491 3087 4546 ἀλλ’
3132 4493 3318 4566 ἐπειδὴ
3368 4493 3801 4566 πρὺςἚλληνας

2219 4574 2488 4643 διελέγετο
2513 4574 2639 4637 τοὺς
2662 4575 2836 4628 οὐδενί
2872 4575 2980 4629 τῶν
2999 4576 3284 4648 ἡμετέρων
3307 4577 3681 4639 πιστεύοντας,
3695 4578 3801 4629 ἀπὸ

2220 4658 2325 4711 τῶν
2348 4656 2563 4710 οἰκείων
2589 4656 2787 4722 αὐτοὺς
2821 4658 3153 4731 ἐχειρώσατο
3191 4661 3499 4731 δογμάτων.
3543 4662 3643 4715 Διά
3691 4661 3802 4713 τοῦ-

2219 4739 2281 4792 τό
2350 4756 2536 4810 φησιν,
2581 4740 2907 4811 Ἐγενόμην
2967 4742 3089 4809 τοῖς
3157 4743 3470 4808 Ἰουδαίοις
3531 4745 3616 4811 ὡς
3666 4746 3801 4800 Ἰου-

2220 4822 2405 4890 δαῖος,
2419 4823 2542 4890 τοῖς
2565 4825 2810 4895 ἀνόμοις
2837 4827 2917 4892 ὡς
2937 4827 3181 4897 ἄνομος,
3198 4827 3283 4898 μὴ
3304 4828 3389 4881 ὢν
3413 4829 3638 4897 ἄνομος
3663 4830 3783 4896 Θεῷ

2221 4908 2358 4963 ἀλλ’
2409 4907 2666 4977 ἔννομος
2711 4911 2962 4980 Χριστῷ.
3019 4912 3175 4967 Οῦτω
3216 4914 3311 4967 καί⁸
3345 4915 3378 4985 ή
3412 4914 3632 4968 Παλαιὰ
3682 4919 3804 4986 περὶ

2222 4991 2314 5045 τοῦ
2334 4990 2468 5045 Θεοῦ
2501 4991 2857 5066 διαλεγομένη
2894 4996 3031 5066 πρὸς
3075 4997 3361 5061 Ἰουδαίους
3400 5000 3543 5051 ποιεῖ
3572 4998 3803 5067 λέγουσα

2221 5073 2412 5138 οὕτως·
2448 5076 2541 5141 Τίς
2558 5075 2761 5145 ὅμοιός
2790 5094 2889 5133 σοι
2917 5080 2987 5133 ὲν
3005 5080 3180 5146 θεοῖς,
3209 5083 3417 5150 Κύριε;
3446 5083 3512 5135 Τί
3536 5082 3737 5151 λέγεις,
3760 5078 3804 5137 ὦ

2223 5156 2460 5227 Μωΰσῆς
2483 5158 2619 5222 ὅλως
2655 5160 2764 5231 γάρ
2789 5162 2906 5215 ἐστι
2941 5160 3261 5236 σύγκρισις;
3295 5166 3368 5217 Οὐ
3410 5166 3553 5219 κατὰ
3580 5166 3803 5238 σύγκριο

2225 5258 2308 5293 σιν
2330 5239 2486 5294 τοῦτο
2511 5241 2680 5297 ποιῶν
2704 5238 2876 5309 εἷπον,
2914 5249 3097 5315 φησιν,
3128 5246 3242 5300 ἀλλ’
3272 5249 3456 5320 ἐπειδὴ
3491 5250 3628 5320 πρὸς
3679 5250 3804 5302 ’ἰου-

2222 5323 2400 5408 δαίους
2424 5323 2764 5408 διαλέγομαι,
2794 5326 2919 5389 τοὺς
2947 5328 3188 5400 μεγάλην
3224 5333 3351 5408 περὶ
3393 5333 3503 5385 τῶν
3535 5332 3801 5401 δαιμόνων

2224 5406 2440 5477 ἔχοντας
2471 5407 2645 5475 δόξαν,
2697 5411 2763 5481 τῇ
2813 5409 3067 5483 ἀσθενείᾳ
3104 5406 3305 5470 αὐτῶν
3334 5415 3798 5483 συγκαταϐαίνων,

2292 5549 2313 5622 ξ
2346 5550 2480 5622 μους
2497 5552 2865 5622 πάντα-ἐγίνετο.
2894 5553 3006 5622 ῌοι
3202 5555 3525 5622 νῦν-ἐπήγετο.
3551 5621 3558 5622 7
3601 5540 3621 5556 ’

2287 5612 2489 5695 εμπιμὲ
2505 5614 2624 5695 cod;
2642 5612 2891 5695 Διαγόρας,
2914 5616 3238 5695 ’μναςαγρρας
3254 5612 3521 5695 μοιξύηιιε
3540 5621 3802 5695 ἀπέσχονξο

2222 5676 2560 5784 ῗὲριγενέσθαι,
2599 5676 2673 5726 ὅτι
2697 5676 2865 5727 ἐκεῖνοι
2888 5678 2971 5742 μὲν
2994 5676 3104 5729 οὐδέ
3123 5676 3168 5733 ἔξ
3190 5679 3419 5744 ὀνόματός
3459 5685 3554 5731 εἰσι
3571 5676 3796 5737 10%le-
