4084 6186
391 300 498 355 885

395 604 516 656 estis
546 602 787 655 mulieri?
812 603 998 655 bonum
1022 605 1154 657 enim
1182 620 1308 674 opus
1337 604 1475 674 fecit.
1507 604 1631 658 Dico
1658 605 1789 658 enim
1819 606 1976 671 vobis,

393 694 695 761 ubicumque
743 693 1076 764 prtedicatum
1116 697 1272 763 fuerit
1302 695 1395 749 hoc
1438 697 1750 768 evangelium
1777 698 1830 752 in
1859 700 1975 752 uui-

389 801 529 838 versa
553 794 713 848 terra,
745 785 937 838 dicetur
955 795 1000 838 et
1023 786 1117 839 hoc
1145 786 1280 854 quod
1306 786 1412 840 ha:c
1433 788 1548 856 fecit
1568 827 1583 853 ,
1611 787 1664 841 in
1686 791 1976 842 memoriam

387 877 496 945 ejus
530 875 633 947 (Ib.
673 892 720 928 υ.
755 876 842 930 10.
885 875 985 947 sq).
1031 877 1290 932 Utrumne
1319 879 1569 934 mentitus
1595 888 1698 945 est,
1741 895 1807 935 an
1835 880 1971 934 dixit

385 971 606 1023 verum?
626 969 817 1024 Evenit
835 969 976 1039 quod
995 969 1256 1040 praedixit,
1274 986 1339 1024 an
1360 970 1455 1024 fuit
1472 971 1628 1026 inane
1643 972 1974 1026 vaticinium?

386 1061 658 1131 Interroga
687 1061 961 1126 Judmum;
994 1064 1092 1116 etsi
1124 1063 1316 1118 millies
1357 1063 1692 1132 perfricucrit
1720 1064 1967 1129 frontem,

383 1151 640 1206 adversus
691 1151 827 1206 hanc
870 1152 1270 1222 pratdictionem
1315 1170 1417 1207 non
1451 1155 1646 1224 poterit
1675 1155 1858 1210 oculos
1885 1164 1968 1208 at-

385 1243 594 1297 tollere.
627 1242 683 1296 In
716 1243 964 1296 omnibus
1005 1243 1147 1298 enim
1180 1244 1432 1298 Ecelesiis
1465 1246 1748 1299 memorari
1779 1246 1968 1299 mulie-

381 1349 496 1388 rem
528 1334 791 1391 audimus.
823 1335 959 1390 Sunt
1002 1337 1269 1400 consules,
1301 1337 1484 1401 duces,
1530 1337 1650 1404 viri,
1695 1339 1966 1402 mulieres,

381 1429 608 1492 nobiles,
640 1429 895 1493 illustres,
929 1429 1214 1498 splendidi,
1247 1429 1297 1483 in
1327 1429 1575 1483 omnibus
1612 1429 1864 1494 urbibus;
1916 1440 1970 1484 et

381 1521 436 1575 in
464 1536 852 1591 quamcumque
879 1522 1024 1575 orbis
1059 1534 1259 1590 partem
1291 1521 1592 1588 deveneris,
1616 1537 1825 1576 summe
1845 1537 1966 1577 cum

379 1611 592 1667 silentio
621 1613 804 1667 audies
830 1613 987 1681 hujus
1014 1613 1251 1668 mulieris
1279 1611 1511 1667 ofﬁcium
1551 1631 1565 1667 :
1597 1628 1696 1668 nec
1745 1623 1829 1668 est
1857 1614 1965 1668 ulla

379 1704 562 1760 mundi
592 1705 763 1774 plaga,
801 1721 918 1775 qua:
942 1704 1137 1760 factum
1167 1705 1268 1759 hoc
1298 1705 1522 1775 ignoret.
1551 1705 1708 1776 Atqui
1735 1719 1862 1776 qn0t
1883 1721 1966 1761 re-

377 1810 472 1864 ges
502 1795 667 1849 multa
698 1810 993 1865 magnaque
1020 1796 1072 1849 in
1116 1796 1278 1850 urbes
1307 1797 1649 1850 contulerunt
1686 1797 1962 1862 beneﬁcia,

375 1884 514 1940 bella
544 1901 665 1939 cum
694 1885 847 1938 laude
871 1893 1173 1955 gesserunt,
1206 1894 1401 1954 tropaea
1429 1894 1747 1949 statuerunt,
1778 1895 1966 1957 gentes

376 1983 780 2040 conservaruut,
815 1976 974 2030 urbes
999 1975 1369 2039 condiderunt,
1393 1985 1447 2031 et
1473 1976 1784 2032 innumeros
1808 1992 1963 2046 para-

373 2082 501 2121 Vere
540 2066 742 2122 reditus
782 2085 795 2121 :
827 2077 880 2122 et
911 2075 1087 2121 tamen
1117 2082 1238 2121 cum
1269 2068 1350 2121 his
1384 2069 1638 2137 przcclare
1677 2071 1840 2139 gestis
1885 2069 1962 2123 si-

373 2159 540 2214 lentio
571 2161 868 2231 teguntur?
913 2160 1045 2215 Item
1087 2161 1285 2232 reginas
1331 2162 1705 2232 primarireque
1752 2161 1962 2217 femina:

373 2251 779 2306 innumerabilia
826 2251 1103 2306 benefacta
1153 2252 1495 2307 contulerunt
1543 2252 1595 2306 in
1628 2267 1724 2308 eos
1769 2253 1962 2323 quibus

372 2342 722 2411 imperabant,
745 2358 862 2412 qua:
885 2359 951 2397 nc
976 2343 1041 2396 de
1063 2343 1278 2398 nomine
1303 2344 1518 2414 quidem
1545 2344 1635 2398 ulli
1659 2355 1798 2398 nota:
1815 2353 1958 2399 sunt.

372 2432 498 2488 “I130
531 2444 708 2488 autem
738 2433 942 2504 abjecta
975 2433 1189 2500 mulier,
1219 2450 1338 2503 quin
1380 2443 1584 2489 tantum
1629 2434 1815 2490 effudit
1860 2453 1958 2490 un-

370 2536 641 2595 guentum,
673 2534 784 2581 toto
813 2534 1068 2580 terrarum
1091 2526 1222 2580 orbe
1250 2525 1581 2582 decantatnr.
1605 2526 1682 2582 Ne
1705 2527 1960 2596 temporis

369 2617 586 2686 quidem
618 2625 722 2670 tam
765 2617 1024 2672 immensa
1055 2616 1328 2686 longitudo
1354 2618 1665 2672 memoriam
1701 2618 1841 2672 illius
1874 2617 1958 2672 vel

369 2710 644 2776 exstinxit,
686 2709 768 2764 vel
798 2710 1098 2780 exstinguat
1122 2721 1395 2777 umquam,
1428 2710 1585 2780 idque
1613 2725 1732 2764 cum
1765 2711 1957 2765 factum

369 2801 545 2871 ipsum
589 2817 696 2856 non
724 2811 865 2857 esset
910 2801 1115 2872 insigne
1145 2820 1158 2856 :
1186 2801 1312 2872 quid
1343 2802 1483 2857 enim
1514 2802 1688 2870 magni
1714 2811 1830 2856 erat
1858 2818 1958 2856 un-

365 2903 622 2964 guentum
661 2893 973 2949 eﬂ'undere?
1023 2909 1194 2963 neque
1226 2908 1451 2963 persona
1490 2903 1635 2948 esset
1682 2893 1956 2959 celebris;

366 2997 484 3041 erat
523 2986 666 3042 enim
709 2986 901 3041 mulier
947 2985 1152 3054 abjecta
1191 3003 1204 3038 :
1238 2999 1412 3055 neque
1441 2985 1595 3039 multi
1650 2994 1813 3040 testes
1857 2984 1958 3039 ad-

366 3087 551 3143 erant;
582 3093 702 3131 nam
734 3077 871 3131 inter
889 3076 1177 3145 discipulos
1201 3090 1287 3131 res
1302 3086 1385 3131 est
1398 3085 1543 3146 gesta
1570 3095 1584 3130 :
1610 3091 1783 3146 neque
1809 3076 1958 3131 locus

367 3168 596 3234 nobilis;
628 3183 802 3238 neque
817 3169 958 3222 enim
989 3166 1089 3221 hoc
1114 3165 1235 3221 fecit
1267 3183 1362 3236 per
1384 3168 1646 3222 theatrum
1672 3167 1955 3231 transiens,

367 3258 462 3314 sed
489 3260 541 3312 in
567 3258 728 3313 domo
753 3257 938 3312 decem
959 3258 1236 3313 dumtaxat
1256 3257 1561 3312 hominibus
1585 3258 1954 3328 przcsenlibus.

367 3351 618 3405 Attamen
646 3365 817 3419 neque
861 3364 1107 3419 personze
1135 3349 1332 3414 vilitas,
1360 3365 1534 3419 neque
1567 3349 1780 3404 testium
1822 3365 1954 3418 pau-

367 3445 521 3499 citas,
556 3455 730 3510 neque
760 3440 860 3494 loci
906 3440 1226 3504 obscuritas,
1261 3455 1434 3510 neque
1465 3441 1567 3494 ulla
1601 3455 1688 3496 res
1733 3441 1835 3495 alia
1863 3455 1954 3509 po.

365 3534 468 3587 tuit
519 3533 659 3588 illius
704 3532 925 3587 abolere
973 3533 1308 3586 memoriam.
1355 3531 1494 3600 Quin
1537 3533 1715 3602 potius
1757 3533 1956 3604 reginis

364 3624 616 3679 omnibus
642 3638 706 3679 ac
733 3624 946 3694 regibus
976 3623 1238 3678 universis
1261 3622 1524 3678 celebrior
1561 3631 1644 3678 est
1671 3637 1813 3678 nunc
1840 3623 1955 3678 haec

365 3716 582 3779 mulier,
629 3730 729 3770 nec
753 3715 860 3769 ulla
889 3723 1018 3770 ictas
1057 3714 1309 3769 oblivioni
1339 3713 1555 3768 tradidit
1584 3712 1725 3784 quod
1756 3714 1952 3768 factum

365 3816 469 3861 est.
498 3805 652 3861 Unde
682 3806 754 3871 id,
783 3805 868 3861 dic
905 3804 1058 3872 mihi,
1098 3816 1188 3860 aut
1214 3805 1334 3876 quis
1365 3806 1464 3860 hoc
1491 3805 1703 3860 ell’ecit?
1761 3803 1952 3859 Annon

365 3899 509 3953 Deus
552 3899 684 3966 ipse,
727 3898 811 3952 cui
849 3907 958 3951 tum
991 3896 1092 3952 hoc
1133 3897 1368 3952 ofﬁcium
1396 3896 1768 3966 prmstabatur,
1817 3895 1954 3950 hanc

363 3990 560 4044 famam
593 4000 688 4059 per
715 3989 894 4043 omnia
934 4000 1194 4044 terrarum
1240 3988 1354 4043 loca
1401 3986 1694 4056 dispersit?
1721 3986 1952 4041 Proinde

361 4083 452 4136 dic
476 4081 626 4142 mihi,
655 4095 781 4135 num
810 4079 1114 4149 hujnsmodi
1144 4079 1436 4148 praedicere
1466 4079 1678 4132 virtutis
1706 4077 1952 4132 humana:

363 4172 607 4226 videtur?
653 4171 783 4237 Quis
823 4170 964 4223 enim
999 4185 1142 4223 sana:
1187 4170 1382 4224 mentis
1411 4169 1511 4223 hoc
1553 4169 1788 4224 dixerit?
1817 4168 1948 4222 Nam

362 4263 660 4332 praedicere
676 4277 794 4328 qua:
821 4262 1052 4314 facturus
1072 4271 1234 4324 esset,
1259 4261 1449 4313 mirum
1490 4260 1704 4326 quidem
1735 4274 1797 4313 ac
1821 4274 1948 4329 pro-

362 4355 631 4425 digiosum
661 4367 675 4404 :
703 4366 886 4406 verum
915 4350 1204 4418 praedicere
1226 4365 1345 4420 quze
1372 4350 1462 4404 alii
1488 4350 1677 4404 facturi
1705 4359 1846 4417 sumt,
1875 4349 1949 4406 ef-

364 4445 637 4511 ﬁcereque
665 4451 716 4496 ut
749 4440 882 4496 ﬁdes
913 4441 1018 4493 illis
1045 4440 1322 4506 habeatur,
1349 4443 1561 4509 sintque
1585 4442 1796 4495 cum-tis
1827 4455 1950 4510 per-

364 4537 572 4604 spicua,
603 4533 773 4588 multo
819 4532 992 4596 majus
1017 4539 1098 4584 est
1141 4545 1204 4584 ac
1230 4530 1543 4584 mirabilius.
1577 4531 1782 4584 Rursus
1812 4546 1950 4598 pra:-

364 4630 501 4685 dixit
526 4628 722 4683 Petro:
777 4626 949 4694 Super
974 4623 1105 4677 hanc
1130 4632 1320 4693 petram
1361 4622 1625 4689 (edi/icabo
1669 4621 1950 4675 Ecclesium

364 4738 552 4786 meam,
583 4729 629 4774 et
676 4727 836 4788 porta:
861 4717 1013 4786 inferi
1055 4732 1156 4770 non
1200 4713 1540 4785 prazvalebunt
1578 4715 1816 4770 adversus
1840 4731 1951 4768 eam

370 4813 584 4883 (Matth.
615 4811 697 4866 l6.
733 4811 844 4883 18).
888 4809 1115 4864 Proinde
1139 4808 1225 4862 dic
1254 4822 1371 4878 age,
1400 4807 1605 4870 Judare,
1633 4808 1759 4878 quid
1788 4808 1950 4862 babes

363 4903 508 4974 quod
556 4901 937 4972 reprehendas,
984 4907 1076 4953 aut
1105 4898 1393 4968 redarguas
1435 4897 1596 4952 exiis
1643 4914 1761 4967 qua:
1807 4898 1944 4952 dicta

365 5007 488 5052 sunt
508 4996 532 5048 ἲ
549 4993 684 5061 Quid
705 4995 885 5057 habes,
913 5007 1018 5062 quo
1039 4991 1232 5046 doceas
1257 4995 1390 5044 hanc
1411 4990 1806 5060 praedictionem
1829 5005 1949 5046 esse

366 5087 718 5143 mendacem?
740 5087 928 5140 Annon
951 5084 1309 5139 testimonium
1333 5099 1455 5138 cum
1482 5083 1641 5138 rebus
1661 5083 1946 5137 consentit.

364 5180 574 5232 etiamsi
624 5178 774 5232 mille
820 5176 992 5231 modis
1034 5176 1146 5244 ipse
1189 5175 1480 5229 contendas
1522 5174 1574 5228 in
1625 5174 1947 5229 adversum?

364 5271 504 5337 Quot
533 5269 678 5322 enim
706 5267 844 5321 bella
873 5266 1131 5320 adversus
1154 5264 1448 5319 Ecclesiam
1475 5264 1737 5318 concitata
1777 5266 1946 5318 sunt?

364 5364 506 5425 Quot
543 5358 811 5413 exercitus
837 5357 1098 5420 instructi,
1128 5366 1256 5424 quot
1283 5371 1430 5409 arma
1475 5365 1635 5418 mota,
1665 5355 1808 5425 quod
1839 5371 1944 5411 non

364 5453 634 5507 cruciatus
666 5460 719 5505 et
749 5449 991 5518 supplicii
1025 5463 1192 5516 genus
1217 5447 1591 5517 excogitatum,
1622 5448 1942 5517 sartagines,

364 5544 664 5611 catapultae,
695 5541 918 5607 lebetes,
947 5539 1210 5603 fornaces,
1253 5539 1400 5593 lacus
1427 5546 1484 5593 et
1511 5538 1821 5607 praecipitia,
1851 5537 1946 5593 bc-

363 5635 586 5689 stiarum
613 5633 822 5699 dentes,
849 5631 1036 5696 maria,
1077 5639 1134 5685 et
1161 5629 1600 5699 proscriptiones,
1627 5628 1837 5700 aliaque
1862 5629 1945 5684 in-

363 5737 586 5780 numera
640 5729 1026 5777 tormentorum
1083 5734 1300 5794 genera,
1332 5719 1696 5792 nequedictis
1734 5733 1941 5777 memo—

1628 302 1989 364 ADVERSUS
2024 289 2320 368 tumes.
2368 310 2426 366 v.

388 421 454 473 tis
479 419 722 486 denariis,
734 436 792 472 ac
811 420 982 473 datum
997 419 1296 490 pauperibus
1315 418 1528 490 (Matth.
1545 421 1637 476 26.
1655 422 1746 496 9)?
1763 423 1875 479 Hoc
1895 438 1981 478 re-

393 511 732 581 prehendens
777 512 1011 580 loquitur
1051 513 1103 567 in
1141 513 1285 568 hunc
1311 513 1546 580 modum,
1602 513 1737 581 Quid
1787 516 1983 570 molesti

3571 336 3678 392 886

2090 426 2274 491 rauda,
2307 442 2481 498 neque
2523 428 2677 487 factis
2705 430 3019 490 toleranda?
3044 437 3215 508 Atque
3243 437 3355 495 haec
3405 456 3511 498 non
3557 453 3673 499 tan-

2089 523 2200 570 tum
2230 516 2298 572 ab
2324 521 2610 588 extraneis,
2654 537 2838 578 verum
2870 525 3028 580 etiam
3052 541 3081 580 a
3111 529 3309 584 nostris
3335 529 3664 589 domesticis.

2087 607 2218 664 Nam
2249 611 2405 667 civile
2449 614 2717 682 quoddam
2757 616 2952 671 bellum
3005 629 3292 689 occuparat
3339 624 3538 690 omnia,
3587 620 3672 675 vel

2083 697 2271 767 quovis
2301 701 2474 768 potius
2520 703 2663 757 civili
2703 705 2845 760 bello
2890 708 3260 775 perniciosius.
3292 710 3476 783 Neque
3519 717 3663 770 enim

2082 790 2226 845 cives
2269 793 2429 847 modo
2458 808 2578 848 cum
2609 797 2832 865 civibus,
2867 816 3052 856 verum
3080 805 3238 859 etiam
3289 809 3497 878 cognati
3545 823 3664 863 cum

2081 883 2343 950 cognatis,
2380 882 2658 940 domestici
2685 903 2804 941 cum
2836 890 3162 958 domcsﬁcis,
3194 896 3350 950 amici
3379 913 3499 952 cum
3528 902 3667 954 ami-

2077 973 2156 1026 cis
2183 973 2626 1032 conﬂictabantur
2656 998 2668 1032 :
2702 981 2834 1035 nihil
2866 991 3041 1038 tamen
3074 986 3262 1042 horum
3289 989 3536 1046 dissolvit
3565 994 3667 1047 Ec-

2077 1064 2292 1118 clesiam
2315 1107 2329 1130 ,
2352 1081 2416 1122 ac
2442 1083 2509 1123 ne
2538 1069 2887 1128 inﬁrmiorem
2910 1076 3121 1145 quidem
3144 1079 3395 1136 reddidit.
3419 1084 3592 1152 Atque
3616 1085 3666 1139 id

2076 1168 2206 1209 sane
2235 1157 2427 1211 mirum
2469 1169 2524 1214 et
2548 1161 2878 1225 incredibile,
2929 1167 3070 1235 quod
3103 1168 3218 1224 hzec
3244 1171 3294 1223 in
3328 1171 3456 1241 ips-is
3482 1175 3663 1228 statim

2075 1247 2382 1316 primordiis
2429 1261 2570 1306 mota
2619 1264 2764 1307 sunt.
2811 1254 2944 1310 Nam
2989 1259 3032 1311 si
3083 1266 3191 1313 tum
3223 1256 3504 1317 irruisscnt
3549 1265 3665 1318 haec

2073 1339 2289 1402 acerba,
2321 1351 2599 1411 postquam
2625 1344 2735 1412 jam
2767 1347 2972 1401 radices
3005 1359 3206 1418 egomt,
3237 1361 3290 1405 et
3321 1351 3517 1422 ubique
3550 1365 3660 1408 ter-

2073 1444 2251 1484 rarum
2276 1433 2570 1501 plantatum
2593 1443 2709 1489 erat
2732 1437 3096 1506 Evangelium,
3123 1439 3260 1495 haud
3288 1443 3506 1510 perinde
3530 1444 3660 1498 fuis-

2072 1529 2155 1573 set
2197 1521 2592 1591 admirandum,
2644 1542 2748 1580 non
2793 1527 2957 1583 fuisse
2996 1531 3310 1588 subversam
3344 1535 3657 1588 Ecclesiam.

2070 1607 2334 1666 Cwlerum
2361 1629 2480 1668 cum
2513 1615 2564 1669 in
2594 1617 2708 1686 ipso
2738 1617 2996 1674 doctrina:
3024 1622 3265 1688 exordio,
3308 1640 3480 1694 nuper
3510 1625 3657 1694 jacto

2070 1701 2190 1757 ﬁdei
2222 1705 2446 1772 semine,
2480 1708 2676 1763 teneris
2705 1710 2997 1765 etiamnum
3026 1714 3326 1769 auditorum
3361 1718 3650 1784 mentibus,

2069 1801 2150 1848 tot
2181 1795 2321 1850 bella
2361 1799 2658 1868 eruperint,
2692 1817 2780 1857 res
2823 1814 3034 1858 nostras
3065 1820 3168 1859 non
3199 1807 3368 1860 solum
3420 1809 3562 1864 nulla
3591 1826 3658 1864 ex

2069 1895 2219 1954 parte
2263 1886 2425 1944 fuisse
2453 1890 2760 1959 diminutas,
2793 1908 2979 1948 verum
3011 1897 3169 1950 etiam
3218 1899 3436 1953 multam
3468 1915 3658 1955 acces-

2067 1977 2272 2033 sionem
2300 1979 2603 2049 adjunctam
2635 1981 2819 2048 fuisse,
2851 1983 2955 2039 hoc
2983 1987 3231 2040 nimirum
3257 2003 3357 2057 sup
3378 1999 3475 2044 'rat
3497 2005 3657 2046 omne

2068 2067 2402 2123 miraculum.
2431 2071 2508 2125 Ne
2536 2073 2655 2142 quis
2683 2084 2862 2129 autem
2890 2075 3073 2133 dicere
3106 2080 3294 2146 possit,
3334 2081 3475 2150 quod
3510 2097 3655 2136 nunc

2067 2158 2301 2214 Ecclesia
2335 2171 2454 2229 post
2481 2178 2662 2232 pacem
2691 2179 2721 2218 a
2751 2165 2965 2235 regibus
3009 2168 3288 2235 przebitam
3317 2171 3652 2226 constabilita

2065 2251 2154 2308 sit.
2179 2264 2298 2304 cum
2329 2261 2472 2307 esset
2493 2253 2688 2320 minor,
2720 2270 2841 2308 cum
2869 2256 3137 2312 videretur
3157 2260 3497 2328 imbecillior,
3529 2275 3654 2320 tunc

2066 2339 2209 2394 illam
2260 2344 2550 2420 oppugnari
2599 2345 2841 2413 permisit
2892 2347 3071 2403 Deus:
3124 2357 3181 2404 ut
3209 2349 3436 2417 ediscas,
3485 2354 3646 2408 etiam

2063 2431 2204 2500 quod
2256 2447 2398 2488 nunc
2427 2435 2477 2488 in
2511 2443 2625 2488 tuto
2667 2435 2758 2500 sit,
2812 2452 2917 2490 non
2963 2439 3302 2495 tribuendum
3335 2458 3456 2498 esse
3512 2447 3648 2513 paci,

2063 2537 2221 2591 quam
2268 2533 2521 2592 praestant
2551 2541 2724 2594 reges,
2753 2527 2847 2582 sed
2887 2543 2915 2582 a
2953 2531 3185 2599 potentia
3229 2532 3318 2587 Dei
3361 2533 3646 2603 proﬁcisci.

2135 2614 2189 2668 5.
2221 2612 2374 2668 Multi
2399 2617 2568 2669 conati
2590 2626 2706 2670 sunt
2727 2633 2881 2671 novas
2903 2620 3140 2674 inducere
3163 2621 3315 2692 leges,
3347 2640 3476 2678 unus
3498 2622 3646 2680 Chri-

2061 2713 2169 2758 stus
2198 2706 2378 2775 potuit.
2407 2736 2476 2746 —
2499 2705 2554 2760 Id
2583 2717 2638 2761 ut
2663 2721 2954 2778 cognoscas
2975 2723 3096 2765 esse
3125 2727 3330 2777 verum,
3359 2724 3546 2784 reputa
3573 2727 3645 2770 Ie-

2061 2813 2205 2865 cum,
2235 2815 2392 2869 quam
2426 2800 2577 2856 multi
2604 2803 2779 2856 conati
2811 2803 2918 2856 sint
2955 2802 3094 2874 apud
3124 2801 3340 2861 Graecos
3365 2807 3648 2876 opiniones

2063 2905 2230 2946 novas
2260 2907 2323 2947 ac
2347 2893 2656 2962 peregrinas
2685 2895 2894 2948 vivendi
2919 2897 3156 2952 rationes
3199 2898 3474 2966 inducere,
3505 2901 3649 2956 velut

2061 2980 2228 3044 Zeno,
2259 2982 2428 3049 Plato,
2456 2983 2724 3050 Socrates,
2752 2986 3025 3054 Diagoras,
3069 2989 3418 3061 Pythagoras,
3453 2992 3648 3062 aliique

2061 3072 2325 3128 innumeri
2352 3090 2366 3126 :
2399 3082 2574 3128 tamen
2604 3075 2740 3129 adeo
2768 3092 2872 3129 non
2902 3078 3160 3142 vicerunt,
3193 3087 3252 3132 ut
3280 3081 3547 3151 plerisque
3579 3099 3646 3136 ne

2058 3163 2126 3220 de
2147 3164 2360 3219 nomine
2381 3164 2594 3234 quidem
2613 3166 2720 3219 sint
2745 3168 2876 3234 noti,
2898 3167 3142 3224 Christus
3161 3181 3339 3225 autem
3359 3187 3466 3225 non
3489 3173 3647 3227 modo

2059 3257 2385 3325 pra'scripsit
2412 3260 2535 3310 vitm
2584 3256 2831 3322 formam,
2869 3275 3052 3313 verum
3084 3260 3244 3314 etiam
3279 3260 3415 3315 hanc
3446 3263 3640 3332 ubique

2059 3360 2322 3403 terrarum
2349 3349 2622 3417 plantavit.
2647 3350 2814 3416 Quam
2842 3351 3007 3405 multa
3029 3351 3196 3406 fertur
3218 3353 3529 3423 Apollonius
3552 3355 3641 3409 ille

2058 3438 2307 3510 Tyaneus
2335 3439 2570 3495 fecisse?
2612 3440 2810 3495 Verum
2843 3443 2918 3496 uti
2954 3443 3143 3510 scires,
3173 3444 3262 3499 illa
3306 3446 3483 3501 omnia
3523 3462 3647 3502 esse

2057 3532 2306 3599 conﬁcta,
2334 3547 2491 3599 vana,
2525 3533 2656 3587 nihil
2690 3533 2936 3588 habentia
2967 3535 3077 3590 veri
3105 3553 3119 3590 :
3148 3536 3409 3592 exstincta
3435 3547 3559 3592 sunt
3585 3549 3640 3593 et

2058 3625 2219 3678 tinem
2250 3633 2588 3694 acceperunt.
2623 3623 2740 3679 J::m
2770 3640 2838 3680 ne
2879 3625 2998 3695 quis
3035 3625 3326 3682 arbitretur
3363 3615 3648 3682 contumeé

2059 3714 2183 3768 liam
2213 3727 2334 3769 esse
2363 3713 2582 3782 Christi,
2621 3715 2762 3785 quod
2793 3715 2860 3771 de
2902 3715 2996 3770 illo
3027 3716 3187 3771 verba
3221 3716 3496 3778 facientes.
3531 3718 3644 3789 Py-_

2057 3805 2313 3876 thagortc,
2339 3805 2596 3872 Platonis,
2624 3805 2876 3872 Zenonis,
2903 3816 2958 3862 et
2983 3806 3181 3878 Tyanei
3199 3809 3600 3864 meminerimus
3625 3828 3636 3860 :

2057 3913 2163 3950 non
2193 3897 2334 3951 enim
2378 3896 2430 3951 id
2461 3896 2691 3952 facimus
2717 3913 2784 3952 ex
2825 3899 2986 3952 animi
3021 3900 3188 3954 nostri
3220 3901 3503 3965 sententia,
3545 3901 3638 3955 sed

2057 3987 2122 4042 ad
2147 3986 2452 4042 Judaeorum
2482 3987 2846 4041 inﬁrmitatem
2872 4001 2970 4041 nos
2992 3987 3136 4057 ipsos
3161 3989 3524 4053 demittentes,
3548 3991 3640 4059 qui

2055 4078 2280 4133 credunt
2323 4093 2444 4133 eum
2498 4091 2620 4133 esse
2671 4077 2871 4132 nudum
2918 4076 3230 4141 hominem;
3282 4077 3463 4134 itidem
3507 4087 3561 4134 et
3611 4095 3641 4132 a

2057 4171 2221 4224 Paulo
2246 4169 2440 4224 factum
2467 4177 2551 4225 est
2590 4168 2724 4240 (Act.
2761 4167 2872 4240 17).
2907 4169 2954 4224 Is
2996 4170 3139 4224 enim
3168 4170 3440 4239 ingressus
3469 4170 3639 4225 Athe-

2057 4275 2244 4314 narum
2292 4259 2500 4323 urbem,
2544 4275 2648 4314 non
2691 4275 2756 4312 ex
2792 4258 3067 4327 prophetis
3113 4274 3212 4313 nec
3241 4274 3306 4313 ex
3355 4259 3642 4331 Evangelia

2055 4364 2175 4404 cum
2208 4350 2308 4402 illis
2335 4349 2604 4414 disseruit,
2634 4348 2730 4403 sed
2774 4349 2840 4401 ab
2867 4363 2957 4401 ara
3000 4349 3141 4420 cepit
3172 4348 3595 4404 exhortationem
3623 4369 3636 4424 ς

2056 4455 2162 4494 non
2193 4439 2335 4510 quod
2366 4454 2512 4493 aram
2535 4439 2678 4492 illam
2705 4439 2771 4492 ad
2798 4439 3092 4494 faciendam
3122 4439 3278 4493 ﬁdem
3304 4441 3421 4509 plus
3442 4440 3640 4496 habere

2055 4531 2311 4586 momenti
2348 4530 2613 4594 crederet,
2646 4545 2803 4598 quam
2836 4529 3144 4600 Evangelia,
3195 4546 3368 4601 neque
3395 4533 3536 4600 quod
3571 4534 3637 4586 li-

2056 4631 2198 4677 teras
2229 4623 2337 4676 illic
2367 4623 2651 4691 inscriptas
2684 4621 2920 4690 potiores
2947 4621 3170 4676 duceret
3207 4623 3515 4692 prophetis;
3544 4624 3638 4678 sed

2054 4715 2301 4784 quoniam
2328 4729 2447 4768 cum
2478 4714 2725 4784 gentibus
2751 4714 3076 4783 disputabat,
3110 4730 3228 4783 qua:
3270 4714 3399 4767 nulli
3430 4724 3640 4768 nostro-

2053 4821 2174 4860 rum
2198 4805 2528 4860 voluminum
2553 4805 2800 4866 credunt,
2832 4819 2861 4858 a
2895 4805 3126 4875 ρνοιινὶἰε
3159 4806 3393 4874 ipsorum
3419 4805 3634 4875 dogma-

2055 4898 2193 4952 tibus
2223 4899 2365 4966 ipsos
2408 4911 2690 4966 aggressus
2717 4905 2817 4951 est.
2854 4897 2987 4951 lline
3007 4904 3090 4950 est
3118 4895 3259 4964 quod
3299 4897 3409 4950 ait:
3446 4895 3637 4950 Factus

2053 5005 2165 5042 sum
2193 4988 2394 5041 Judau's
2437 4997 2492 5041 ut
2529 4987 2765 5049 Judazus,
2799 4988 2878 5041 his
2919 4987 3004 5056 qui
3029 4989 3138 5040 sine
3165 4987 3272 5057 lege
3301 4994 3462 5048 erant,
3509 4997 3639 5038 tani-

2053 5095 2204 5149 quam
2230 5095 2386 5132 essem
2414 5079 2524 5132 sine
2557 5078 2703 5149 lege;
2732 5094 2846 5131 cum
2887 5079 2996 5133 sine
3016 5078 3125 5148 lege
3167 5095 3268 5130 non
3309 5094 3466 5130 essent
3504 5076 3633 5138 Deo.

2051 5170 2141 5224 sed
2163 5186 2320 5224 essem
2362 5169 2416 5222 in
2442 5169 2548 5240 lege
2576 5169 2762 5223 Christi
2808 5168 2884 5238 (1.
2914 5167 3033 5224 Cor.
3063 5167 3118 5222 9.
3146 5166 3238 5220 20.
3284 5165 3400 5237 21).
3450 5166 3635 5220 Itidem

2057 5272 2112 5317 et
2157 5261 2352 5317 veteris
2392 5260 2696 5316 testamenti
2743 5259 3018 5328 Scriptura
3060 5257 3184 5312 facit
3208 5257 3275 5311 de
3305 5258 3412 5311 Deo
3438 5257 3636 5311 Juda-is

2053 5351 2313 5421 loquens:
2346 5350 2426 5405 sic
2454 5349 2597 5405 enim
2648 5349 2761 5403 ait:
2797 5348 2920 5414 Quis
2965 5347 3142 5400 similis
3172 5347 3246 5399 tui
3271 5347 3324 5400 in
3369 5347 3488 5412 diis,
3521 5347 3634 5401 Do-

2051 5443 2185 5496 mine
2230 5441 2421 5513 (Exod.
2453 5441 2540 5496 15.
2574 5440 2699 5509 ll)?
2728 5438 2864 5506 Quid
2894 5437 3243 5508 ais,Moyses?
3295 5438 3441 5492 Itane
3480 5454 3632 5490 com-

2051 5535 2259 5605 paratio
2288 5543 2371 5587 est
2408 5533 2516 5587 ulla
2547 5533 2642 5587 Dei
2688 5532 2798 5586 veri
2829 5546 2892 5585 ac
2919 5531 3142 5586 deorum
3172 5528 3632 5598 falsorum‘igNon,

2050 5626 2244 5694 inquit,
2267 5625 2367 5680 hoc
2385 5632 2443 5678 ut
2458 5623 2909 5693 comparationem
2938 5623 3181 5677 inducam
3205 5622 3456 5694 loquutus
3477 5638 3594 5680 sum
3619 5639 3632 5675 :

2051 5716 2146 5774 sed
2171 5717 2292 5787 quia
2321 5717 2626 5788 ad»Jud;cos
2653 5719 2783 5774 mihi
2812 5727 2924 5774 crat
2945 5719 3270 5805 seruiqbqui
3299 5720 3638 5800 magniﬁcam
