4084 6186
452 307 565 368 837

447 425 527 481 de
547 415 877 480 diemenibus
902 421 1098 478 habent
1117 420 1444 492 Opinionem,
1467 417 1530 472 ad
1563 419 1768 474 illorum
1797 417 2036 472 imbecil-

457 503 655 571 litatem
693 529 787 569 me
834 512 1240 570 accommodans
1281 511 1383 566 hoc
1422 511 1642 566 docendi
1685 525 1880 580 genere
1917 524 2033 564 sum

459 621 601 659 usus.
636 604 895 670 Quoniam
931 604 1088 673 igitur
1119 601 1271 656 nobis
1296 617 1504 671 quoque
1524 601 1810 670 disputatio
1833 609 1913 654 est
1938 599 2034 654 ad-

455 711 640 750 versus
679 694 914 761 JUdiEOS,
961 693 1051 764 qui
1077 693 1347 748 Christum
1391 691 1699 747 existimant
1740 691 2034 760 simplicem

452 785 620 838 fuisse
662 785 953 850 hominem,
985 793 1038 838 et
1064 784 1191 853 legis
1232 783 1724 851 praevaricatorem:
1758 790 2032 851 propterea

445 878 520 932 ab
551 879 638 944 iis,
659 891 775 946 qua:
805 876 943 946 apud
981 884 1167 946 gentes
1195 874 1248 929 in
1287 874 1638 928 admiratione
1663 882 1805 940 sunt,
1852 873 2032 927 induxi

451 968 926 1035 comparationem.
949 965 1100 1034 Quod
1121 967 1166 1021 si
1185 965 1346 1020 vultis
1366 980 1451 1019 me
1476 972 1528 1019 et
1553 979 1760 1031 eorum,
1785 963 1874 1033 qui
1897 961 2034 1032 apud

451 1057 596 1127 ipsos
621 1057 834 1113 Judatos
862 1057 1049 1113 eadem
1077 1056 1255 1112 conati
1280 1063 1479 1110 suntet
1505 1054 1794 1124 discipulos
1824 1053 1922 1108 sibi
1949 1053 2035 1106 ad-

446 1155 741 1215 sciverunt,
789 1159 845 1205 et
876 1151 1142 1221 principes
1183 1157 1275 1202 aut
1319 1147 1576 1218 prmsides
1614 1146 1894 1216 designati,
1940 1145 2034 1199 sed

444 1241 694 1310 protinus
724 1242 968 1297 exstincti
1000 1249 1142 1307 sunt,
1175 1240 1420 1308 exempla
1449 1253 1729 1293 recensere
1758 1254 1770 1289 :
1813 1251 1909 1305 age
1939 1251 2031 1289 eo—

450 1334 695 1388 nahimur
721 1344 774 1388 ct
796 1334 872 1387 sic
899 1333 1287 1387 demonstrare.
1321 1331 1432 1385 lloc
1462 1330 1620 1401 igitur
1655 1328 1812 1382 modo
1837 1327 2032 1382 Gama-

443 1423 537 1477 liel
581 1439 642 1476 os
670 1424 932 1478 obturavit
975 1422 1096 1476 illis.
1145 1423 1275 1475 Cum
1321 1421 1462 1474 enim
1493 1419 1696 1472 videret
1741 1419 1858 1472 illus
1891 1417 2030 1469 insa-

438 1515 674 1581 nientes,
691 1513 1011 1584 cupidosque
1027 1511 1328 1566 cﬂ’undcndi
1350 1509 1618 1581 sanguinis
1633 1508 2028 1578 discipulorum,

444 1605 677 1660 studens
720 1620 814 1660 eos
855 1604 922 1659 ab
972 1603 1245 1672 impotenti
1295 1602 1506 1656 vesania
1552 1601 1822 1665 cohibere,
1866 1597 2032 1668 jussis

448 1695 716 1766 paulisper
737 1695 988 1750 secedere
1015 1695 1289 1762 apostolis,
1336 1693 1415 1748 sic
1441 1692 1506 1746 ad
1541 1692 1658 1746 illos
1687 1691 1846 1745 verba
1868 1689 2028 1743 fecit:

447 1787 731 1858 Prospicite
755 1788 890 1842 vobis
908 1787 1032 1858 quid
1058 1789 1120 1840 de
1139 1786 1217 1838 his
1242 1783 1526 1838 hominibus
1544 1784 1654 1836 sitis
1673 1781 1882 1852 facturi.
1903 1780 2033 1832 Ante

445 1881 536 1934 hos
569 1881 699 1934 enim
731 1880 834 1933 dies
879 1887 1079 1932 exortus
1103 1886 1173 1932 est
1206 1874 1462 1938 Theudas,
1493 1874 1661 1927 dicens
1703 1888 1756 1926 se
1788 1887 1894 1926 esse
1932 1869 2032 1922 ali-

435 1986 592 2041 quem
621 1987 642 2028 :
683 1961 731 2027 et
775 1973 966 2043 sequuti
997 1980 1112 2026 sunt
1136 1970 1281 2024 illuni
1310 1967 1402 2020 viri
1441 1963 1820 2035 quadringenti,
1869 1971 1915 2016 et
1941 1961 2034 2016 ille

445 2064 620 2135 periit,
665 2075 711 2120 et
740 2079 909 2118 omnes
939 2069 1176 2132 quotquot
1214 2060 1260 2113 ei
1287 2066 1586 2128 paruerunt,
1628 2056 1842 2127 dispersi
1888 2061 2025 2108 sunt.

443 2155 511 2210 Et
536 2166 646 2226 post
674 2155 820 2209 illum
850 2165 1050 2208 exortus
1093 2162 1164 2206 est
1204 2150 1240 2204 Ι
1245 2151 1371 2204 udas
1399 2149 1663 2215 Galiltcus,
1695 2149 1781 2217 qui
1823 2148 2030 2202 abduxit

436 2249 641 2300 turbam
664 2261 920 2316 magnam,
942 2253 987 2299 et
1017 2253 1241 2298 utortuus
1271 2252 1364 2308 est,
1389 2241 1723 2312 discipulique
1747 2241 1885 2295 illius
1911 2256 2030 2310 per-

437 2340 629 2394 ierunt.
676 2336 744 2389 Et
772 2352 904 2389 nunc
946 2335 1057 2388 dico
1083 2332 1219 2387 vobis
1253 2347 1273 2386 :
1305 2331 1544 2386 attendite
1583 2331 1736 2393 vobis,
1787 2331 2027 2401 quoniam

440 2433 484 2485 si
507 2446 633 2500 Opus
659 2429 753 2481 hoc
782 2427 935 2498 fuerit
960 2442 1023 2480 ea;
1046 2424 1351 2489 hominibus,
1375 2422 1709 2486 dissolvetur;
1734 2422 1813 2476 sin
1839 2439 1901 2475 ea:
1923 2421 2027 2475 Deo

438 2531 532 2586 est,
555 2536 657 2574 non
687 2517 914 2590 poteritis
936 2516 1064 2570 illud
1089 2515 1380 2579 dissolvere,
1409 2529 1471 2566 ne
1492 2513 1622 2579 forte
1646 2513 2028 2580 comperiamini

439 2623 483 2666 et
508 2613 747 2665 adversus
778 2609 940 2663 Deum
967 2623 1194 2678 pugnare
1225 2605 1362 2678 (Act.
1395 2605 1448 2659 5.
1483 2603 1714 2673 55·59).
1752 2601 1902 2657 Unde
1926 2603 2024 2672 igi-

439 2715 526 2758 tur
548 2701 885 2757 manifestum
913 2709 1013 2762 est,
1046 2699 1156 2754 fore
1185 2698 1302 2752 utsi
1331 2711 1396 2751 ex
1421 2696 1721 2749 hominibus
1743 2695 1811 2748 sit
1835 2693 2029 2748 dissol-

435 2805 612 2848 vatur.
659 2791 1123 2860 Experimentum,
1185 2787 1376 2857 inquit,
1432 2785 1650 2855 cepistis
1701 2799 1730 2838 a
1783 2785 1917 2839 Juda
1972 2793 2026 2838 et

434 2882 677 2939 Theuda.
711 2880 893 2952 Itaque
916 2891 970 2936 et
1000 2880 1086 2934 hic
1113 2879 1200 2949 qui
1237 2879 1304 2933 ab
1329 2878 1446 2932 istis
1469 2876 1808 2945 praedicatur,
1832 2876 1878 2930 si
1907 2876 2025 2930 talis

437 2983 539 3043 est,
585 2973 768 3044 quales
809 2972 1022 3028 luerunt
1060 2970 1156 3036 illi,
1190 2984 1290 3024 nec
1332 2968 1508 3023 divina
1549 2968 1779 3037 potentia
1823 2967 2027 3036 peragit

435 3069 652 3123 omnia:
692 3073 997 3135 exspectate
1024 3062 1311 3133 paulisper,
1344 3069 1396 3114 et
1428 3060 1542 3128 ipse
1589 3074 1765 3113 rerum
1803 3068 2024 3112 eventus

427 3157 586 3212 vobis
635 3152 794 3211 faciet
835 3155 989 3208 ﬁdem
1026 3169 1134 3208 :ex
1163 3153 1276 3221 ipso
1314 3151 1418 3205 ﬁne
1445 3149 1798 3219 cognoscetis,
1843 3159 2020 3202 utrum

443 3249 528 3302 hic
560 3246 629 3302 sit
668 3251 946 3316 impostor,
979 3255 1038 3297 ut
1067 3243 1262 3308 dicitis,
1291 3256 1353 3294 ac
1385 3241 1514 3309 legis
1545 3250 1925 3307 transgressa,
1954 3253 2020 3293 an

429 3340 580 3394 Deus
633 3338 877 3392 universa
906 3349 1247 3394 conservans,
1283 3331 1637 3400 inelIabilique
1668 3332 1902 3399 potentia
1933 3345 2020 3384 res

444 3429 752 3484 mortalium
782 3428 1097 3496 dispensans
1128 3424 1533 3492 moderansque.
1583 3422 1732 3490 Quod
1764 3422 1904 3486 dico,
1946 3419 2021 3474 fa-

424 3533 570 3578 ctum
594 3531 692 3577 est.
714 3524 1118 3591 Exspcetarual,
1146 3529 1197 3573 et
1226 3533 1292 3572 ex
1315 3517 1442 3585 ipsis
1470 3516 1621 3568 factis
1650 3515 1912 3568 declarata
1939 3522 2022 3568 est

428 3614 602 3668 divina
631 3625 682 3667 et
711 3610 1134 3680 inexpugnabilis
1177 3607 1436 3678 potentia.
1470 3607 1641 3672 Atque
1673 3604 1773 3658 hoc
1820 3605 2012 3658 inven-

429 3713 562 3768 tum,
598 3702 738 3771 quod
767 3700 832 3755 ad
861 3697 1206 3768 decipiendos
1246 3696 1502 3764 plurimos
1542 3695 1832 3748 adhibitum
1879 3703 2013 3758 erat,

421 3802 688 3850 retortum
725 3801 808 3848 est
834 3793 886 3845 in
911 3798 1069 3859 caput
1092 3787 1305 3843 diaboli.
1335 3785 1464 3840 Nam
1487 3799 1607 3838 cum
1635 3783 1838 3839 videret
1869 3785 2013 3838 illum

427 3885 731 3951 advenisse,
755 3882 939 3937 volens
959 3880 1100 3934 illius
1121 3879 1408 3934 obscurare
1428 3876 1712 3930 adventum
1732 3891 2016 3944 veramque

413 3974 900 4048 dispensationem,
923 3971 1169 4027 submisit
1194 3971 1507 4038 deceptores
1545 3967 1762 4036 aliquot,
1797 3983 1901 4036 quo
1932 3967 2012 4019 vi-

423 4069 615 4123 delicet
642 4073 697 4122 et
720 4067 807 4121 ille
828 4080 964 4120 unus
984 4079 1049 4118 ex
1075 4077 1258 4118 eorum
1283 4075 1504 4116 numero
1525 4067 1816 4130 putaretur.
1836 4058 2014 4128 Quod-

411 4174 527 4228 .que
556 4157 611 4212 in
653 4171 812 4212 cruce
857 4155 1000 4223 fecit,
1044 4167 1355 4225 procurans,
1390 4160 1444 4206 ut
1469 4151 1574 4205 duo
1605 4151 1837 4206 latrones
1883 4165 2006 4204 cum

424 4251 518 4306 illo
543 4249 1017 4320 cruciﬁgerentur:
1050 4246 1190 4301 idem
1220 4243 1344 4300 fecit
1369 4244 1422 4298 in
1453 4243 1594 4298 illius
1620 4242 1870 4308 adventu,
1894 4251 2007 4296 stu-

416 4344 559 4399 dens
588 4344 865 4397 veritatem
897 4340 1132 4395 admixto
1159 4337 1437 4393 mendacio
1465 4336 1752 4391 obscurare
1777 4353 1790 4390 :
1823 4349 2009 4390 verum

425 4447 526 4487 nec
550 4431 657 4485 illic
685 4431 976 4500 praevaluit,
1007 4444 1106 4484 nee
1146 4428 1252 4495 hic,
1282 4428 1407 4498 quin
1439 4426 1669 4481 maxime
1703 4425 1806 4480 hoc
1836 4427 2007 4496 ipsum

425 4521 713 4591 potentiam
755 4521 949 4575 Christi
994 4518 1302 4574 declaravit.
1333 4516 1543 4586 Alioqui
1572 4516 1658 4570 die
1685 4516 1837 4581 mihi,
1886 4531 2004 4581 cur,

419 4627 545 4668 cuni
576 4621 684 4667 tres
728 4610 925 4665 fuerint
952 4609 1190 4665 cruciﬁxi
1234 4609 1420 4662 eodem
1461 4609 1598 4671 loco,
1633 4607 1821 4661 eodem
1869 4617 2006 4662 tem-

423 4721 577 4777 pore,
599 4703 700 4758 sub
745 4702 931 4758 iisdem
974 4701 1257 4771 judicibus,
1303 4700 1376 4752 illi
1406 4699 1684 4764 sileantur,
1731 4699 1817 4754 hic
1861 4700 2008 4753 solus

421 4793 712 4850 adoretur?
751 4793 956 4848 Rursus
983 4805 1140 4862 quam
1168 4791 1237 4844 ob
1262 4805 1374 4844 rem
1405 4790 1639 4853 tandem,
1671 4805 1791 4842 cum
1827 4789 2005 4858 plures

422 4901 616 4942 novam
640 4885 848 4940 vivendi
877 4884 1137 4938 rationem
1163 4881 1489 4946 induxerint,
1517 4895 1580 4934 ac
1605 4879 1893 4949 discipulos
1915 4879 2007 4933 ha-

423 4979 656 5046 buerint,
698 4977 911 5032 illorum
948 4990 1015 5030 ne
1053 4987 1246 5028 nomen
1273 4971 1487 5042 quidem
1513 4971 1670 5024 hodie
1706 4979 1886 5024 notum
1915 4969 2000 5033 sit,

424 5072 509 5124 hic
540 5084 634 5140 per
656 5082 843 5123 omnes
870 5065 1052 5121 mundi
1077 5064 1257 5134 plagas
1280 5061 1488 5116 colatur
1504 5061 1528 5114 ?
1547 5059 1654 5116 Res
1678 5061 1820 5114 enim
1842 5060 2004 5128 potis-

423 5165 618 5217 simum
661 5159 971 5217 elucescunt
1011 5173 1076 5212 ex
1105 5155 1411 5211 collatione.
1441 5152 1637 5209 Confer
1666 5154 1764 5207 ista
1792 5152 1938 5218 mihi,
1970 5167 2004 5206 ο

423 5251 628 5316 lodice,
659 5264 720 5305 ac
743 5249 886 5305 disce
918 5248 1157 5303 veritatis
1178 5246 1567 5302 excellentiam.
1596 5243 1726 5311 Quis
1745 5243 2004 5312 impostor

426 5352 500 5396 tot
527 5341 793 5397 Ecclesias
815 5350 925 5396 toto
946 5350 1207 5395 terrarum
1229 5337 1358 5392 orbe
1389 5335 1632 5406 paravit?
1653 5333 1784 5400 Quis
1812 5333 1880 5388 ab
1905 5349 2000 5388 ex-

423 5433 611 5489 tremis
637 5433 704 5489 ad
732 5444 971 5489 extrema
991 5430 1174 5485 mundi
1203 5429 1403 5485 cultum
1429 5441 1582 5482 suum
1603 5425 1854 5497 protulit?
1873 5425 2001 5492 Quis

424 5537 614 5578 omnes
643 5524 910 5593 subjectos
947 5523 1152 5588 habuit,
1194 5522 1352 5592 idque
1378 5535 1496 5575 cum
1520 5527 1703 5575 essent
1726 5518 2000 5574 innumera

422 5614 740 5668 obstacula?
769 5613 938 5668 Nemo
961 5628 1110 5668 sane.
1142 5614 1332 5667 Annon
1355 5611 1516 5680 igitur
1535 5609 1873 5680 perspicuum
1895 5617 1997 5675 est,

416 5701 696 5756 Christum
715 5717 823 5758 non
849 5717 969 5759 esse
995 5703 1360 5772 impostorem,
1391 5701 1486 5758 sed
1526 5703 1868 5767 salvatorem,
1899 5700 1996 5758 sed

1197 309 1253 365 s.
1287 301 1572 365 ‘JOANMS
1596 303 2079 360 'cuuvsosrom
2123 294 2434 357 Ananiae.
2479 300 3010 366 CONSTANTI'NUP,

3622 293 3662 356 ’8
3669 301 3740 360 88

2144 415 2460 484 beneﬁcum,
2478 417 2573 474 sed
2597 429 2918 489 curatorem,
2939 422 3031 476 sed
3053 421 3344 495 principem
3366 426 3486 482 vita:
3508 439 3728 486 nostrae.

2142 503 2372 562 Proinde
2398 507 2462 562 ad
2496 509 2547 562 id
2574 509 2713 580 quod
2740 519 2857 566 erat
2898 515 3227 582 propositum
3269 517 3474 580 redibo.
3504 521 3547 573 si
3580 523 3728 590 prius

2143 611 2300 650 unam
2332 597 2506 653 adhuc
2537 599 2935 669 prmdictionetn
2983 603 3256 660 addidero.
3293 605 3412 661 Non
3462 613 3592 674 ueni,
3643 613 3727 664 iu-

2143 688 2275 756 quit,
2308 690 2503 743 mittere
2525 707 2698 760 pacem
2730 708 2884 762 super
2909 704 3116 760 terram,
3144 699 3233 750 sed
3259 699 3485 768 gladium
3507 700 3726 775 (Matth.

2145 778 2230 832 IO.
2261 779 2351 849 34)
2381 796 2394 832 :
2428 796 2532 833 non
2558 780 2836 837 declarans
2863 784 2986 852 quid
3019 785 3133 856 ipse
3160 800 3398 858 cuperet,
3422 793 3516 846 sed
3549 809 3729 849 rerum

2143 879 2388 923 eventum
2436 871 2746 938 prmdicens.
2786 873 2912 928 Veni
2939 878 3090 943 enim,
3139 879 3328 950 inquit,
3370 887 3735 954 sapararelto-

2141 961 2324 1014 minem
2361 963 2602 1018 adversus
2643 977 2836 1036 patrem
2857 985 3027 1034 suum,
3073 980 3121 1025 et
3162 989 3348 1027 nurum
3375 977 3619 1030 adversus
3639 993 3733 1032 so-

2141 1068 2278 1105 crum
2307 1069 2470 1119 suam,
2503 1063 2550 1108 et
2574 1055 2736 1122 ﬁliam
2764 1053 3010 1109 adversus
3031 1071 3241 1115 matrem
3266 1081 3410 1117 suam
3431 1064 3535 1136 (Ib.
3555 1068 3727 1137 v.55).

2146 1142 2295 1197 Unde
2326 1143 2440 1199 haec
2471 1146 2736 1214 praedixit,
2788 1149 2831 1202 si
2864 1149 2994 1203 nihil
3023 1151 3164 1205 aliud
3195 1163 3310 1208 erat
3353 1170 3508 1224 quam
3542 1157 3726 1223 homo,

2137 1245 2193 1289 et
2237 1251 2370 1291 unus
2399 1239 2658 1307 quispiam
2687 1254 2718 1295 e
2762 1241 2961 1312 vulgo?
2996 1243 3146 1310 Quod
3189 1256 3363 1301 autem
3391 1247 3552 1312 dicit,
3586 1249 3731 1303 hunc

2141 1327 2301 1382 habet
2347 1345 2564 1385 sensum
2593 1350 2606 1386 :
2638 1333 2889 1402 quoniam
2936 1336 3132 1402 evenit,
3164 1346 3222 1392 ut
3265 1339 3314 1392 in
3347 1341 3532 1394 eadem
3565 1341 3733 1394 domo

2141 1432 2276 1471 unus
2307 1419 2374 1473 sit
2403 1421 2592 1487 lidelis,
2625 1423 2761 1477 alter
2805 1424 3034 1479 inﬁdelis
3060 1443 3072 1478 :
3107 1427 3298 1482 deinde
3329 1441 3479 1498 pater
3505 1432 3631 1485 velit
3659 1433 3729 1485 lio

2136 1509 2266 1565 lium
2317 1525 2469 1565 suum
2520 1514 2829 1582 pertrahere
2872 1516 2938 1570 ad
2986 1516 3310 1589 impietatem
3353 1538 3367 1574 :
3409 1522 3509 1576 hoc
3550 1523 3726 1592 ipsum

2138 1600 2436 1670 przcdieens
2457 1604 2528 1656 ait
2555 1620 2569 1656 :
2590 1603 2726 1658 adeo
2751 1607 2928 1660 vincet
2953 1608 3223 1679 Evangelii
3255 1622 3509 1680 potestas,
3545 1626 3600 1667 ut
3627 1613 3722 1668 ﬁlii

2137 1707 2349 1762 quoque
2391 1703 2734 1750 contemnant
2765 1706 2943 1766 patres
2974 1713 3121 1766 suos,
3170 1711 3224 1755 et
3251 1703 3372 1757 lilia:
3418 1715 3634 1770 matres,
3667 1715 3726 1760 et

2138 1793 2384 1849 parentes
2430 1785 2647 1841 liberos.
2678 1786 2792 1840 Non
2836 1788 3009 1842 solum
3054 1803 3229 1846 autem
3275 1796 3422 1863 prius
3453 1794 3727 1852 habebunt

2135 1871 2429 1929 familiares
2491 1884 2858 1945 contemnere,
2904 1895 3086 1934 verum
3117 1885 3277 1937 etiam
3309 1901 3458 1939 suam
3489 1889 3722 1944 animam

2135 1979 2439 2035 exponere,
2468 1977 2765 2040 cunctaque
2792 1973 3059 2028 sustinere
3087 1989 3149 2028 ac
3181 1978 3405 2045 perpeti,
3440 1995 3506 2034 ne
3554 1981 3729 2048 pieta-

2136 2065 2240 2112 tem
2263 2058 2547 2129 abnegent.
2575 2059 2730 2116 Unde
2766 2061 2882 2118 lucc
2909 2064 2995 2119 ille
3026 2072 3136 2118 tum
3177 2067 3339 2132 scire,
3370 2077 3478 2122 tum
3508 2070 3724 2128 efﬁcere

2137 2150 2328 2218 potuit,
2357 2152 2399 2206 si
2429 2151 2525 2206 fuit
2556 2151 2716 2206 homo
2744 2169 2879 2208 unus
2907 2156 3166 2226 quispiam
3197 2174 3228 2212 e
3257 2159 3449 2230 vulgo?
3474 2161 3620 2217 Unde
3643 2164 3721 2217 illi

2133 2241 2280 2295 venit
2307 2242 2358 2296 in
2404 2252 2637 2298 mentem
2665 2244 2780 2299 haec
2806 2247 3061 2316 cogitare,
3102 2249 3243 2318 quod
3275 2252 3386 2320 ipse
3428 2253 3549 2306 ﬁliis
3579 2265 3725 2310 esset

2133 2333 2300 2402 magis
2330 2334 2653 2389 reveremlus
2679 2335 2885 2390 futurus
2913 2353 3070 2407 quam
3103 2349 3301 2408 patres,
3351 2343 3490 2412 quod
3520 2361 3721 2414 paren-

2135 2421 2273 2475 tibus
2297 2421 2500 2476 duleior
2526 2439 2682 2493 quam
2718 2425 2892 2492 liberi,
2919 2427 3059 2496 quod
3091 2429 3347 2485 uxoribus
3384 2431 3720 2488 desiderabi-

2132 2509 2233 2563 lior
2261 2525 2419 2580 quam
2466 2513 2683 2566 mariti?
2725 2513 2884 2585 idque
2936 2530 3043 2570 non
3094 2532 3194 2571 una
3240 2519 3293 2574 in
3323 2519 3502 2583 domo.
3546 2539 3722 2594 neque

2130 2600 2355 2668 duabus,
2403 2619 2575 2673 neque
2606 2605 2796 2672 tribus,
2828 2623 3000 2677 neque
3049 2608 3260 2678 decem,
3294 2628 3468 2683 neque
3509 2616 3720 2686 viginti,

2131 2708 2300 2762 neque
2323 2705 2559 2759 centum,
2588 2696 2682 2750 sed
2713 2697 2907 2767 ubique
2935 2706 3218 2767 terrarum,
3265 2703 3316 2756 in
3345 2705 3566 2760 urhihus
3591 2723 3717 2762 om-

2131 2783 2288 2839 nibus
2332 2799 2394 2840 ac
2439 2787 2767 2856 regionibus,
2819 2790 2871 2842 in
2901 2797 3064 2856 terra,
3112 2791 3164 2844 in
3196 2794 3350 2859 mari,
3382 2798 3518 2850 etin
3563 2808 3721 2866 parte

2129 2873 2313 2928 mundi
2344 2875 2574 2930 habitata
2601 2877 2756 2931 simul
2779 2887 2832 2932 et
2863 2880 3233 2935 inliahitabili?
3259 2883 3365 2937 Nec
3389 2886 3515 2940 illud
3543 2890 3718 2956 possis

2127 2963 2347 3019 dicere:
2379 2964 2513 3020 dixit
2546 2968 2758 3036 quidem
2790 2969 2910 3037 ista,
2951 2985 3136 3026 verum
3185 2972 3323 3027 haud
3354 2978 3604 3045 perduxit
3644 2980 3715 3033 ad

2127 3053 2394 3108 ell'eetum.
2442 3057 2759 3126 Complures
2805 3059 2960 3129 igitur
3001 3063 3053 3115 in
3101 3063 3406 3131 primordiis
3452 3067 3715 3124 Ecclesiae

2126 3153 2284 3215 atque
2310 3145 2445 3200 adeo
2472 3162 2612 3201 nunc
2639 3164 2849 3218 quoque
2877 3151 2947 3204 ob
2979 3152 3227 3220 pietatem
3273 3154 3540 3211 habentur
3563 3161 3710 3226 odio,

2127 3234 2411 3304 ejiciuntur
2433 3251 2464 3291 e
2485 3239 2717 3307 paternis
2737 3239 2962 3306 aedibus,
2994 3257 3092 3297 nec
3121 3243 3185 3297 ad
3207 3245 3492 3314 quidquam
3515 3247 3709 3302 horum

2127 3334 2486 3392 revertuntur,
2510 3327 2721 3384 abunde
2747 3344 2994 3399 magnum
3018 3332 3262 3387 solatium
3284 3348 3406 3390 esse
3425 3335 3706 3403 ducentes,

2124 3415 2265 3484 quod
2295 3415 2410 3470 haec
2437 3426 2655 3486 propter
2692 3417 2964 3474 Christum
3014 3424 3397 3491 perpetiantur.
3431 3426 3525 3480 Dic
3555 3429 3706 3494 mihi,

2123 3507 2244 3575 quis
2288 3506 2404 3562 hme
2441 3524 2691 3579 umquam
2739 3512 2910 3579 potuit
2940 3512 3078 3566 inter
3111 3513 3395 3569 homines?
3425 3517 3520 3572 llic
3550 3519 3707 3588 igitur

2125 3597 2240 3653 luce
2267 3599 2444 3653 omnia
2478 3600 2741 3669 praedixit,
2771 3602 2838 3656 de
2869 3603 3093 3658 muliere
3117 3603 3226 3670 illa,
3258 3605 3326 3660 de
3355 3606 3614 3674 Ecclesia,
3638 3609 3706 3664 de

2124 3687 2263 3742 bello
2291 3687 2392 3742 hoc
2436 3705 2451 3742 :
2494 3689 2634 3744 idem
2679 3692 2922 3759 prmdixit
2946 3695 3196 3762 templum
3227 3696 3512 3761 ruiturum,
3545 3697 3699 3752 Jeru-

2121 3780 2380 3850 solymam
2412 3791 2626 3850 captum
2672 3783 2756 3846 iri,
2790 3797 3016 3854 eamque
3045 3785 3310 3842 civitatem
3343 3803 3448 3842 non
3476 3791 3700 3859 amplius

2119 3870 2234 3926 lore
2280 3872 2545 3927 civitatem
2593 3874 2918 3943 Judtcorum,
2975 3887 3032 3931 ut
3081 3889 3235 3932 antea
3277 3879 3386 3951 (Id.
3437 3882 3551 3953 24).
3595 3883 3698 3937 Ita-

2119 3977 2224 4031 que
2244 3963 2286 4017 si
2309 3963 2559 4018 mcntitus
2582 3973 2664 4019 est
2681 3966 2764 4018 illa
2784 3966 2981 4030 omnia,
3003 3983 3101 4022 nec
3120 3981 3412 4024 evenerunt
3429 3989 3546 4039 qua:
3563 3989 3698 4043 pra:-

2117 4053 2270 4120 dixit,
2321 4054 2402 4108 his
2451 4055 2608 4109 ﬁdem
2638 4072 2793 4126 nega.
2825 4057 2974 4124 Quod
3005 4059 3048 4111 si
3089 4060 3235 4113 vides
3275 4061 3360 4115 illa
3403 4063 3696 4118 clarissime

2116 4147 2380 4213 evenisse,
2413 4147 2573 4215 inque
2601 4147 2716 4202 dies
2746 4148 2983 4218 singulos
3025 4165 3332 4219 augescere,
3367 4169 3538 4223 neque
3567 4154 3694 4208 inle-

2115 4250 2294 4290 rorum
2324 4245 2503 4305 portas
2529 4237 2784 4291 adversus
2810 4238 3103 4295 Ecclesiam
3128 4243 3445 4310 praevalere;
3473 4246 3518 4298 si
3551 4247 3692 4299 vides

2113 4328 2256 4398 quod
2299 4329 2490 4384 mulier
2517 4329 2602 4383 illa
2643 4329 2789 4397 fecit,
2836 4333 3111 4401 prmdicari
3142 4343 3289 4389 tanto
3312 4335 3422 4404 jam
3454 4348 3690 4410 tempore

2115 4435 2211 4490 per
2239 4421 2543 4476 universum
2589 4422 2804 4487 orbem;
2837 4422 2879 4476 si
2931 4422 3174 4477 homines
3202 4425 3292 4494 qui
3325 4426 3400 4480 illi
3441 4429 3685 4483 credide-

2111 4523 2258 4577 runt,
2285 4529 2407 4568 eum
2439 4513 2605 4582 pluris
2633 4513 2839 4568 faciunt
2862 4530 3020 4584 quam
3049 4523 3320 4586 parentes,
3369 4533 3528 4588 quam
3561 4535 3688 4574 uxo-

2112 4622 2219 4672 res,
2247 4621 2406 4676 quam
2437 4606 2632 4661 liberos
2659 4624 2670 4658 :
2702 4621 2818 4674 cur,
2852 4623 3055 4676 quzcso,
3087 4608 3208 4663 huic
3237 4611 3328 4664 uni
3360 4611 3688 4679 praedictiuni

2113 4697 2269 4752 ﬁdem
2317 4713 2424 4752 non
2478 4699 2739 4752 adhibes?
2788 4702 3080 4767 praesertim
3131 4716 3252 4756 cum
3299 4718 3363 4756 ex
3408 4705 3522 4771 ipso
3561 4717 3690 4758 tem-

2114 4805 2242 4858 pore
2295 4790 2653 4843 testimouimn
2708 4789 2848 4842 illius
2901 4791 3166 4845 silentium
3228 4792 3463 4862 imponat
3517 4794 3688 4863 impu-

2110 4883 2302 4937 deutia:
2333 4893 2456 4936 tum.
2486 4881 2636 4949 Quod
2666 4880 2710 4936 si
2741 4891 2860 4950 post
2904 4883 3166 4937 excidium
3198 4885 3343 4937 urbis
3373 4899 3479 4938 non
3513 4896 3685 4940 trans-

2112 4974 2277 5027 issent
2313 4971 2415 5026 nisi
2461 4972 2648 5027 decem
2678 4972 2823 5036 anni,
2854 4983 2946 5027 aut
2971 4973 3176 5044 viginti,
3207 4982 3299 5028 aut
3329 4975 3562 5044 triginta,
3603 4987 3690 5030 aut

2108 5063 2484 5134 quinquaginta
2511 5080 2525 5118 :
2557 5063 2774 5118 minime
2804 5071 2978 5117 tamen
3009 5064 3234 5119 decebat
3263 5066 3344 5121 vel
3371 5075 3484 5120 tum
3521 5067 3689 5136 impu-

2109 5154 2298 5210 denter
2340 5153 2636 5222 obsistere,
2683 5155 2894 5209 etiamsi
2938 5154 3125 5210 luisset
3165 5155 3342 5226 aliqua
3395 5157 3686 5212 reluctandi

2109 5245 2352 5310 occasio;
2403 5247 2512 5316 jam
2540 5261 2686 5310 vero,
2714 5246 2894 5301 sinon
2930 5245 3321 5316 quinquaginta
3369 5255 3595 5313 tantum,
3635 5256 3688 5302 et

2109 5345 2346 5403 centum,
2395 5337 2502 5390 imo
2549 5336 2630 5391 bis
2659 5351 2724 5391 ac
2753 5346 2834 5391 ter
2861 5345 3064 5391 tantum
3092 5351 3376 5404 annorum,
3406 5337 3686 5407 multoqe

2108 5427 2360 5497 amplius,
2409 5427 2662 5496 praiteriit
2691 5437 2810 5498 post
2836 5429 3105 5484 civitatem
3131 5438 3361 5499 captam,
3415 5445 3516 5486 nec
3545 5431 3681 5484 inte-

2108 5517 2208 5571 rim
2236 5517 2400 5571 ultum
2431 5517 2732 5586 vestigium,
2760 5526 2852 5572 aut
2880 5519 3066 5574 umbra
3095 5520 3338 5590 apparuit
3367 5520 3504 5590 ejus,
3524 5536 3686 5592 quam

2107 5609 2459 5676 exspectatis,
2508 5610 2814 5664 mutationis
2858 5628 2874 5665 :
2924 5625 3022 5664 cur
3073 5610 3270 5667 frustra
3322 5612 3579 5686 nullaque
3623 5617 3687 5671 de

2108 5713 2266 5754 causa
2287 5699 2339 5752 in
2371 5699 2692 5766 impudentia
2721 5700 3074 5772 perseveras?
