4084 6186
486 359 608 417 ’889

552 470 618 527 ἃ.
641 472 836 541 Ἤρκει
872 470 971 542 μὲν
1000 462 1094 524 οῦν
1122 474 1217 528 καὶ
1241 474 1312 528 τά
1343 475 1609 547 εἰρημένα
1634 477 1769 549 πρὸς
1796 476 2067 545 ἀπόδειξιν

482 556 617 626 ἡμῖν
646 551 742 607 τοῦ
768 553 1035 624 μηδέποτε
1064 554 1156 609 τὸν
1179 557 1304 612 ναὸν
1333 558 1752 630 ἀναστήσεσθαι.
1787 561 1933 632 Πλὴν
1952 560 2068 615 ἀλλ’

483 636 671 706 ἐπειδὴ
688 636 855 706 πολλὴ
882 638 983 708 τῆς
1002 637 1260 707 ἀληθείας
1283 641 1316 711 ή
1343 642 1653 713 περιουσία,
1668 643 1738 695 τά
1758 642 2068 715 Εὐαγγέλια

483 719 662 789 ἀφεὶς,
686 718 779 771 ἐπὶ
799 719 925 781 τοὺς
957 728 1242 790 προφήτας
1288 723 1578 795 τρέψομαι,
1606 721 1688 788 οἷς
1718 726 1951 796 μάλιστα
1978 731 2068 785 δο-

483 802 642 856 κοῦσι
660 800 957 855 πιστεύειν·
985 802 1079 854 zeal
1098 804 1194 855 ἀπ’
1223 804 1446 859 ἐκείνων
1482 808 1784 878 ποιήσομαι
1810 813 2065 885 φανερὸν,

482 885 564 939 he
591 884 716 938 οὔτε
743 885 842 955 τήν
872 884 1042 949 πόλιν,
1091 883 1217 938 οὔτε
1267 888 1358 940 τὸν
1386 889 1514 943 ναὸν
1541 890 1730 945 λοιπὸν
1758 883 2069 965 ἀπολήψον-

479 984 591 1022 ται·
614 967 790 1021 καίτοι
814 982 876 1034 γε
898 967 1155 1038 οὐδεμίαν
1183 965 1330 1038 εἶχον
1364 972 1611 1044 ἀνάγκην
1635 975 1935 1043 ἀποδεῖξαι,
1984 981 2067 1034 ὅτι

478 1053 581 1106 οὐκ
611 1053 995 1123 ἀναστήσεται,
1021 1051 1143 1104 οὐδὲ
1180 1054 1311 1123 ἐμὸν
1336 1056 1496 1109 τοῦτο
1518 1054 1607 1128 ἦν,
1659 1061 1776 1113 ἀλλ’
1821 1064 2063 1131 ἐκείνων,

478 1136 645 1203 δεῖξαι
666 1136 978 1218 τούναντίον
1007 1136 1089 1188 ὅτι
1118 1137 1505 1209 ἀναστήσεται.
1537 1143 1677 1211 Ἐγὼ
1709 1146 1807 1216 μὲν
1830 1146 1938 1217 γάρ
1958 1147 2068 1218 ἔχω

478 1220 580 1290 τήν
608 1218 716 1272 ἀπὸ
763 1217 865 1300 τοῦ
896 1219 1091 1288 χρόνου
1122 1219 1381 1275 σύστασιν
1434 1225 1815 1297 μαρτυροῦσάν
1848 1246 1937 1300 μοι
1972 1217 2067 1284 zeal

482 1299 1009 1370 συναγωνιζομένην·
1045 1301 1243 1356 ἐκεῖνοι
1270 1303 1327 1356 δὲ.
1354 1305 1404 1357 οί
1429 1305 1495 1358 δι’
1524 1308 1693 1380 αὐτῆς
1722 1311 1820 1381 μὲν
1841 1299 1941 1381 τῆς
1971 1312 2066 1365 ἐκ-

480 1384 694 1449 ϐάσεως
740 1384 849 1437 τῶν
887 1385 1228 1465 πραγμάτων
1286 1387 1612 1460 ἡττώμενοι,
1674 1394 1769 1445 zeal
1796 1395 1854 1447 ἐν
1883 1393 2067 1465 ἔργοις

479 1467 631 1521 οὐδὲν
670 1466 883 1537 ἔχοντες
933 1467 1103 1532 δεῖξαι
1147 1462 1223 1521 ὧν
1276 1469 1521 1539 λέγουσι,
1578 1462 1958 1545 κομπάζοντες
2009 1476 2067 1530 δὲ

478 1550 667 1612 ἁπλῶς
697 1550 791 1603 καὶ
817 1550 960 1620 εἰκῆ,
990 1551 1145 1603 αὐτοὶ
1173 1549 1371 1606 δίκαιοι
1401 1554 1603 1625 ταύτην
1631 1560 1937 1628 παρασχεῖν
1968 1558 2067 1629 τήν

482 1632 789 1705 μαρτυρίαν
817 1632 975 1686 εἰσίν.
1010 1634 1076 1685 Ἀ
1101 1633 1198 1703 μὲν
1233 1634 1343 1707 γάρ
1365 1635 1476 1705 ἐγὼ
1505 1637 1668 1707 λέγω,
1708 1640 1957 1711 δείκνυμι
1979 1641 2067 1695 διά

478 1717 589 1771 τῶν
617 1716 793 1788 ἐργων
826 1715 1006 1770 αὐτῶν
1028 1716 1399 1788 ἐκϐεϐηκότα,
1448 1722 1544 1775 zeal
1587 1724 1669 1777 ὅτι
1706 1721 1856 1796 [654]
1880 1725 2063 1792 ἔπεσε,

478 1802 575 1856 zeal
598 1802 681 1855 ὅτι
709 1801 808 1855 οὐκ
831 1800 1030 1872 ἀνέστη
1049 1801 1082 1871 ἡ
1101 1802 1255 1865 πόλις
1276 1803 1371 1855 ἐπὶ
1399 1805 1593 1875 χρόνον
1638 1806 1893 1862 τοσοῦτον
1941 1808 1977 1863 ἀ
2008 1809 2066 1862 δέ

478 1887 677 1940 ἐκεῖνοι
707 1884 979 1955 λέγουσιν,
1015 1887 1074 1938 ἐν
1106 1885 1352 1956 ρήμασίν
1382 1888 1505 1940 ἐστι
1526 1888 1703 1957 ψιλοῖς
1729 1891 1842 1953 τοῖς
1862 1891 2062 1945 αὐτῶν.

478 1969 591 2025 Kal
638 1969 806 2042 ἐχρῆν
854 1969 1052 2033 αὐτοὺς
1080 1968 1270 2035 δεῖξαι,
1300 1970 1384 2023 ὅτι
1422 1970 1790 2042 ἀναστήσεται
1835 1974 1998 2028 πάλιν
2031 1976 2065 2046 ή

477 2052 651 2117 πόλις·
687 2052 811 2106 ἐπεὶ
848 2052 944 2106 zeal
977 2053 1036 2105 ἐν
1068 2054 1182 2114 τοῖς
1231 2052 1607 2124 δικαστηρίοις
1633 2052 1806 2118 οὕτως
1847 2054 2066 2127 ὁρῶμεν

479 2135 769 2206 γινομένας
823 2134 926 2198 τάς
961 2133 1284 2199 ἀποδείξεις.
1349 2135 1520 2189 Ὅταν
1579 2135 1690 2205 γάρ
1733 2152 1882 2200 τινες
1926 2138 2067 2211 ὑπὲρ

478 2216 697 2271 ὁτουοῦν
722 2217 859 2289 πρὸς
897 2217 1163 2288 ἀλλήλους
1191 2216 1601 2289 ἀμφισϐητῶσι,
1635 2218 1730 2272 zeal
1751 2218 1978 2291 θάτερος
1991 2215 2067 2275 ὧν

479 2299 628 2366 λέγει
657 2300 950 2371 ἐγγράφως
978 2298 1193 2370 παρέχῃ
1222 2298 1321 2362 τὰς
1349 2299 1675 2368 ἀποδείξεις,
1695 2297 1856 2357 εἷταό
1881 2302 2068 2374 ἐτερος

481 2382 922 2453 ἐπιλαμϐάνηται
962 2381 1070 2436 τῶν
1107 2381 1452 2452 λεγομένων,
1500 2382 1661 2447 αὐτὸς
1698 2384 2067 2453 ἀναγκάζεται

478 2465 663 2519 λοιπὸν
696 2464 979 2538 μάρτυρας
1022 2465 1057 2536 ἢ
1103 2464 1198 2517 καὶ
1238 2464 1457 2534 ἐτέρους
1496 2466 1758 2537 παρέχειν
1812 2468 2068 2539 ἐλέγχους

478 2548 573 2602 τοῦ
602 2547 677 2619 μή
712 2546 885 2601 ταῦτα
921 2546 1093 2612 οῦτως
1132 2545 1296 2616 ἔχειν,
1337 2546 1413 2611 ὼς
1448 2545 1520 2600 τά
1544 2547 1874 2619 γραμμάτιά
1895 2562 1922 2591 ι
1959 2567 2066 2622 φη-

482 2647 587 2695 σιν,
625 2632 724 2684 οὐκ
759 2631 966 2692 ἐκεῖνος
995 2630 1024 2681 ὁ
1057 2628 1350 2700 προφέρων
1394 2629 1464 2682 τά
1523 2630 1873 2701 γραμμάτια.
1911 2632 2067 2686 Οὕτω

480 2715 576 2768 καὶ
593 2714 690 2769 νῦν
712 2714 886 2766 ποιεῖν
907 2712 1014 2765 ἔδει
1033 2713 1160 2775 τοὺς
1201 2711 1489 2777 Ἰουδαίους
1513 2715 1610 2768 zeal
1639 2714 1911 2786 παράγειν
1935 2718 2068 2788 ἡμῖν

482 2797 768 2867 προφήτην
805 2796 884 2858 εἰς
941 2794 1104 2865 μέσον
1131 2795 1223 2847 τὸν
1263 2794 1512 2863 λέγοντα,
1570 2797 1652 2850 ὅτι
1701 2799 2067 2870 ἀναστήσεται

479 2881 700 2943 πάντως
737 2881 771 2951 ὴ
801 2878 975 2942 πόλις.
996 2879 1118 2931 Ὅτι
1149 2877 1258 2948 γὰρ
1296 2879 1346 2931 εἰ
1379 2880 1469 2934 καὶ
1498 2878 1652 2944 τέλος
1677 2879 1902 2952 ἔμελλεν
1927 2881 2068 2949 ἕξειν

483 2964 669 3035 ὑμῖνή
706 2961 961 3034 παροῦσα
984 2962 1353 3033 αἰχμαλωσία,
1390 2964 1542 3017 πᾶσα
1575 2964 1786 3037 ἀνάγκη
1824 2961 1893 3036 ἦν
1940 2967 2068 3031 τοὺς

479 3049 767 3120 προφήτας
799 3045 971 3099 ταῦτα
1022 3048 1433 3116 προαναφωνεῖν
1454 3086 1469 3111 ,
1527 3049 1694 3103 παντί
1742 3066 1849 3104 που
1907 3048 2069 3120 δῆλόν

482 3129 686 3201 ἐστιτῷ
715 3129 809 3183 καὶ
828 3127 1078 3183 ὁπωσοῦν
1115 3130 1196 3193 εἰς
1221 3128 1292 3183 τά
1322 3132 1641 3202 προφητικά
1681 3133 2069 3205 παρακύψαντι

480 3211 682 3284 βιϐλία.
712 3211 820 3266 Kal
848 3212 957 3281 γὰρ
1004 3211 1127 3275 ἔθος
1175 3211 1329 3283 παρὰ
1373 3213 1651 3279 Ἰουδαίοις
1710 3216 1961 3283 παλαιόν,
1999 3218 2070 3272 τά

482 3295 742 3368 μέλλοντα
801 3295 998 3357 αὐτοὺς
1070 3293 1517 3364 καταλαμϐάνειν
1581 3298 1729 3352 κακά
1792 3299 1826 3372 ἢ
1887 3301 2070 3369 ἀγαθά

478 3376 875 3451 προαγορεύειν
909 3377 1037 3439 τούς
1072 3379 1363 3448 προφήτας
1401 3377 1629 3434 ἀνωθεν.
1680 3383 1838 3446 Τίνος
1883 3384 2070 3438 ἕνεκεν

479 3460 575 3513 καὶ
601 3459 690 3512 διὰ
719 3460 809 3525 τί;
839 3457 939 3511 Διά
982 3459 1083 3531 τὴν
1115 3459 1317 3532 πολλὴν
1345 3462 1525 3517 αὐτῶν
1557 3464 1951 3540 ἀγνωμοσύνην
1979 3469 2071 3522 zeal

479 3542 884 3612 ἀναισχυντίαν.
928 3540 1144 3612 Ἐπειδὴ
1174 3543 1285 3615 γάρ
1329 3545 1588 3617 παραυτά
1622 3548 1722 3612 τάς
1749 3550 2071 3621 εὐεργεσίας

479 3624 902 3679 ἐπελανθάνοντο
933 3622 1028 3676 τοῦ
1051 3624 1223 3678 ταῦτα
1253 3629 1615 3696 πεποιηκότος
1643 3630 1802 3699 Θεοῦ,
1837 3634 1933 3687 zeal
1959 3636 2072 3699 τοῖς

476 3708 728 3779 δαίμοσιν
760 3706 1071 3775 ἐπέγραφον
1108 3706 1178 3760 τά
1200 3708 1478 3778 γινόμενα,
1508 3711 1604 3765 zeal
1623 3712 1693 3766 τά
1717 3714 1901 3782 ἀγαθά
1930 3716 2072 3769 ἐκεί-

480 3808 592 3854 νοις
629 3788 949 3857 ἐλογίζοντο·
982 3789 1074 3843 καὶ
1109 3789 1204 3844 νῦν
1233 3791 1331 3861 μὲν
1355 3792 1661 3860 ἐξελθόντες
1685 3797 1743 3863 ἐξ
1769 3800 2069 3869 Αἰγύπτου,

479 3874 579 3945 τῆς
602 3871 880 3942 θαλάσσης
921 3871 1255 3944 σχισθείσης,
1295 3875 1390 3928 zeal
1439 3876 1546 3930 τῶν
1578 3878 1752 3934 ἀλλων
1778 3880 2070 3953 θαυμάτων

483 3955 1194 4029 γινομένων,ἐπιλαθόμενοι
1216 3956 1308 4011 τοῦ
1326 3957 1503 4014 ταῦτα
1525 3963 1891 4034 πεποιηκότος
1912 3966 2069 4035 Θεοῦ,

478 4043 590 4104 τοῖς
615 4040 675 4093 οὐ
705 4038 848 4103 θεοῖς
875 4038 1190 4094 ἀνετίθεσαν
1219 4041 1287 4095 τά
1318 4042 1598 4115 γινόμενα,
1632 4048 1726 4099 zeal
1755 4046 1835 4118 τῷ
1863 4048 2072 4121 ’Δαρὼν

476 4122 715 4193 λέγουσι·
748 4123 1016 4191 Ποίησον
1049 4122 1195 4192 ἡμῖν
1221 4125 1418 4192 θεοὺς,
1453 4126 1512 4181 οι
1551 4132 2072 4199 προπορεύσονται

479 4204 779 4277 ἡμῶνκαὶ
796 4204 873 4275 τῷ
886 4206 1127 4278 Ἱερεμίᾳ
1145 4207 1202 4260 δὲ
1227 4209 1509 4278 φαίνονται
1542 4212 1813 4282 λέγοντες,
1845 4216 2070 4272 Τὸνλό-

481 4308 592 4362 τον
602 4290 675 4344 ὃν
687 4288 999 4357 ἐλάλησας
1011 4291 1161 4357 πρὸς
1172 4289 1326 4358 ἡμᾶς
1346 4291 1424 4358 τῷ
1438 4295 1683 4365 ὀνόματι
1695 4300 1940 4366 Κυρίου,
1959 4303 2071 4355 οὐκ

480 4371 865 4442 ἀκουσόμεθα
880 4388 1019 4438 σου,
1033 4372 1120 4425 ὅτι
1134 4375 1446 4445 ποιοῦντες
1473 4378 1853 4451 δποιήσομεν
1873 4381 2073 4437 πάντα

404 4456 590 4535 χτόν
626 4455 832 4523 λόγον,
850 4455 918 4522 ὃς
937 4456 1321 4521 ἐξελεύσεται
1339 4460 1408 4514 ἐκ
1425 4460 1532 4515 τοῦ
1548 4464 1846 4533 στόματος
1878 4466 2068 4535 ἡμῶν,

483 4536 704 4610 θυὶιιᾷν
728 4539 803 4606 τῇ
818 4540 1168 4611 βασιλίσσῃ
1195 4544 1303 4597 τοῦ
1324 4546 1609 4612 οὐρανοῦ,
1643 4548 1744 4601 zeal
1774 4548 2073 4604 σπένδειν

481 4622 637 4692 αὐτῇ
675 4622 970 4689 σπονδὰς,
1004 4626 1158 4679 καθὰ
1190 4626 1565 4697 ἐποιήσαμεν
1606 4630 1707 4684 zeal
1748 4631 1921 4701 ἡμεῖς
1972 4635 2071 4688 zeal

479 4710 536 4761 οι
583 4706 836 4774 πατέρες
866 4705 1060 4774 ἡμῶν,
1092 4708 1191 4762 zeal
1224 4713 1279 4763 οι
1302 4711 1591 4781 βασιλεῖς
1628 4715 1820 4785 ἡμῶν,
1856 4718 1956 4772 zeal
2013 4721 2070 4772 οί

480 4789 772 4861 ἄρχοντες
806 4786 1007 4858 ἡμῶν·
1067 4792 1168 4848 zeal
1212 4792 1675 4867 ἐνεπλήσθημεν
1713 4800 1928 4868 ἄρτων,
1968 4803 2068 4855 zeal

479 4873 852 4944 ἐγενήθημεν
876 4873 1154 4943 χρηστοί,
1194 4876 1293 4930 zeal
1323 4878 1480 4933 κακὰ
1506 4882 1617 4935 οὐκ
1649 4881 1918 4952 οίδαμεν·
1967 4885 2066 4939 zeal

479 4959 559 5024 ὼς
589 4954 917 5027 θυμιῶντες
965 4954 1040 5026 τῇ
1068 4957 1420 5030 βασιλίσσῃ
1476 4963 1585 5017 τοῦ
1632 4966 1917 5035 οὐρανοῦ,
1966 4967 2066 5021 zeal

480 5039 853 5107 σπένδοντες
886 5040 1043 5110 αὐτῇ
1073 5042 1368 5110 σπονδὰς,
1388 5045 1814 5117 ἠλαττώθημεν
1845 5049 2069 5117 πάντες

477 5124 672 5195 ἡμεῖς,
707 5123 807 5178 zeal
858 5123 930 5178 ἐν
956 5125 1227 5195 ῥομφαίᾳ
1253 5127 1354 5181 zeal
1394 5129 1464 5181 ἐν
1491 5129 1647 5201 λιμῷ
1674 5132 2065 5203 ἑξελίπομεν·

480 5208 571 5262 ῖνα
591 5202 685 5261 οὖν
720 5207 887 5279 μηδὲν
918 5207 1031 5261 τῶν
1062 5208 1474 5280 συμϐαινόντων
1506 5214 1619 5276 τοῖς
1651 5214 1892 5280 εἰδώλοις
1920 5202 2068 5286 λογί-

478 5290 713 5356 ζωνται,
764 5290 903 5345 ἀλλά
936 5293 1030 5346 zeal
1060 5294 1159 5357 τὰς
1194 5295 1469 5364 τιμωρίας
1495 5296 1590 5349 καὶ
1620 5296 1720 5362 τὰς
1747 5299 2067 5371 εὐεργεσίας

482 5382 632 5450 παρά
661 5381 757 5435 τοῦ
778 5383 915 5437 Θεοῦ
947 5384 1277 5439 πιστεύωσιν
1312 5387 1497 5450 αὐτοῖς
1518 5388 1607 5442 ἀεὶ
1637 5390 2064 5460 παραγίνεσθαι,

480 5465 580 5526 τάς
620 5467 718 5535 μὲν
737 5467 826 5520 διά
853 5466 954 5531 τάς
984 5468 1279 5539 ἁμαρτίας,
1311 5470 1412 5533 τάς
1432 5470 1487 5523 δὲ
1514 5470 1604 5524 διά
1628 5472 2064 5545 φιλανθρωπίαν,

480 5545 688 5628 ἀνωθεν
724 5549 908 5611 αὐτοῖς
940 5548 1239 5621 προύλεγον
1278 5553 1329 5605 οἱ
1359 5555 1636 5625 προφῆται
1683 5555 1752 5609 τά
1800 5557 2066 5628 μέλλοντα

480 5627 723 5685 ἔσεσθαι.
758 5631 870 5684 Kal
902 5632 990 5685 ἵνα
1020 5633 1197 5706 μάθῃς
1233 5637 1314 5688 ὅτι
1354 5636 1495 5708 αῦτη
1526 5639 1673 5692 ἐστὶν
1715 5641 1750 5710 ή
1784 5627 1930 5695 αἰτία
1965 5642 2067 5714 τῆς

548 5827 567 5848 ‘
592 5825 687 5898 .l-Ili
708 5828 960 5898 γράμματα
986 5829 1079 5898 δίε,
1102 5847 1227 5898 unus
1256 5838 1569 5897 γραμματεῖα,

567 5900 573 5914 ·
596 5890 846 5949 almo-Bne;
869 5891 1013 5943 deest
1032 5892 1081 5944 iu
1102 5890 1422 5953 multis'ln'sé.

1216 360 1273 416 S.
1312 358 1599 417 JOAI‘NIS
1636 359 2135 418 CHRYSOSTOMI
2175 360 2497 422 ARCHIEP.
2539 364 3094 428 CONSTANTINOP.

3635 367 3747 426 890

2172 481 2531 553 προρρήσεως
2559 523 2574 550 ,
2623 482 2786 537 ἀκουε
2831 485 2886 539 τί
2930 501 3101 557 φησιν
3143 484 3174 538 ὁ
3234 478 3749 551 μεγαλοφωνότατος

2181 563 2442 627 Ἡσαΐας·
2498 564 2785 620 Γινώσκω
2823 566 2917 621 ὅτι
2957 563 3231 634 σκληρὸς
3276 558 3337 615 εἷ
3362 560 3443 615 σὺ
3470 561 3607 633 πρὸς
3655 561 3751 615 τὸν

2168 644 2298 699 λαὸν
2322 646 2416 701 τὸν
2459 647 2769 714 Ἰουδαϊκὸν,
2796 649 2894 703 zeal
2923 649 3143 716 νεῦρον
3169 656 3192 685 ο
3228 642 3523 712 σιδηροῦν
3558 647 3593 697 ό
3613 644 3749 711 τράο

2169 727 2357 797 χηλός
2383 743 2533 783 σου·
2570 730 2853 783 τουτέστιν
2896 725 3201 796 ἁκαμπὴς,
3246 725 3437 779 καὶτὸ
3468 724 3753 794 μέτωπόν

2168 824 2286 862 σου
2329 810 2628 880 χαλκοῦν,
2676 812 2956 865 τουτέστιν
3006 809 3386 879 ἀναίσχυντον.
3420 806 3576 861 οὕτω
3615 806 3751 874 γοῦν

2168 886 2265 945 zeal
2294 896 2429 964 ἡμῖν
2467 894 2592 959 ἔθος
2625 894 2909 957 πολλάκις,
2941 894 3070 956 τοὺς
3124 890 3387 962 ἐρυθριᾷν
3432 890 3508 961 μὴ
3536 890 3750 952 εἰδότας

2167 976 2667 1047 χαλκοπροσώπους
2691 975 2898 1031 καλεῖν.
2916 976 3024 1030 Kal
3053 972 3382 1044 ἀνήγγειλὰ
3409 987 3532 1037 σοι,
3559 974 3726 1043 φησὶν

2168 1055 2207 1110 ἂ
2229 1057 2443 1126 μέλλει
2475 1059 2575 1112 ἐπὶ
2621 1058 2699 1113 σὲ
2723 1060 3023 1127 ἔρχεσθαι,
3063 1057 3207 1124 πρὶν
3238 1055 3276 1123 ἢ
3313 1053 3614 1124 γενέσθαι,
3645 1053 3749 1107 καί

2166 1140 2437 1195 ἀκουστά
2469 1156 2570 1196 σοι
2598 1141 2882 1209 ἐποίησα.
2927 1136 3061 1194 Εἶτα
3087 1141 3188 1210 τὴν
3224 1139 3403 1193 αἰτίαν
3443 1137 3545 1207 τῆς
3575 1138 3751 1207 προρ-

2169 1224 2381 1293 ρήσεως
2417 1223 2612 1293 λέγων,
2647 1226 2955 1295 ἐπήγαγεν·
3011 1221 3260 1291 Μήποτε
3316 1221 3516 1287 εἴπῃς,
3542 1218 3631 1272 ὅτι
3662 1218 3747 1273 Τὰ

2165 1305 2386 1361 ἑῖδωλά
2406 1325 2509 1377 μοι
2534 1308 2808 1376 ἐποίησε,
2842 1307 2941 1361 καὶ
2983 1307 3057 1361 τὰ
3098 1306 3340 1374 τλυπτά
3381 1303 3480 1358 zeal
3509 1302 3581 1356 τὰ
3624 1320 3750 1371 φω-

2166 1389 2351 1443 νευτά
2377 1407 2481 1459 μοι
2505 1390 2866 1446 ἐνετείλατο.
2897 1392 3009 1444 Kal
3036 1388 3199 1442 πάλιν
3230 1387 3418 1457 ἐπειδὴ
3455 1385 3751 1455 φιλόνεικοι

2165 1488 2312 1535 τινες
2347 1471 2501 1536 ὄντες
2524 1472 2620 1527 zeal
2651 1472 2935 1538 ἀλαζόνες.
2969 1471 3065 1526 zeal
3090 1470 3229 1543 μετά
3261 1472 3364 1542 τὴν
3407 1467 3555 1541 [655]
3585 1468 3752 1522 ἑκϐα-

2168 1572 2253 1609 σιν
2301 1554 2693 1626 ηναισχύντουν
2738 1556 2815 1620 ὡς
2864 1555 2939 1627 μὴ
2994 1555 3437 1627 προακηκοότες,
3476 1553 3537 1606 οὐ
3581 1550 3752 1624 1:906-

2166 1637 2325 1707 λεγον
2352 1639 2402 1691 οἰ
2436 1639 2712 1710 προφῆται
2739 1638 2808 1692 τά
2834 1638 3071 1710 ἐσόμενα
3105 1639 3287 1709 μόνον,
3310 1636 3449 1691 ἀλλά
3474 1638 3570 1690 zeal
3601 1636 3750 1708 μάρ⁶

2162 1721 2336 1795 ἓυρας
2360 1721 2665 1789 ἐλάμϐανον
2692 1722 2802 1776 τῶν
2824 1722 3144 1793 γινομένων.
3171 1722 3330 1776 Οῦτω
3366 1721 3498 1790 γοῦν
3531 1721 3696 1775 πάλιν
3718 1722 3752 1774 ό

2166 1804 2330 1868 αὐτὸς
2373 1802 2600 1867 Ἡσαΐας
2641 1804 2810 1875 φησί·
2853 1804 3176 1873 Μάρτυράς
3200 1821 3303 1874 μοι
3357 1804 3625 1872 ποίησον
3654 1819 3754 1856 πι-

2166 1888 2355 1953 σταὺς
2384 1885 2765 1957 ἀνθρώπους,
2793 1885 2903 1940 τὸν
2927 1887 3150 1957 οὐρίαν
3163 1885 3275 1940 τὸν
3295 1884 3474 1954 ἱερέα,
3521 1885 3622 1938 zeal
3640 1885 3754 1939 τὸν

2166 1970 2475 2040 Ζαχαρίαν
2500 1971 2607 2024 τὸν
2634 1968 2771 2024 υἱὸν
2793 1969 3116 2039 Βαραχίου.
3144 1968 3255 2023 Kal
3290 1970 3351 2022 οὐ
3375 1967 3534 2021 τοῦτο
3566 1968 3752 2037 μόνον,

2166 2052 2305 2108 ἀλλά
2343 2054 2436 2107 zeal
2485 2054 2543 2107 ἐν
2583 2051 2736 2123 τόμῳ
2788 2050 2963 2123 καινῷ
3015 2050 3115 2122 τὴν
3162 2049 3502 2123 προφητείαν
3533 2050 3753 2122 γράψας

2166 2131 2421 2201 ἀπέθετο,
2450 2134 2539 2188 ἵνα
2563 2134 2701 2205 μετά
2719 2132 2820 2205 τὴν
2847 2132 3073 2188 ἐκϐασιν
3096 2133 3236 2188 αὐτά
3256 2133 3436 2186 αὐτῶν
3465 2149 3753 2203 καταμαρ-

2166 2219 2303 2288 τυρῇ
2327 2217 2396 2270 τά
2428 2217 2751 2289 γράμματα,
2772 2218 2855 2270 ὃτι
2879 2216 3086 2271 ἀνωθεν
3102 2216 3289 2279 αὐτοῖς
3313 2216 3408 2271 zeal
3424 2216 3532 2286 πρὸ
3553 2216 3751 2270 πολλοῦ

2166 2299 2262 2353 τοῦ
2294 2299 2488 2371 χρόνου
2517 2299 2947 2370 προηγόρευται.
2979 2298 3077 2352 Διά
3106 2298 3268 2353 τοῦτο
3295 2298 3417 2352 οὐδὲ
3452 2298 3639 2363 ἁπλῶς
3690 2300 3749 2352 ἐν

2166 2382 2319 2453 τόμῳ
2342 2382 2565 2453 γράφει,
2596 2380 2712 2435 ἀλλ’
2743 2383 2803 2435 ἐν
2827 2381 2979 2453 τόμῳ
3002 2381 3197 2452 καινῷ,
3221 2381 3505 2453 δυναμένῳ
3531 2382 3669 2453 πρὸς
3688 2381 3752 2435 τὸ

2172 2465 2349 2535 μῆκος
2379 2464 2613 2536 ἀρκέσαι
2636 2461 2732 2517 τοῦ
2769 2463 2962 2535 χρόνου
2991 2464 3087 2518 zeal
3142 2463 3218 2536 μὴ
3246 2464 3611 2534 διαφθαρῆναι
3650 2466 3752 2536 ρα-

2162 2539 2317 2612 δίως,
2348 2546 2464 2600 ἀλλ’
2492 2547 2782 2618 ἀναμεῖναι
2818 2546 2919 2618 τὴν
2963 2546 3189 2601 ἔκϐασιν
3212 2545 3324 2600 τῶν
3372 2548 3432 2600 ἐν
3456 2546 3607 2617 αὐτῷ
3653 2562 3752 2615 γε-

2168 2629 2507 2701 γραμμένων
2536 2629 2902 2701 πραγμάτων.
2934 2630 3044 2683 Καὶ
3070 2631 3154 2683 ὃτι
3181 2629 3340 2683 τοῦτό
3366 2630 3513 2683 ἐστιν
3529 2628 3749 2699 ἀληθὲς,

2169 2711 2266 2765 zeal
2297 2711 2476 2765 πάντα
2503 2711 2689 2775 αὐτοῖς
2722 2710 3095 2782 προανεφώνει
3123 2710 3192 2765 τά
3220 2711 3484 2782 μέλλοντα
3529 2711 3751 2766 ἔσεσθαι

2169 2795 2198 2848 ὁ
2222 2793 2379 2859 Θεὸς,
2426 2793 2528 2848 οὐκ
2555 2792 2806 2847 ἐντεῦθεν
2834 2793 3016 2864 μόνον,
3058 2794 3195 2848 ἀλλά
3219 2795 3313 2848 zeal
3348 2793 3407 2860 ἐξ
3432 2793 3615 2847 αὐτῶν
3641 2792 3750 2847 τῶν

2171 2876 2498 2947 συμϐάντων
2538 2877 2722 2941 αὐτοῖς
2750 2876 2938 2931 κακῶν
2979 2894 3040 2931 τε
3073 2878 3169 2931 zeal
3197 2875 3419 2945 ἀγαθῶν
3451 2877 3748 2948 ποίησομαι

2158 2948 2268 3030 ’τὴν
2295 2957 2594 3025 ἀπόδειξιν.

2256 3048 2319 3095 ε’.
2339 3042 2503 3114 Τρεῖς
2527 3042 2659 3111 γοῦν
2695 3044 2937 3109 δουλείας
2963 3044 3263 3116 ὑπέμειναν
3287 3041 3680 3115 χαλεπωτάτας
3702 3042 3750 3095 el

2183 3124 2427 3181 Ἰουδαῖοι
2456 3121 2507 3191 ά,
2539 3125 2636 3179 zeal
2664 3126 2921 3197 οὐδεμίαν
2962 3128 3130 3198 χωρὶς
3163 3128 3521 3198 προρρήσεως
3568 3126 3752 3187 αὐτοῖς

2169 3207 2612 3280 ἐπήγαγεν,ἀλλά
2628 3208 2807 3272 πάσας
2818 3211 3001 3272 αὐτοῖς
3026 3209 3390 3282 προλεχθῆναι
3415 3208 3752 3279 παρεσκεύα-

2172 3308 2263 3347 σεν
2291 3293 2320 3345 ό
2345 3291 2499 3357 Θεὸς,
2547 3292 2638 3347 zeal
2661 3291 2847 3356 τόπον,
2898 3293 2992 3345 καὶ
3039 3293 3251 3363 χρόνον,
3313 3292 3410 3348 zeal
3437 3292 3747 3363 πρόσωπον,

2163 3374 2267 3430 ’καὶ
2289 3372 2427 3440 εἶδος
2466 3375 2785 3442 κακώσεως,
2817 3375 2915 3431 zeal
2941 3376 3041 3446 τὴν
3069 3377 3351 3439 ἐπάνοδον,
3392 3378 3489 3430 zeal
3515 3375 3585 3429 1:&
3617 3373 3749 3429 ἀλλα
3806 3400 3815 3408 -

2171 3461 2351 3515 πάντα
2395 3458 2533 3532 μετά
2566 3459 2855 3531 ἀκριϐείας
2884 3458 3185 3530 προλέγων.
3219 3459 3327 3514 Kal
3361 3458 3508 3531 [τὴν]
3528 3457 3749 3531 πριῖηην

2173 3541 2549 3613 [πρόρρησιν]
2591 3541 2702 3613 ἐρῶ
2739 3541 2841 3613 τὴν
2888 3543 2947 3595 ἐν
2984 3543 3270 3615 Αἰγύπτῳ.
3314 3543 3459 3615 Πρὸς
3495 3542 3626 3611 γοῦν
3658 3542 3748 3596 τὸν

2183 3625 2437 3696 ’Δϐραάμ
2463 3624 2865 3695 διαλεγόμενος,
2899 3624 3044 3679 οὐτω
3060 3624 3177 3690 πώς
3201 3642 3335 3697 φησι
3352 3639 3367 3655 ·
3427 3623 3752 3681 Γινώσκων

2170 3708 2399 3780 γνώσῃ,
2435 3707 2527 3762 ὅτι
2555 3708 2847 3776 πάροικον
2876 3708 3049 3763 ἔσται
3077 3709 3144 3763 τὸ
3169 3710 3411 3779 σπέρμα
3432 3723 3551 3764 σου
3580 3709 3649 3763 ἐν
3671 3704 3749 3777 τῇ

2154 3790 2286 3846 "bene
2313 3790 2461 3859 ιδίᾳ·
2489 3791 2591 3845 zeal
2604 3791 3031 3846 δουλώσουσιν
3056 3793 3225 3857 αὐτὸ,
3241 3794 3341 3847 zeal
3364 3791 3750 3848 κακώσουσιν

2171 3873 2276 3941 ἐτη
2295 3874 2679 3942 τετρακόσια.
2720 3873 2790 3927 Τὸ
2812 3873 2881 3927 δὲ
2911 3875 3106 3941 ἔθνος,
3133 3868 3182 3942 ᾦ
3210 3877 3321 3930 ἐὰν
3347 3876 3746 3939 δουλεύσωσι,

2173 3954 2352 4024 κρινῶ
2383 3953 2517 4025 ἐγὼ,
2545 3951 2717 4009 εἶπεν
2762 3959 2795 4010 ό
2824 3958 2991 4023 Θεός.
3029 3958 3280 4027 Τετάρτῃ
3312 3958 3383 4013 δὲ
3439 3955 3750 4028 raram

2172 4039 2607 4094 ανελεύσονται
2635 4033 2752 4093 ὦδε
2773 4038 2923 4109 μετὰ
2949 4040 3304 4110 ἀποσκευῆς
3328 4040 3583 4111 πολλῆς.
3601 4037 3749 4103 Elia;

2173 4121 2291 4185 πῶς
2339 4120 2432 4176 τὸν
2481 4121 2712 4193 ἀριθμὸν
2740 4118 2861 4176 εἰπε
2888 4122 3001 4177 τῶν
3033 4123 3201 4178 ἐτῶν·
3241 4123 3572 4195 τετρακόσια
3609 4122 3705 4192 ἐτη
3729 4139 3746 4156 ·

2166 4208 2262 4267 τὸν
2287 4205 2487 4278 τρόπον
2514 4207 2612 4277 τῆς
2641 4206 2907 4271 δουλείας,
2941 4208 3026 4260 ὅτι
3051 4206 3151 4277 οὐχ
3184 4207 3373 4272 ἁπλῶς
3401 4207 3747 4262 δουλώσου-

2172 4306 2297 4353 σιν,
2336 4287 2472 4343 ἀλλά
2499 4290 2596 4344 zeal
2618 4289 3027 4344 κακώσουσιν.
3054 4291 3256 4344 ’Ἄκουε
3295 4292 3429 4359 γοῦν
3462 4289 3582 4354 πῶς
3614 4289 3746 4361 μετά

2171 4371 2344 4426 ταῦτα
2374 4372 2652 4442 ἐξηγεῖται
2685 4375 2714 4426 ὁ
2742 4374 2982 4445 Μωῦσῆς
3011 4376 3112 4447 τὴν
3146 4373 3389 4428 κάκωσιν
3409 4390 3423 4405 ·
3453 4375 3532 4428 Τὰ
3557 4371 3747 4443 ἆίυρα

2171 4456 2244 4508 οὺ
2282 4454 2509 4508 δίδοται
2539 4455 2664 4520 τοῖς
2685 4454 2942 4522 οἰκέταις
2963 4472 3102 4519 σου,
3142 4458 3297 4528 φησί,
3325 4458 3423 4511 zeal
3460 4456 3746 4527 λέγουσιν

2171 4537 2316 4607 ἡμῖν
2342 4537 2460 4605 τὴν
2485 4540 2922 4609 πλινθοιιργίαν
2949 4541 3144 4597 ποιεῖν
3166 4553 3213 4595 ο.
3231 4542 3341 4594 Kal
3357 4541 3747 4612 ἐμαστιγοῦντο

2170 4620 2292 4676 καθ’
2322 4621 2559 4691 ἑκάστην
2605 4622 2840 4692 ἡμέραν,
2891 4624 2979 4676 ἵνα
3032 4623 3233 4697 μάθῃς,
3263 4625 3316 4677 τί
3349 4623 3467 4677 ἐστι
3499 4624 3582 4686 τὸ,
3610 4627 3748 4677 Δου-

2164 4704 2442 4759 λώσουσι
2496 4705 2595 4759 zeal
2650 4705 3033 4774 κακώσοὺσι,
3100 4710 3216 4771 zeal,
3261 4708 3331 4763 Τὸ
3354 4709 3530 4774 ἔθνος
3560 4701 3610 4774 ᾧ
3645 4708 3749 4761 ἐὰν

2169 4787 2547 4843 δουλεύσωσι
2565 4830 2580 4854 ,
2629 4788 2811 4857 κρινῶ
2842 4789 2985 4858 ἐγώ·
3037 4790 3129 4844 τὸν
3168 4793 3613 4861 καταποντισμὺν
3644 4792 3749 4845 τῶν

2169 4871 2484 4938 Αἰγυπτίων
2539 4871 2734 4938 λέγων,
2777 4872 2870 4926 τὸν
2904 4873 2993 4927 διά
3016 4874 3117 4944 τῆς
3152 4874 3423 4947 Ἐρυθρᾶς
3453 4874 3747 4945 θαλάσσης,

2168 4953 2229 5007 ὃν
2261 4954 2320 5007 ἐν
2350 4955 2471 5016 ταῖς
2499 4953 2662 5024 ᾠδαῖς
2691 4956 2930 5027 Μωῦσῆς
2959 4955 3292 5026 ἀναγράφων
3328 4958 3502 5021 οὕτως
3529 4957 3715 5025 ἔλεγεν
3734 4974 3750 4987 ·

2174 5036 2384 5092 Ἵππον
2405 5035 2503 5091 zeal
2527 5037 2833 5105 ἀναϐάτην
2867 5040 3111 5108 ἔρριψεν
3143 5043 3231 5107 εἰς
3252 5039 3597 5095 θάλασσαν.
3620 5036 3749 5096 Εἶτα

2170 5119 2265 5173 zeal
2288 5117 2381 5173 τὸν
2414 5118 2618 5190 τρόπον
2652 5121 2751 5191 τῆς
2782 5122 3061 5183 ἐπανόδου.
3108 5122 3192 5177 ὅτι
3241 5122 3620 5188 ἐξελεύσονται
3651 5117 3749 5178 ὦδε

2172 5201 2310 5273 μετά
2337 5202 2652 5272 ἀποσκευῆς
2670 5203 2890 5273 πολλῆς.
2909 5204 3249 5273 Χρήσασθε,
3279 5209 3464 5277 φησὶν,
3490 5207 3749 5274 ἕκαστος

2164 5284 2329 5352 παρὰ
2356 5284 2464 5340 τοῦ
2516 5285 2784 5354 γείτονος
2827 5288 3016 5341 αὐτοῦ
3065 5288 3165 5342 zeal
3203 5288 3527 5356 συσκήνου
3558 5291 3749 5357 σκεύη

2168 5366 2372 5436 χρυσᾶ
2417 5366 2518 5422 zeal
2544 5369 2791 5438 ἀργυρᾶ.
2846 5369 3062 5439 Ἐπειδὴ
3104 5371 3215 5442 γάρ
3236 5373 3404 5427 πολὺν
3430 5373 3749 5427 ἐδούλευσαν

2166 5451 2378 5522 χρόνον,
2407 5452 2499 5508 καὶ
2514 5451 2605 5507 τὸν
2636 5453 2825 5521 μισθὸν
2853 5453 2952 5508 οὐκ
2981 5455 3273 5520 ἀπέλαϐον,
3297 5457 3528 5521 ἄκοντας
3555 5457 3747 5520 αὐτοὺς

2167 5533 2536 5606 ἀπαιτηθῆναι
2576 5552 2991 5606 παρεσκεύασεν
3020 5540 3048 5591 ὁ
3091 5537 3245 5602 Θεός.
3282 5539 3394 5593 Kal
3427 5539 3527 5612 βοᾷ
3558 5545 3587 5594 ὁ
3614 5554 3745 5610 προ-

2170 5618 2368 5696 φήτης,
2420 5616 2594 5686 λέγων
2614 5635 2627 5648 ·
2676 5618 2783 5672 Kal
2812 5617 3111 5691 ἐξήγαγεν
3143 5622 3367 5689 αὐτοὺς
3394 5624 3466 5677 ἐν
3488 5622 3745 5694 ἀργυρίῳ

2178 5791 2192 5802 .
2233 5729 2256 5759 ‘
2285 5728 2419 5799 Unus
2448 5730 2552 5778 cod.
2588 5727 2851 5780 Ἰουδαϊκὸν
2884 5734 3244 5797 ἀποτεινόμενος
3267 5738 3347 5785 zeal
3368 5733 3553 5800 νεῦρον,
3594 5734 3722 5791 Savil

2171 5806 2547 5850 az'grawapzvoz.

2235 5848 2262 5888 d
2291 5854 2350 5916 91
2377 5848 2597 5916 _'_I0'06a_Iez_e_
2623 5851 2772 5916 eleg-3%!
2806 5856 2853 5902 in
2881 5860 3167 5916 quibusdam
3195 5872 3311 5907 mss.

2233 5923 2255 5950 υ
2275 5912 2426 5965 δίινὶι.
2451 5919 2501 5960 cl
2529 5912 2657 5967 Bibl.
2695 5913 2798 5964 Val.
2824 5912 2910 5973 τὴν
2933 5919 3120 5967 πὶίνέον
3146 5920 3312 5971 ποιεῖν.
