4084 6186
346 313 453 369 889

414 423 467 474 ι.
502 417 585 474 Ea:
622 419 878 490 prophetis
903 407 1144 490 probaui?
1163 421 1402 491 templum
1430 437 1532 477 non
1558 422 1925 478 restituendum

347 511 708 568 use—llaec
746 511 877 566 satis
918 522 1070 567 erant
1113 513 1180 568 ad
1221 513 1692 570 demonstrandum
1739 515 1922 582 vobis,

345 620 632 675 numquam
663 603 776 659 fore
793 612 854 658 ut
874 605 1125 673 templum
1152 606 1482 661 restituatur.
1502 605 1695 660 Verum
1716 606 1927 676 quando

343 696 545 749 veritas
570 695 750 748 multis
775 694 945 749 modis
968 688 1252 754 exuberat.
1284 694 1459 750 missis
1497 695 1797 765 Evangeliis
1818 735 1832 760 ,
1860 694 1927 749 ad

345 786 636 856 prophetas
658 800 744 841 me
771 794 948 849 verto,
980 784 1170 855 quibus
1193 786 1424 841 maxime
1454 785 1699 841 videnlur
1723 784 1923 841 fidere:

344 889 508 948 atque
540 895 604 932 ex
635 877 720 931 his
768 879 1102 948 perspicuum
1143 877 1364 944 faciam,
1402 894 1577 948 neque
1621 878 1925 944 civitatem,

345 985 520 1040 neque
538 969 791 1039 templum
808 985 1056 1038 umquam
1077 969 1293 1039 posthac
1308 968 1714 1023 restituendum.
1731 967 1926 1034 Quatu-

343 1077 502 1131 quam
534 1059 664 1114 nihil
694 1070 808 1114 erat
837 1059 965 1114 mihi
1004 1073 1228 1114 necesse
1254 1059 1623 1114 demonstrare
1650 1058 1790 1127 quod
1822 1071 1926 1111 non

348 1130 674 1210 restituetur.
717 1150 900 1222 Neque
946 1152 1088 1207 enim
1135 1167 1306 1219 meas,
1353 1151 1448 1207 sed
1494 1151 1706 1205 illorum
1752 1156 1929 1219 partes

346 1255 502 1301 erant
529 1244 742 1309 docere,
766 1242 907 1314 quod
933 1253 1076 1299 esset
1103 1243 1509 1299 restituendum.
1531 1242 1660 1297 Nam
1687 1257 1787 1313 ego
1814 1242 1930 1310 qui-

347 1337 470 1391 dem
497 1351 562 1390 ex
594 1336 708 1404 ipso
737 1345 977 1405 tempore
1002 1349 1295 1404 congruum
1329 1334 1500 1390 habeo
1534 1333 1924 1398 testimonium,

353 1426 482 1481 mihi
525 1425 1025 1496 patrocinanszipsi
1064 1434 1271 1493 contra,
1320 1441 1441 1480 cum
1483 1441 1547 1481 ex
1591 1425 1707 1494 ipso
1749 1437 1928 1478 rerum

353 1523 548 1570 eventu
564 1515 899 1584 dejiciantur,
921 1530 1019 1569 nec
1038 1515 1326 1586 quidquam
1348 1530 1555 1583 eorum,
1579 1530 1698 1586 quae
1723 1514 1925 1578 dicunt,

348 1614 547 1676 queant
565 1605 953 1667 demonstrare,
980 1616 1155 1659 tamen
1177 1604 1306 1659 nihil
1324 1604 1466 1661 aliud
1486 1620 1642 1675 quam
1662 1612 1930 1659 ostentant

349 1713 490 1759 sese,
518 1712 638 1752 cum
669 1705 912 1766 oporteat
935 1697 1080 1766 ipsos
1105 1697 1462 1753 testimonium
1490 1696 1765 1752 exhibere.
1793 1695 1926 1751 Nam

351 1787 444 1840 illa
467 1802 584 1856 qua:
612 1785 732 1840 dico
761 1801 827 1841 es
856 1786 973 1856 ipso
999 1802 1177 1841 rerum
1216 1796 1407 1842 eventu
1430 1786 1598 1842 doceo
1626 1801 1744 1842 esse
1769 1800 1924 1841 vera:

352 1877 556 1931 corruit
582 1877 723 1931 enim
752 1876 961 1944 civitas,
1004 1892 1106 1933 nec
1133 1887 1238 1932 tam
1264 1877 1424 1947 longo
1445 1877 1555 1947 jam
1582 1885 1820 1948 tempore
1841 1877 1928 1932 inn

353 1978 593 2025 staurata
631 1977 743 2035 est;
785 1978 974 2024 contra
1017 1984 1136 2039 quae
1177 1969 1361 2025 dicunt
1403 1970 1512 2038 isti,
1554 1969 1711 2025 nudis
1753 1968 1929 2025 verbis

334 2062 614 2117 enituntur.
655 2060 812 2130 Atqui
856 2058 1120 2115 debebant
1165 2059 1265 2129 ipsi
1308 2059 1542 2126 docere,
1594 2060 1829 2114 futurum
1870 2066 1929 2115 ut

349 2151 537 2205 civitas
564 2165 749 2204 rursus
774 2149 1115 2204 instauretur.
1146 2148 1583 2220 Quandoquidem
1610 2150 1664 2205 in
1693 2148 1926 2206 forensi-

351 2243 453 2297 bus
474 2242 633 2296 etiam
651 2240 866 2310 indiciis
891 2239 1129 2294 videmus
1156 2240 1234 2294 sic
1262 2239 1375 2294 ﬂeri
1406 2239 1766 2310 probationes.
1794 2238 1928 2294 Nam

348 2331 561 2401 quoties
588 2331 724 2385 inter
750 2331 886 2386 ullos
909 2331 1085 2399 aliqua
1108 2330 1292 2386 incidit
1314 2330 1696 2396 controversia,
1720 2338 1773 2387 et
1797 2330 1931 2386 alter

351 2421 716 2490 probationem
746 2421 946 2491 scripto
969 2419 1192 2491 profert,
1215 2420 1405 2476 deinde
1429 2421 1473 2476 is
1497 2420 1752 2476 adversus
1769 2436 1928 2491 quem

320 2511 561 2581 -agitur,
613 2511 879 2565 inliciatur
918 2526 982 2565 ea
1025 2526 1144 2580 quae
1189 2510 1776 2581 objiciuntur:cogitur
1818 2511 1931 2581 ipse

352 2612 537 2672 (mstea
567 2610 732 2658 testes
758 2612 814 2658 et
841 2603 975 2657 alias
999 2601 1190 2658 afferre
1215 2603 1579 2673 probationes,
1610 2602 1802 2673 quibus
1829 2601 1929 2657 do-

349 2704 471 2751 ccat
496 2711 600 2750 non
622 2709 743 2751 esse
757 2709 878 2751 vera
894 2710 1015 2765 quae
1029 2695 1226 2764 scripto
1246 2697 1606 2761 continentur,
1625 2709 1729 2749 non
1750 2703 1929 2751 autem

350 2788 398 2840 is
421 2787 510 2856 qui
541 2786 796 2854 scriptum
828 2785 1096 2856 produxit.
1138 2783 1343 2840 Eodem
1385 2784 1547 2839 modo
1580 2784 1931 2839 conveniebat

348 2887 407 2932 et
449 2879 580 2932 istos
614 2877 701 2931 hic
743 2876 938 2941 facere,
989 2877 1248 2946 nobisque
1294 2878 1345 2930 in
1377 2877 1611 2931 medium
1639 2876 1930 2947 producere

350 2966 685 3038 prophetam,
707 2968 795 3035 qui
818 2967 1123 3036 praedixerit
1140 2966 1357 3021 omnino
1381 2966 1632 3031 futurum,
1662 2974 1720 3021 ut
1744 2966 1932 3022 civitas

348 3059 680 3111 restituatur.
699 3056 831 3110 Nam
857 3057 900 3110 si
925 3057 1204 3126 praesentis
1224 3057 1550 3126 captivitatis
1571 3056 1692 3113 linis
1710 3056 1930 3111 omnino

345 3148 561 3203 futurus
584 3156 745 3213 esset,
774 3162 994 3203 necesse
1019 3148 1204 3214 fuisse,
1229 3156 1286 3203 ut
1303 3148 1580 3219 prophetae
1600 3148 1652 3202 id
1676 3164 1927 3218 praenun-

349 3238 581 3305 tiarent,
629 3238 801 3308 palam
840 3248 921 3293 est
966 3239 1247 3305 omnibus,
1294 3239 1384 3307 qui
1432 3237 1519 3294 vel
1557 3238 1730 3293 obiter
1766 3238 1930 3294 libros

349 3327 689 3399 propheticos
733 3329 1079 3399 inspexerint.
1105 3327 1217 3384 Mos
1243 3330 1385 3384 enim
1411 3338 1524 3384 erat
1550 3329 1691 3399 apud
1717 3329 1930 3385 Judteos

348 3427 522 3482 vetus,
552 3428 608 3472 ut
635 3419 906 3489 propheta:
933 3418 1188 3474 divinitus
1216 3418 1379 3473 afﬂati
1424 3420 1774 3489 praedicerent
1802 3419 1926 3488 illis,

345 3525 469 3579 qum
494 3510 852 3576 imminerent,
876 3526 971 3565 seu
993 3512 1152 3576 bona,
1184 3526 1277 3566 seu
1301 3511 1457 3565 mala.
1486 3511 1664 3577 Quare
1690 3520 1744 3567 et
1766 3526 1924 3582 quam

345 3600 421 3654 ob
448 3601 601 3655 rem?
633 3600 858 3671 Propter
893 3601 1152 3671 insignem
1196 3601 1407 3657 illorum
1455 3603 1849 3672 improbitatem
1875 3612 1931 3658 et

347 3692 730 3760 impudentiam
755 3711 769 3746 :
792 3693 1050 3763 siquidem
1079 3693 1221 3749 illico
1248 3694 1630 3750 beneficiorum
1660 3695 1752 3750 Dei
1781 3696 1921 3751 obli-

345 3780 704 3843 viscebantur,
729 3797 897 3852 eaque
919 3798 1036 3852 qua:
1063 3783 1279 3849 fiebant,
1301 3783 1636 3841 dmmonibus
1653 3785 1927 3841 adscribe-

345 3872 498 3937 bant,
526 3881 582 3925 et
610 3871 746 3926 bona
774 3873 880 3927 illis
907 3873 1253 3943 imputabant.
1288 3874 1461 3928 Etiam
1486 3890 1645 3941 nunc,
1676 3890 1796 3930 cum
1822 3876 1928 3931 illis

342 3963 578 4031 egressis
601 3978 665 4017 ex
691 3962 924 4035 Egypto
951 3981 1097 4020 mare
1124 3966 1349 4021 scissum
1379 3977 1538 4032 esset,
1571 3968 1779 4038 aliaque
1804 3983 1930 4040 pro-

314 4051 489 4121 digia
529 4051 748 4117 ﬂerent,
790 4053 939 4108 obliti
979 4055 1120 4124 quod
1149 4055 1263 4111 haec
1297 4066 1514 4113 auctore
1545 4059 1650 4113 Deo
1672 4074 1925 4129 gereren-

347 4151 458 4206 tur,
495 4143 561 4197 iis
602 4144 691 4213 qui
716 4144 793 4198 dii
828 4160 934 4199 non
962 4154 1147 4214 erant,
1174 4149 1477 4205 tribuebant
1500 4165 1562 4205 ea
1589 4167 1707 4221 quae
1733 4151 1929 4207 ﬂebant

341 4233 588 4288 dicentes
623 4234 819 4288 Aaroni
843 4252 857 4288 :
878 4234 989 4290 Fac
1026 4238 1167 4293 nobis
1219 4237 1372 4308 deos,
1402 4242 1488 4310 qui
1516 4243 1799 4311 pt'atcedanl
1837 4260 1928 4298 nos

344 4323 546 4397 (Exod.
588 4323 680 4377 '52.
728 4326 800 4395 ί).
842 4327 1088 4382 Jeremiae
1134 4344 1343 4399 quoque
1387 4332 1927 4390 dicunt:Sermonem

341 4430 496 4483 quem
529 4413 758 4484 loquutus
798 4432 849 4469 es
881 4416 950 4468 ad
985 4432 1075 4471 nos
1101 4418 1157 4471 in
1184 4420 1385 4473 nomine
1419 4420 1655 4486 Domini,
1698 4441 1800 4478 non
1836 4443 1928 4479 au-

344 4507 543 4560 diemus
572 4520 636 4559 ea:
662 4516 728 4569 te,
746 4506 985 4576 quoniam
1008 4508 1250 4578 faciemus
1272 4511 1460 4574 onmia,
1482 4528 1595 4581 quae
1615 4514 1929 4584 egredientur

344 4611 409 4649 ea:
435 4611 524 4649 ore
550 4605 720 4650 nostro
736 4612 755 4650 :
775 4605 829 4650 ut
853 4596 1148 4652 adoleamus
1171 4600 1359 4668 regina:
1385 4602 1518 4666 creti,
1544 4612 1591 4656 et
1616 4601 1823 4659 libemus
1849 4604 1929 4658 illi

344 4687 607 4754 libamina,
629 4689 1050 4758 quemadmodum
1069 4690 1277 4760 fecimus
1298 4700 1342 4745 et
1362 4709 1473 4757 nos,
1495 4702 1542 4747 et
1560 4702 1728 4764 patres
1748 4697 1924 4765 nostri,

347 4790 394 4831 et
419 4795 560 4850 reges
593 4781 754 4834 nostri
776 4791 823 4835 et
849 4782 1100 4852 principes
1118 4785 1276 4839 nostri
1298 4799 1317 4837 :
1335 4793 1382 4838 et
1396 4785 1575 4855 repleti
1588 4802 1758 4841 sumus
1782 4789 1929 4858 pani-

345 4873 454 4933 bus,
486 4880 533 4924 et
560 4869 750 4941 fuimus
766 4872 1006 4942 jucundi,
1026 4882 1073 4926 et
1101 4872 1238 4927 mala
1263 4891 1363 4929 non
1391 4874 1705 4931 vidimus:et
1729 4887 1927 4948 postea-

345 4976 497 5028 quam
531 4960 811 5015 destitimus
834 4962 1036 5017 adolere
1058 4965 1245 5034 regina:
1269 4966 1399 5031 cadi,
1438 4974 1484 5020 et
1508 4967 1666 5021 libare
1692 4968 1770 5021 illi
1793 4968 1924 5022 liba-

339 5053 516 5117 mina,
559 5051 792 5106 diminuti
820 5070 992 5108 sumus
1021 5071 1190 5109 omnes
1233 5072 1357 5122 nos,
1397 5066 1445 5111 et
1483 5056 1657 5128 gladio
1695 5060 1926 5129 fameque

344 5143 617 5206 defecimus
655 5142 786 5214 (λεν.
823 5145 910 5201 44.
951 5146 1038 5200 16.
1084 5144 1195 5218 18).
1239 5146 1464 5202 Proinde
1491 5164 1559 5203 ne
1585 5148 1709 5218 quid
1736 5165 1921 5205 eorum

342 5251 460 5303 qua:
491 5237 883 5303 contingerent,
926 5237 1225 5291 simulacris
1253 5238 1595 5308 imputarent,
1627 5243 1719 5295 sed
1750 5243 1923 5311 potius

341 5322 624 5378 crederent
663 5333 718 5378 et
745 5325 969 5380 ultiones
997 5336 1052 5381 et
1097 5327 1352 5383 beneﬂcia
1383 5330 1512 5398 ipsis
1540 5346 1570 5384 a
1600 5331 1711 5387 Deo
1758 5333 1921 5403 proli-

338 5414 499 5481 cisci;
545 5414 661 5469 illas
708 5416 919 5485 quidem
959 5417 1028 5472 ob
1063 5428 1319 5489 peccata,
1369 5419 1482 5497 haec
1522 5436 1651 5477 vero
1694 5439 1788 5491 per
1829 5425 1919 5480 Dei

339 5504 742 5575 benignitatem,
776 5508 1050 5577 prophetae
1079 5503 1334 5565 divinitus
1359 5510 1523 5573 afﬂati
1566 5513 1921 5580 praedicebant

341 5594 445 5650 illis
475 5605 751 5650 eventura.
780 5599 951 5668 Atque
982 5606 1037 5653 ut
1060 5599 1259 5655 certius
1284 5602 1450 5669 scias,
1489 5602 1625 5659 hanc
1648 5618 1769 5660 esse
1794 5621 1919 5661 cau-

338 5701 451 5743 sam
500 5685 889 5757 prtrdictionis,
932 5688 1050 5759 vide
1086 5689 1211 5760 quid
1254 5690 1394 5750 dicat
1437 5694 1800 5751 vocalissimus
1829 5696 1915 5754 ille

1543 306 1906 365 ADVERSUS
1934 308 1960 364 J
1971 308 2240 366 UDrEOS.
2284 311 2346 367 ν.

3501 337 3606 392 δίδη

2031 422 2191 481 lsaias
2237 428 2304 483 ad
2350 430 2604 500 populum
2655 433 2931 491 Judaicunt
2981 455 2995 493 :
3031 438 3149 494 Scio
3179 445 3317 513 qttotl
3361 447 3515 500 durus
3546 467 3599 502 es

2030 527 2105 583 tu,
2133 528 2181 573 et
2208 536 2387 577 nervus
2411 526 2604 593 ferreus
2630 528 2798 583 cervix
2839 537 2926 583 tua
2950 528 3097 601 (Isai.
3123 533 3214 588 48.
3236 533 3291 604 4)
3333 552 3347 590 :
3379 535 3481 592 hoc
3503 549 3607 607 est,

2033 607 2335 666 inﬂexibilis
2359 629 2373 665 :
2399 611 2464 666 Et
2491 617 2634 684 frons
2660 626 2747 671 tua
2771 634 2924 684 terea,
2955 619 3059 676 hoc
3083 631 3163 677 est
3190 622 3493 694 impudens.
3521 627 3611 685 Sic

2031 707 2085 753 et
2102 714 2200 755 nos
2219 698 2528 770 frequenter
2543 705 2778 762 solemus
2793 723 2887 764 eos
2903 710 2990 778 qui
3008 711 3252 768 nesciunt
3271 715 3606 787 erubescere,

2032 799 2454 863 χαλκοπροσώπους
2476 835 2491 860 ,
2542 797 2593 851 id
2623 807 2703 852 est
2725 841 2739 863 ,
2773 817 2969 857 aeream
2997 803 3252 863 habentes
3277 809 3484 877 faciem,
3510 831 3602 884 ap-

2035 881 2251 950 pellare.
2284 883 2351 937 Et
2389 887 2689 942 attituntiavi
2729 891 2815 943 tibi
2859 909 2971 962 qua
3001 905 3206 950 ventur:
3248 909 3393 954 erant
3432 902 3484 954 in
3525 881 3593 971 te,

2033 973 2325 1045 priusquam
2348 975 2525 1044 fierent
2546 993 2567 1033 :
2590 988 2636 1032 et
2661 998 2722 1034 ea
2761 991 2808 1036 te
2835 985 3012 1040 audire
3039 984 3155 1058 feci.
3189 989 3393 1048 Deinde
3416 996 3610 1063 praedi-

2031 1063 2224 1118 ctionis
2246 1079 2460 1121 causam
2500 1072 2781 1126 enuntians
2796 1113 2811 1140 ,
2841 1076 3050 1145 snhjicit
3074 1094 3088 1132 :
3116 1078 3199 1134 Ne
3220 1082 3422 1152 quando
3445 1083 3609 1153 dicas,

2031 1154 2172 1209 idola
2189 1156 2314 1209 milii
2334 1157 2578 1226 fecerunt,
2606 1171 2653 1214 et
2678 1164 2941 1232 sculptilia
2960 1171 3334 1244 conﬂatiliaque
3353 1190 3605 1248 preceps-

2032 1253 2148 1297 runt
2177 1246 2320 1298 mihi.
2352 1250 2428 1303 Ac
2457 1264 2674 1317 rursus,
2703 1257 2954 1323 quoniam
2991 1261 3292 1328 pervicaees
3316 1246 3529 1334 quidam
3560 1278 3616 1324 et

2032 1333 2155 1386 elati
2186 1345 2303 1403 post
2333 1347 2583 1392 eventum
2614 1341 2688 1394 rei
2713 1342 3048 1412 impudenter
3067 1351 3314 1420 agebant,
3333 1333 3482 1425 quasi
3505 1372 3610 1413 non

2033 1423 2180 1491 prius
2204 1425 2477 1483 audissent
2500 1445 2513 1481 :
2538 1432 2811 1500 pr0pheta:
2838 1450 2943 1489 non
2963 1439 3134 1493 Solum
3160 1439 3334 1497 futura
3352 1423 3609 1514 praedice-

2034 1514 2163 1569 bant
2186 1555 2201 1580 ,
2236 1531 2424 1573 verum
2451 1521 2615 1575 etiam
2661 1532 2825 1580 testes
2864 1527 3186 1585 adhibebant
3222 1548 3407 1590 eorum
3429 1576 3446 1603 ς
3493 1551 3612 1606 qua:

2030 1605 2369 1673 gerebantur.
2413 1609 2499 1665 Sic
2536 1614 2678 1667 enim
2705 1631 2890 1671 rursus
2932 1618 3162 1690 loquitur
3206 1623 3347 1679 idem
3398 1605 3557 1685 Isaias
3589 1647 3611 1686 ε

2033 1692 2116 1746 Da
2140 1696 2266 1749 milii
2295 1706 2439 1754 testes
2472 1702 2606 1756 viros
2643 1702 2787 1759 bona:
2828 1707 2981 1776 ﬁdei,
3030 1710 3206 1767 Uriam
3233 1724 3281 1768 et
3307 1716 3613 1776 Zachariam

2033 1783 2197 1853 ﬁlium
2242 1785 2509 1846 Baracltiw
2552 1795 2859 1850 sacerdotem
2911 1796 3039 1872 (Id.
3089 1801 3142 1856 8.
3191 1803 3293 1876 2).
3348 1806 3458 1862 Nec
3509 1810 3613 1867 hoc

2032 1885 2350 1948 contentus,
2401 1881 2455 1937 in
2503 1899 2642 1940 novo
2686 1887 2950 1947 volumine
3001 1893 3320 1964 descriptam
3369 1897 3615 1970 deposuit

2035 1970 2387 2039 prophetiam,
2411 1983 2467 2028 ut
2488 1984 2609 2045 post
2631 1988 2882 2035 eventum
2910 1983 3038 2053 ipsae
3064 1984 3232 2043 literae
3259 1998 3441 2046 contra
3472 1992 3623 2063 ipsos

2028 2058 2250 2116 Iudaeos
2296 2064 2661 2123 testimonium
2713 2068 2937 2139 ferrent,
2988 2075 3132 2144 quod
3183 2077 3366 2135 afﬂatu
3412 2058 3615 2141 cwlesti

2032 2150 2353 2246 multoante
2392 2162 2633 2246 tempore
2677 2158 2866 2217 fuisset
2902 2163 3007 2220 illis
3046 2168 3384 2236 praedictum.
3429 2173 3618 2246 quue

2033 2253 2138 2295 non
2164 2241 2337 2297 solum
2364 2244 2579 2315 scripsit
2608 2247 2715 2304 illis
2746 2250 2798 2304 in
2830 2252 3122 2323 volumine,
3155 2258 3249 2314 sed
3274 2260 3327 2315 in
3358 2277 3497 2319 novo
3522 2241 3616 2320 vo-

2034 2330 2254 2422 lumine,
2282 2348 2389 2404 quo
2428 2347 2609 2406 posset
2654 2340 2705 2393 in
2748 2342 2971 2398 multum
3002 2345 3196 2403 durare
3239 2358 3484 2422 tempus,
3517 2371 3618 2413 nec

2032 2417 2187 2475 facile
2207 2425 2501 2494 corrumpi,
2532 2428 2626 2483 sed
2650 2442 2965 2501 exspectare
2990 2447 3236 2493 eventum
3268 2417 3480 2511 rerum,
3497 2461 3623 2516 quae

2034 2508 2104 2564 ibi
2133 2512 2563 2571 continebantur.
2584 2520 2745 2576 Certe
2773 2538 2955 2580 verum
2982 2542 3104 2584 esse
3129 2533 3272 2600 quod
3296 2534 3437 2603 dico,
3454 2508 3616 2595 ’vide-

2033 2599 2156 2656 licet
2178 2601 2343 2659 Deum
2368 2605 2473 2661 illis
2499 2611 2680 2666 omnia
2707 2623 2925 2670 ventura
2948 2599 3280 2690 praedixisse,
3301 2641 3406 2682 non
3423 2599 3501 2683 tes
3530 2630 3621 2687 bis

2034 2700 2237 2747 tantum
2257 2736 2273 2760 ,
2318 2712 2501 2753 verum
2530 2710 2586 2755 et
2612 2717 2679 2756 ex
2708 2703 2835 2773 ipsis
2881 2723 3001 2777 quae
3030 2710 3136 2766 illis
3162 2715 3472 2775 acciderunt
3501 2729 3621 2777 tum

2033 2781 2193 2848 bona,
2225 2796 2335 2841 tum
2365 2790 2526 2858 mala,
2557 2792 2956 2854 demonstrabo.

2102 2874 2157 2974 5.
2185 2875 2306 2932 Tres
2327 2878 2628 2937 Judworum
2650 2888 2925 2943 servitutes.
2946 2893 3163 2951 —Tres
3187 2900 3471 2958 servitutes
3494 2920 3615 2974 gra—

2031 2963 2276 3021 vissimas
2303 2971 2630 3036 pertulerunt
2651 2974 2841 3043 Judaei,
2865 2996 2933 3048 qu
2954 2999 3086 3037 :rnm
3116 2988 3313 3043 nullam
3342 2991 3480 3049 Dens
3495 2963 3617 3050 illis

2031 3052 2253 3124 ingessit
2280 3073 2383 3112 non
2411 3062 2735 3131 praedictam,
2765 3069 2860 3123 sed
2887 3086 3310 3148 unamquamque
3341 3083 3443 3137 illis
3477 3101 3614 3153 pne-

2032 3146 2309 3204 dicendam
2335 3154 2557 3220 curavit,
2584 3167 2637 3211 et
2665 3157 2863 3228 locum,
2892 3173 2944 3217 et
2974 3173 3200 3236 tempus,
3224 3146 3281 3223 et
3311 3146 3615 3244 personam,

2031 3247 2086 3292 et
2127 3239 2429 3299 afﬂictionis
2466 3247 2699 3314 speciem
2726 3289 2743 3315 ,
2784 3259 2839 3306 ct
2887 3252 3136 3322 reditum,
3178 3239 3385 3330 aliaque
3426 3239 3615 3321 cuneta

2031 3346 2238 3388 summa
2276 3349 2397 3390 cum
2440 3338 2714 3410 diligentia
2754 3347 3143 3413 prtenuneians.
3180 3351 3260 3406 Ac
3300 3354 3471 3423 primo
3498 3357 3615 3413 loco

2034 3424 2427 3516 pnedictionem
2455 3429 2679 3487 referam
2703 3434 2770 3490 de
2790 3438 3092 3505 captivitate
3117 3442 3170 3496 in
3197 3445 3449 3516 AEgypto.
3477 3449 3618 3506 Deus

2031 3515 2255 3584 loquens
2282 3518 2348 3573 ad
2376 3520 2641 3577 Abraham
2671 3526 2752 3581 his
2781 3528 2957 3585 verbis
2986 3532 3152 3587 utitur
3183 3552 3196 3587 :
3237 3515 3416 3591 Sciens
3453 3541 3615 3609 scias,

2029 3607 2164 3676 quod
2189 3625 2354 3665 semen
2379 3621 2520 3667 tuum
2544 3619 2861 3687 peregrinum
2880 3621 2972 3675 erit
2992 3622 3044 3676 in
3069 3632 3202 3678 terra
3230 3643 3329 3681 non
3349 3645 3460 3692 sua,
3488 3641 3538 3686 et
3559 3607 3617 3686 in

2030 3698 2316 3754 servitutem
2344 3703 2570 3774 redigent
2599 3717 2648 3760 ct
2679 3710 2897 3781 a/fligent
2929 3714 3060 3768 illud
3095 3720 3243 3772 annis
3270 3722 3610 3794 quadringen-

2031 3788 2115 3843 tis.
2147 3788 2354 3847 Gentem
2380 3809 2546 3850 autem
2564 3838 2581 3863 ,
2608 3801 2900 3872 cuicumque
2919 3807 3197 3876 servierint,
3229 3788 3318 3882 ego
3335 3814 3610 3883 judicabo,

2031 3879 2153 3934 dicit
2191 3880 2459 3940 Dominus.
2511 3887 2706 3953 Quarta
2740 3903 2906 3948 autent
2951 3900 3273 3966 generatione
3304 3914 3613 3959 revertentur

2031 3971 2127 4026 huc
2154 3990 2270 4027 cum
2294 3988 2546 4045 apparatu
2567 3982 2771 4051 copioso
2801 3984 2952 4056 (Gen.
2987 3988 3072 4042 15.
3108 3991 3274 4045 15-16
3298 3994 3337 4061 ).
3374 3994 3531 4051 Vides
3556 4007 3615 4052 ut

2033 4071 2087 4118 et
2138 4081 2417 4122 numerum
2467 4085 2729 4127 annorum
2779 4079 3143 4145 expresserit,
3191 4083 3613 4154 quadringentos

2031 4169 2198 4208 annos
2221 4165 2274 4212 et
2307 4161 2573 4215 servitutis
2609 4163 2858 4233 modum,
2888 4180 3007 4221 cum
3049 4186 3152 4222 non
3192 4172 3505 4241 simpliciter
3532 4179 3613 4231 in-

2032 4246 2144 4314 quit
2163 4288 2177 4312 ,
2218 4247 2270 4300 in
2299 4252 2581 4305 servitutem
2620 4254 2863 4322 redigent,
2891 4256 2985 4311 sed
3011 4259 3174 4325 addit,
3206 4262 3442 4334 affligant.
3474 4268 3611 4324 Audi

2030 4337 2297 4402 quomodo
2324 4339 2495 4395 Moses
2520 4343 2675 4410 paulo
2700 4356 2818 4413 post
2844 4357 3074 4416 exponat
3096 4350 3436 4409 afﬂictionem
3464 4373 3477 4410 :
3506 4356 3616 4412 Pa-

2032 4425 2142 4493 lem,
2173 4426 2361 4497 inquit,
2391 4447 2492 4484 non
2521 4432 2704 4486 dantur
2731 4436 2934 4505 famulis
2963 4439 3081 4507 tuis,
3108 4448 3157 4493 et
3170 4441 3349 4510 jubent
3375 4461 3464 4500 nos
3490 4447 3618 4503 late-

2033 4533 2121 4610 res,
2138 4522 2302 4586 facere
2330 4518 2530 4592 (Exod.
2564 4524 2621 4579 5.
2655 4524 2760 4595 lli)
2786 4544 2800 4581 :
2827 4535 2881 4581 et
2909 4529 3087 4600 ﬂagris
3112 4533 3456 4593 caedebantur
3476 4555 3613 4610 quo-

2035 4608 2157 4663 tidie
2181 4651 2196 4674 ,
2230 4620 2283 4664 ut
2314 4610 2577 4683 intelligas
2622 4617 2745 4686 quid
2775 4618 2875 4673 sibi
2906 4621 3064 4689 velit,
3096 4624 3150 4677 in
3179 4628 3463 4684 servitutem
3492 4608 3613 4686 red-

2031 4696 2167 4767 igent
2188 4709 2238 4752 et
2261 4702 2499 4772 afﬂigent.
2532 4702 2739 4760 Gentem
2771 4718 2957 4778 autem,
2989 4713 3175 4781 inquit,
3203 4718 3288 4770 cui
3318 4721 3610 4787 servierint,

2029 4807 2120 4861 ego
2135 4793 2378 4863 judicubo
2406 4797 2423 4866 (
2447 4794 2572 4852 Gen.
2605 4799 2689 4854 15.
2728 4800 2831 4872 14)
2866 4820 2879 4856 :
2909 4804 3212 4874 significans
3239 4807 3614 4880 Egyptiornnt

2030 4881 2452 4939 submersionem
2490 4886 2543 4939 in
2582 4889 2717 4941 mari
2758 4889 2970 4958 Rubro,
3001 4909 3159 4964 quam
3188 4896 3239 4950 in
3266 4900 3489 4954 canticis
3516 4902 3615 4955 de-

2029 4971 2268 5026 scribens
2295 4973 2468 5029 Moses
2487 4975 2565 5030 sic
2578 4975 2810 5047 loquitur
2836 4997 2850 5033 :
2884 4979 3083 5051 Equum
3100 4996 3147 5038 et
3172 5002 3485 5042 ascerisorem
3505 4991 3617 5060 ejus

2030 5064 2237 5132 proiecit
2273 5065 2327 5118 in
2367 5083 2505 5122 mare
2526 5064 2730 5141 (Exod.
2754 5072 2838 5126 15.
2872 5073 2895 5126 l
2924 5072 2964 5141 ).
3014 5073 3135 5130 Mox
3165 5083 3233 5130 et
3254 5077 3454 5133 reditus
3494 5095 3614 5134 mo-

2026 5154 2152 5208 dum
2175 5196 2190 5222 ,
2228 5157 2367 5226 quod
2402 5169 2580 5215 essent
2620 5162 2840 5217 redituri
2882 5179 3013 5219 cum.
3048 5167 3214 5223 multa
3254 5171 3609 5239 supellectile.

2029 5246 2243 5313 Sumite,
2280 5248 2468 5320 inquit,
2494 5255 2811 5307 commodata
2835 5272 2982 5309 a-sua
3005 5273 3212 5332 quisque
3237 5261 3400 5315 vicina
3423 5272 3470 5317 et
3494 5280 3618 5319 con-

2024 5335 2274 5391 tubernali
2313 5356 2432 5393 vasa
2466 5358 2619 5394 aurea
2655 5351 2705 5395 et
2743 5356 2979 5414 argentea
3035 5346 3158 5419 (Id.
3207 5351 3261 5405 5.
3306 5349 3420 5423 22).
3471 5353 3616 5421 Quo-

2024 5427 2165 5480 niam
2196 5428 2337 5482 enint
2367 5430 2523 5498 longo
2553 5434 3150 5505 temporeservierant,
3181 5454 3281 5495 nec
3306 5442 3612 5501 mercedem

2025 5526 2340 5586 receperant
2359 5558 2375 5584 ,
2403 5519 2541 5573 Deus
2564 5520 2740 5576 ellecit
2761 5530 2820 5578 ut
2846 5524 3192 5583 inscientibus
3218 5546 3281 5586 ac
3311 5533 3614 5591 nolentibus

2024 5608 2186 5664 etiam
2222 5616 2500 5679 peterent,
2540 5612 2842 5686 clamatque
2870 5619 3124 5689 propheta
3156 5623 3339 5681 dicens
3369 5643 3384 5680 :
3417 5626 3627 5684 Eduxit-

2023 5717 2106 5756 eos
2130 5717 2242 5756 cum
2270 5714 2476 5774 argento
2501 5714 2547 5761 et
2567 5723 2711 5779 auro,
2741 5726 2831 5766 nec
2855 5722 2961 5768 erat
2990 5714 3041 5768 in
3067 5715 3297 5774 tribubus
3314 5736 3493 5776 eorum
3521 5723 3631 5780 ius»
