4084 6186
536 310 638 367 891

533 434 719 502 firmus
743 424 768 500 (
788 425 929 482 Psal.
961 424 1082 480 101.
1109 424 1175 479 ’57
1198 421 1241 494 ).
1267 421 1392 476 Haec
1411 429 1492 475 est
1516 435 1616 473 una
1645 418 1875 472 servitus
1898 413 2123 472 exactis-

537 521 671 575 sime
709 517 984 589 prazdicta.
1005 518 1116 585 Age
1151 529 1290 568 nunc
1315 522 1369 567 et
1402 511 1470 566 ad
1507 512 1728 566 alteram
1767 508 2124 578 captivitatem

538 617 810 662 vertamus
831 620 1046 660 sermon
1067 621 1154 670 -m,
1173 619 1329 672 quam
1354 602 1587 672 perpessi
1611 609 1732 654 sunt
1757 599 1808 653 in
1835 599 2121 669 Babylone.

539 697 668 750 Nam
693 707 750 751 .et
780 695 918 749 hanc
945 703 1190 748 accurate
1227 692 1544 761 prmdixerat
1583 690 1839 745 Jeremias
1868 729 1883 753 ,
1929 690 1999 742 ita
2042 688 2122 740 lo-

537 801 707 853 quens
739 804 752 839 :
785 784 873 839 Sic
900 785 970 836 ait
1001 783 1250 836 Dominus
1279 798 1295 834 :
1334 791 1598 850 postquam
1624 780 1820 848 impleti
1857 779 2043 848 fuerint
2071 778 2122 830 in

541 876 799 947 Babylone
821 875 1137 946 septuaginta
1166 876 1320 938 anni,
1348 873 1554 927 visitabo
1585 887 1689 936 vos,
1723 882 1766 925 et
1795 887 1977 940 ponant
2005 887 2123 940 erga

538 986 620 1022 uos
648 968 794 1021 verba
820 967 1104 1031 meabona,
1134 975 1190 1019 ut
1215 965 1432 1018 redeatis
1461 964 1512 1016 in
1543 963 1705 1016 locum
1733 962 1865 1015 hunc
1895 960 2120 1031 (Jerem.

537 1056 747 1129 99.10)
780 1075 794 1110 :
825 1065 871 1111 et
897 1066 1179 1110 convertam
1205 1055 1536 1123 captivitatem
1565 1063 1813 1116 vestram,
1842 1062 1887 1102 et
1909 1067 2122 1120 congre-

538 1148 667 1219 gabo
693 1164 781 1201 cos
802 1163 865 1201 ex
888 1147 1118 1200 omnibus
1139 1144 1387 1215 gentibus,
1411 1153 1456 1196 et
1483 1159 1544 1195 ea:
1566 1143 1754 1195 cunctis
1778 1141 1900 1194 locis
1926 1142 1976 1192 in
2000 1157 2124 1208 quos

537 1240 752 1310 dispersi
781 1255 866 1292 vos
887 1279 900 1300 ,
923 1238 1044 1292 dicit
1074 1235 1322 1289 Dominus
1347 1277 1362 1301 ,
1394 1245 1440 1288 et
1463 1243 1744 1287 convertam
1771 1247 1854 1286 vos
1881 1233 1930 1284 in
1959 1233 2124 1286 locum

537 1332 672 1386 unde
696 1347 783 1386 vos
804 1331 1083 1399 demigrare
1107 1328 1200 1396 feci
1227 1326 1401 1397 (Ibid.
1433 1348 1487 1384 υ.
1513 1325 1640 1395 14).
1670 1324 1827 1380 Vides
1857 1335 1909 1378 ut
1939 1339 2123 1378 rursus

541 1421 628 1476 hic
653 1429 708 1476 et
730 1421 1000 1476 civitatem
1024 1418 1366 1488 expresserit,
1385 1429 1437 1472 et
1457 1432 1716 1471 annorum
1745 1431 2044 1477 numerum,
2069 1423 2124 1468 et

542 1511 683 1566 unde
712 1519 898 1580 etquo
934 1518 1078 1564 esset
1116 1509 1233 1562 illos
1277 1507 1738 1577 congregatur-us?
1779 1505 1903 1560 ldeo
1936 1503 2122 1559 Daniel

541 1616 648 1658 non
675 1582 820 1669 prius
846 1613 1007 1667 super
1034 1597 1117 1652 his
1142 1598 1346 1666 rogavit
1378 1597 1656 1650 Dominum
1675 1638 1689 1660 ,
1717 1612 1875 1666 quam
1903 1595 2125 1650 vidisset

540 1705 680 1743 asino
701 1689 1029 1758 septuaginta
1055 1688 1368 1756 completos.
1397 1685 1528 1754 Quis
1551 1687 1664 1740 haec
1688 1685 1857 1740 dicit?
1881 1685 1996 1755 Ipse
2024 1686 2123 1738 Da-

543 1782 643 1838 niel
675 1783 746 1836 ita
775 1782 996 1851 loquens
1022 1797 1036 1833 :
1069 1779 1136 1833 Et
1158 1797 1249 1851 ego
1278 1779 1458 1833 Daniel
1484 1779 1729 1849 faciebam
1755 1795 1907 1848 opera
1936 1777 2085 1848 Regis
2103 1818 2120 1843 ,

541 1884 584 1925 et
619 1871 909 1926 admirabar
935 1871 1174 1926 uisionem
1198 1913 1212 1936 ,
1246 1887 1334 1925 nec
1371 1881 1476 1924 erat
1507 1871 1592 1941 qui
1621 1870 1918 1939 intelligeret
1948 1867 2118 1940 (Dan.

540 1967 592 2020 8.
618 1965 724 2035 27)
755 1981 768 2018 :
801 1975 846 2018 et
869 1964 1094 2018 intellexi
1119 1965 1170 2017 in
1201 1964 1339 2017 libris
1363 1979 1623 2017 numerum
1650 1977 1920 2025 annorum,
1944 1972 1999 2016 ut
2027 1962 2122 2031 fuit

540 2071 705 2109 sermo
721 2053 930 2108 Domini
956 2053 1024 2108 ad
1047 2053 1320 2108 Jcremiant
1344 2055 1639 2124 prophetam
1655 2096 1669 2119 ,
1699 2054 1768 2107 ad
1792 2054 2122 2124 expletionem

539 2144 867 2199 desolationis
900 2144 1229 2214 Jerosolyma:
1264 2146 1384 2198 anni
1419 2145 1736 2215 septuaginta
1763 2160 1783 2197 :
1809 2153 1855 2197 et
1889 2144 2006 2198 dedi
2043 2149 2121 2214 fa-

539 2238 666 2290 cient
684 2235 751 2288 ad
777 2235 1047 2288 Dominum
1067 2235 1232 2288 Deum
1259 2251 1444 2301 meum,
1471 2244 1526 2287 ut
1548 2235 1855 2304 exquirerem
1877 2250 2011 2305 preci
2029 2235 2123 2288 tio-

542 2343 653 2379 nem
679 2335 723 2380 et
750 2324 1137 2379 obsecrationem
1159 2325 1209 2378 in
1226 2325 1427 2394 jejunio
1449 2366 1462 2390 ,
1484 2340 1627 2378 sacco
1647 2366 1662 2389 ,
1692 2334 1736 2378 et
1761 2325 1926 2378 cinere
1946 2322 1966 2397 (
1986 2322 2006 2376 1
2017 2323 2115 2377 bid.

541 2420 592 2474 9.
619 2419 673 2473 2.
699 2420 732 2474 3
755 2419 798 2486 ).
829 2419 1033 2474 Audisti
1060 2418 1503 2489 quemadmodum
1525 2417 1640 2472 haec
1660 2433 1874 2488 quoque
1897 2417 2118 2487 captivi-

541 2524 619 2565 ias
640 2511 891 2581 pracdicto
914 2511 1090 2578 fuerit,
1111 2521 1163 2566 et
1179 2509 1432 2581 propheta
1452 2524 1557 2563 non
1579 2522 1740 2562 ausus
1759 2508 1913 2562 fuerit
1936 2522 2119 2576 preces

537 2613 592 2656 et
634 2602 1071 2672 supplicationem
1113 2602 1401 2654 admovere
1435 2601 1544 2652 Deo
1581 2606 1706 2663 ante
1747 2607 1956 2666 tempus
1983 2612 2118 2664 prae-

541 2692 764 2757 liuitum,
790 2708 857 2748 ne
882 2691 1073 2746 frustra
1097 2701 1403 2760 temereque
1425 2688 1705 2755 accedens,
1729 2687 1957 2753 audiret,
1980 2687 2120 2756 quod

539 2783 742 2838 audivit
768 2783 1032 2838 Jeremias
1061 2801 1074 2837 :
1107 2781 1190 2838 Ne
1217 2783 1470 2854 rogaveris
1489 2798 1582 2851 pro
1606 2781 1795 2851 populo
1821 2781 1936 2845 hoc,
1962 2795 2124 2850 neque

539 2874 806 2944 postulatis
834 2889 926 2943 pro
951 2873 1053 2927 illis
1083 2887 1104 2927 :
1129 2874 1364 2942 quoniam
1393 2888 1492 2925 non
1523 2871 1790 2925 exaudiam
1819 2879 1865 2924 te
1890 2869 2121 2939 (Jerem.

544 2967 626 3020 ll.
657 2967 742 3020 11.
772 2965 888 3034 12).
909 2965 1101 3020 Verum
1129 2965 1217 3019 ubi
1252 2964 1378 3018 vidit
1401 2964 1704 3018 vaticinium
1733 2978 1854 3017 esse
1879 2963 2117 3031 comple-

539 3069 646 3110 tum
668 3099 687 3123 ,
711 3057 975 3126 simulque
1007 3065 1210 3125 tempus
1234 3070 1421 3108 vocare
1448 3054 1512 3107 ad
1545 3053 1793 3114 reditum,
1827 3061 1951 3105 tunc
1977 3059 2117 3114 orat,

538 3163 638 3202 nee
673 3147 1023 3217 simpliciter,
1057 3146 1150 3200 sed
1190 3145 1242 3198 in
1273 3144 1514 3214 jejunio,
1551 3157 1706 3196 sacco
1735 3150 1789 3196 et
1817 3141 1998 3196 cinere
2026 3158 2038 3192 :
2069 3150 2118 3193 et

535 3238 675 3309 quod
712 3239 765 3292 in
789 3238 1060 3292 hominum
1083 3237 1322 3291 moribus
1347 3235 1566 3291 evenire
1589 3234 1748 3297 solet,
1769 3233 1822 3287 id
1851 3231 1977 3287 fecit
1997 3247 2119 3301 erga

538 3329 724 3383 Deum.
758 3328 864 3382 Nos
889 3328 1031 3382 enim
1067 3342 1186 3381 cum
1209 3326 1450 3381 videmus
1483 3326 1690 3395 aliquos
1710 3365 1727 3389 ,
1771 3325 1862 3394 qui
1895 3321 2124 3376 famulus

537 3429 653 3488 post
685 3420 845 3472 multa
884 3419 1168 3488 graviaque
1206 3417 1489 3471 cominissa
1531 3415 1874 3484 conjecerunt
1911 3414 1963 3468 in
2001 3414 2116 3468 vin.

536 3509 676 3574 eula,
705 3525 809 3562 non
841 3509 1082 3576 protinus
1113 3509 1162 3561 in
1193 3508 1458 3578 principio
1480 3507 1807 3576 esordioque
1832 3505 2124 3575 punitionis

535 3599 883 3653 admovemus
907 3598 1350 3667 supplicationem
1382 3615 1397 3651 :
1429 3597 1521 3652 sed
1551 3597 1638 3652 ubi
1663 3597 1980 3652 sciverimus
2001 3596 2124 3651 illos

536 3688 738 3757 aliquot
775 3687 893 3741 dies
931 3687 1337 3755 temperatiorcs
1363 3701 1483 3741 esse
1521 3685 1721 3751 factos,
1751 3695 1877 3741 tune
1911 3687 2125 3740 adimus

540 3779 703 3832 heros
726 3818 743 3844 ,
783 3775 921 3830 nacti
957 3775 1066 3845 jam
1105 3785 1157 3830 et
1194 3777 1261 3830 ab
1291 3777 1404 3845 ipso
1437 3786 1673 3846 tempore
1709 3777 1982 3831 auxilium.
2013 3777 2124 3832 Hoc

538 3882 668 3922 sane
702 3876 759 3923 et
797 3865 1052 3936 propheta
1088 3867 1229 3921 fecit.
1266 3868 1550 3937 Postquam
1577 3869 1719 3922 enim
1751 3885 1931 3938 pinnas
1955 3870 2120 3924 dede-

537 3969 658 4016 rant
678 4003 692 4026 ,
722 3959 1129 4029 haudquaquam
1155 3961 1344 4028 dignas
1376 3961 1621 4014 admissis
1646 4001 1664 4026 ,
1689 3973 1925 4016 attamen
1956 3961 2117 4016 dede-

539 4062 692 4115 rant;
723 4052 827 4123 jam
853 4051 963 4106 adit
991 4052 1177 4115 Deum,
1198 4067 1296 4122 pro
1323 4051 1425 4105 illis
1440 4052 1598 4106 verba
1629 4051 1882 4106 facturus.
1911 4052 2060 4116 Quod
2076 4052 2122 4106 si

539 4144 767 4211 videtur,
801 4143 968 4212 ipsam
1010 4143 1168 4196 etiam
1210 4141 1636 4212 deprecationem
1667 4142 1959 4196 audiamus.
1991 4140 2122 4196 Con-

538 4238 700 4306 fessus
736 4252 846 4290 sum
880 4237 1011 4288 enim
1031 4276 1043 4296 ,
1076 4235 1262 4303 inquit,
1293 4245 1336 4288 et
1371 4234 1498 4294 dixi,
1543 4233 1755 4288 Domine
1778 4233 1915 4288 Deus
1944 4252 2122 4305 magne

537 4339 587 4382 et
611 4327 941 4389 admirabilis,
972 4327 1056 4396 qui
1080 4343 1246 4380 servas
1275 4342 1472 4396 pactum
1495 4334 1636 4379 tuum
1661 4336 1706 4379 et
1728 4327 2122 4380 misericordiam

541 4428 677 4469 ticam
698 4418 760 4469 iis
777 4460 790 4479 ,
823 4417 907 4486 qui
934 4427 981 4470 te
1000 4417 1234 4487 diligunt,
1260 4428 1304 4470 et
1334 4427 1529 4470 servant
1552 4426 1800 4486 pracepla
1826 4428 1912 4470 tua
1943 4419 1961 4487 (
1986 4416 2119 4472 Dan.

541 4507 592 4560 9.
628 4507 662 4560 4
688 4505 730 4575 ).
760 4506 893 4571 Quid
927 4506 1073 4572 facis,
1105 4522 1137 4559 0
1169 4505 1394 4560 Daniel?
1423 4506 1525 4560 Pro
1555 4506 1857 4560 hominibus
1884 4508 1970 4577 qui
2003 4522 2120 4576 pec-

536 4606 720 4652 carunt
751 4605 804 4650 et
832 4595 1164 4652 offenderunt
1193 4597 1556 4662 intercedens,
1582 4611 1766 4652 eorum
1797 4598 2120 4652 mention-cm

542 4687 671 4744 lacis
695 4688 783 4758 qui
815 4687 958 4756 leges
981 4687 1120 4741 illius
1147 4687 1532 4741 servaverunt?
1563 4687 1772 4756 Ergone
1795 4687 1938 4758 digni
1970 4691 2122 4743 venia

536 4791 662 4837 sum
688 4780 780 4849 qui
809 4789 1067 4848 pra:eepta
1096 4781 1236 4833 illius
1261 4781 1492 4835 violam?
1521 4780 1634 4834 Non
1664 4782 1731 4836 ob
1754 4782 1884 4837 istos
1906 4782 2017 4836 haec
2040 4783 2121 4836 lo-

535 4888 701 4941 quor,
733 4871 933 4940 inquit,
965 4872 1056 4926 sed
1087 4872 1156 4926 ob
1186 4871 1374 4926 horum
1417 4873 1813 4942 progenitores,
1851 4873 1922 4928 ob
1954 4873 2121 4927 Abra-

534 4963 680 5027 ham,
707 4963 775 5018 ob
801 4961 962 5024 lsaac,
994 4962 1062 5016 ob
1086 4961 1267 5017 Jacob.
1299 4963 1407 5018 Illis
1436 4964 1697 5033 promisit,
1727 4963 1834 5018 illis
1861 4963 2123 5034 pollicitus

532 5064 611 5110 est
640 5053 799 5116 Deus,
820 5055 906 5121 qui
929 5064 1189 5123 prarcepta
1212 5055 1352 5108 illius
1371 5064 1734 5110 servaverunt.
1753 5054 2009 5120 Quoniam
2029 5055 2124 5125 igi-

529 5157 607 5198 tur
636 5144 686 5198 hi
706 5145 848 5198 nullo
867 5145 988 5214 jure
1012 5153 1230 5214 possunt
1248 5156 1428 5215 petere
1445 5146 1690 5211 salutent,
1710 5145 1908 5200 idcirco
1935 5163 1997 5215 pr
2029 5161 2122 5216 ge-

531 5236 765 5288 nitorum
799 5237 1124 5290 mentionem
1155 5235 1324 5301 facio;
1355 5251 1417 5291 ac
1449 5251 1514 5290 ne
1540 5245 1756 5305 putares
1775 5237 1916 5305 quod
1948 5237 2014 5291 de
2042 5238 2125 5291 bis

532 5328 690 5381 verba
712 5327 929 5394 faceret,
945 5310 1062 5381 cum
1082 5327 1381 5396 adjecisset,
1401 5325 1500 5392 Qui
1519 5345 1686 5387 seruas
1703 5338 1904 5398 pactum
1921 5339 2059 5381 tuum
2078 5341 2126 5382 et

529 5416 926 5470 misericordiam
941 5429 1076 5470 tuam
1089 5418 1405 5489 diligentibus
1423 5429 1488 5482 te,
1504 5429 1546 5473 et
1560 5421 1870 5474 servantibus
1878 5429 2127 5490 precepta

530 5515 617 5558 tua
637 5523 656 5559 :
679 5523 800 5561 mox
831 5509 1061 5577 subjicit,
1094 5509 1455 5577 Peccavimus,
1476 5513 1644 5581 inique
1669 5513 1891 5582 egimus;
1917 5514 2123 5584 injusti-

531 5597 651 5648 tirnn
675 5601 1085 5665 perpetrauimus,
1105 5602 1244 5671 impii
1271 5603 1482 5671 fuimus,
1503 5602 1796 5671 dcﬂeximus
1815 5619 1846 5655 α
1868 5605 2126 5673 prceceptis

537 5690 640 5739 tuis
673 5698 720 5739 ct
745 5689 1000 5755 aju-diciis
1023 5692 1117 5743 (uis
1135 5709 1152 5744 :
1171 5709 1268 5744 non
1299 5695 1684 5746 auscultt-mimus
1713 5696 1862 5748 seruis
1884 5696 1984 5750 tuis
2008 5712 2122 5765 pro-

1283 307 1341 364 S.
1379 303 1657 364 JOANNIS
1695 295 2163 356 CllltYSOSTOMI
2205 291 2521 352 AltClllEP.
2561 293 3099 360 CONSTANTINOP.
3709 310 3797 369 899

2236 411 2398 480 pactis
2441 412 2458 484 (
2487 409 2620 468 Dan.
2650 414 2702 470 9.
2730 414 2827 485 5).
2862 415 2980 475 Una
3015 413 3277 488 siquidem
3319 417 3540 489 solaque
3579 435 3792 492 purgatio

2233 506 2601 572 peccatoribus
2631 507 2831 576 reliqua
2857 518 2939 563 est
2965 518 3083 578 post
3113 518 3350 577 peccata,
3381 510 3624 565 videlicet
3645 522 3788 569 utsua

2233 596 2518 652 commissa
2541 598 2909 654 confiteantur.
2929 601 3007 656 'l‘u
3026 616 3152 655 vero
3177 600 3304 654 mihi
3325 603 3601 657 considera
3621 593 3804 674 etjustif

2233 688 2514 756 virtutem,
2551 700 2605 745 et
2638 691 2941 747 Judieorum
2982 694 3395 763 improbitatem.
3425 694 3555 749 Nam
3586 697 3668 753 ille
3683 665 3804 768 ιιιιί-Ι

2232 779 2352 834 dem
2396 781 2589 835 nullius
2626 783 2749 837 mali
2789 784 2888 837 sibi
2931 785 3175 840 conscius
3196 825 3213 848 ,
3241 786 3478 854 seipsqu
3509 790 3667 842 multa
3687 805 3787 844 cum

2231 873 2540 927 austeritate
2570 873 2816 942 damnat,
2844 875 3029 931 dicens
3059 895 3073 930 :
3104 874 3432 931 Peccavimus
3453 919 3468 944 ,
3501 879 3664 945 inique
3688 882 3798 950 feci-

2232 980 2378 1027 mus,
2411 965 2712 1033 injustitiam
2749 967 3140 1036 perpetravimus
3161 984 3180 1032 ;
3218 969 3271 1022 hi
3302 984 3426 1023 tero
3469 970 3620 1026 malis
3659 972 3793 1027 inni-

2233 1056 2391 1109 nteris
2419 1055 2561 1125 pleni
2588 1095 2605 1121 ,
2645 1067 2831 1110 contra
2873 1059 3142 1124 fecerunt,
3182 1059 3463 1114 dicentes:
3498 1061 3790 1118 Seruauimus

2233 1155 2483 1214 prtccepta
2507 1155 2593 1199 tua
2619 1162 2635 1200 :
2661 1158 2706 1199 et
2735 1165 2870 1201 nunc
2904 1149 3070 1203 beatos
3091 1150 3304 1203 dicimus
3329 1151 3540 1214 alienos,
3569 1163 3614 1206 et
3638 1156 3793 1208 readi-

2230 1235 2452 1302 ficantur
2470 1236 2556 1306 qui
2577 1246 2775 1306 patrant
2799 1239 3109 1309 iniquitatem
3134 1240 3285 1312 (Mal.
3307 1243 3360 1296 5.
3384 1244 3470 1297 14.
3494 1245 3600 1315 15).
3622 1246 3790 1311 Quem-

2230 1325 2515 1380 admodum
2538 1327 2680 1381 enim
2711 1328 2886 1383 solent
2919 1331 3051 1400 justi
3081 1339 3199 1400 post
3233 1332 3373 1400 jusza
3406 1332 3543 1387 facta
3578 1335 3792 1392 lllttdcsld

2235 1429 2393 1485 agere
2416 1457 2430 1480 ,
2474 1417 2545 1471 ita
2589 1419 2762 1474 solent
2797 1421 2922 1473 mali
2960 1431 3076 1488 post
3109 1421 3340 1476 admissa
3365 1424 3570 1478 scelera
3599 1425 3793 1482 laudare

2229 1520 2372 1561 sese.
2401 1506 2500 1574 Qui
2531 1508 2727 1564 nullius
2763 1511 2963 1578 peccati
2992 1511 3089 1565 sibi
3116 1517 3360 1566 conscius
3392 1523 3536 1578 erat,
3565 1513 3789 1572 dicebat:

2231 1595 2562 1667 iniquitatem
2586 1598 3156 1665 fecimus,-dcﬂeximus
3173 1617 3201 1654 a
3223 1604 3506 1672 praeceptis
3529 1605 3658 1669 tuis;
3679 1621 3791 1661 coo-

2232 1696 2343 1752 tra,
2374 1688 2462 1757 qui
2491 1688 2957 1745 innumerabilium
2991 1691 3128 1746 facin
3165 1707 3281 1745 rum
3312 1693 3788 1763 sibiconsciierant,

2229 1775 2507 1832 dicebant:
2537 1772 2850 1828 servavimus
2881 1785 3143 1842 pra’repla
3163 1786 3276 1830 tua.
3311 1785 3489 1852 Atque
3510 1783 3618 1840 lucc
3641 1802 3702 1842 eo
3723 1787 3790 1842 lo-

2228 1881 2383 1936 quor,
2413 1876 2470 1921 ut
2493 1869 2722 1923 alterum
2753 1870 3002 1938 vitemus,
3028 1873 3258 1936 alterum
3282 1872 3570 1928 imitemur.

2299 1959 2352 2014 6.
2385 1958 2484 2014 Dei
2525 1961 2650 2015 ultio
2676 1961 2730 2015 in
2765 1961 2994 2016 Juda'os.
3027 1993 3097 2010 —-
3121 1963 3247 2018 Post
3276 1965 3395 2019 luce
3417 1967 3656 2036 quoniam
3683 1968 3790 2022 atti-

2227 2058 2379 2118 gerat
2403 2050 2848 2121 illorumpeceata
2878 2092 2892 2118 ,
2936 2063 3111 2108 narrat
3143 2063 3196 2109 et
3226 2069 3443 2124 pinnam
3470 2072 3623 2126 quam
3648 2057 3789 2112 dede-

2230 2150 2372 2207 runt,
2400 2151 2454 2196 et
2481 2158 2546 2196 ex
2576 2142 2677 2198 hoc
2706 2145 2872 2199 Deum
2898 2144 2965 2198 ad
2996 2146 3418 2202 misericordiam
3448 2165 3688 2204 revocare
3708 2165 3788 2205 cu—

2231 2231 2382 2300 piens
2402 2233 2478 2287 ait
2503 2252 2514 2286 :
2542 2233 2607 2286 Et
2631 2235 2759 2288 venit
2785 2251 2936 2303 super
2965 2252 3056 2289 nos
3081 2236 3385 2302 maledictio,
3416 2256 3528 2310 qua:
3545 2240 3717 2308 scripta
3731 2248 3793 2294 est

2227 2322 2282 2374 in
2308 2321 2415 2391 lege
2442 2322 2602 2376 Mosis
2629 2325 2756 2378 servi
2785 2323 2883 2378 Dei
2900 2367 2914 2389 ,
2944 2327 3062 2394 quia
3090 2329 3427 2396 peccavimus.
3459 2330 3700 2396 Qumnatn
3722 2340 3790 2384 est

2232 2413 2328 2468 ista
2351 2415 2686 2468 exsecratio?
2717 2415 2954 2472 Voltisne
2981 2416 3221 2486 legamus
3248 2419 3434 2474 illam?
3460 2420 3575 2475 Nisi
3598 2422 3790 2475 servieri-

2238 2505 2319 2568 tis,
2345 2504 2533 2573 inquit,
2568 2503 2786 2558 Domino
2813 2505 2918 2559 Deo
2939 2517 3122 2574 vestro,
3145 2509 3388 2564 inducant
3417 2527 3565 2581 super
3585 2528 3666 2566 ros
3683 2527 3789 2582 gen-

2229 2604 2325 2648 tem
2347 2595 2414 2648 im
2421 2596 2709 2664 pudentem,
2735 2605 2780 2650 et
2806 2613 2906 2651 non
2925 2597 3258 2669 intelligentes
3275 2615 3449 2655 vocem
3473 2603 3624 2668 illius,
3644 2613 3685 2655 et
3704 2603 3788 2654 eri-

2232 2687 2296 2739 tis
2324 2702 2532 2740 numero
2561 2687 2712 2756 pauci
2739 2685 2927 2759 (Deut.
2955 2687 3045 2743 28.
3071 2689 3160 2744 49.
3184 2689 3307 2759 50).
3339 2691 3455 2746 lloe
3479 2691 3612 2747 idem
3637 2691 3788 2746 decla-

2229 2785 2406 2830 rantes
2445 2785 2554 2830 tres
2583 2777 2657 2830 illi
2698 2777 2886 2846 pueri,
2930 2779 3208 2848 palamque
3245 2779 3505 2837 facientes
3531 2825 3546 2849 ,
3581 2781 3707 2850 quod
3728 2781 3788 2835 ob

2229 2865 2464 2933 ipsorum
2497 2874 2711 2933 peccata
2753 2867 3034 2922 accidisset
3077 2869 3176 2923 hoe
3217 2870 3467 2926 vindicta
3506 2887 3662 2942 genus
3689 2913 3702 2937 ,
3741 2878 3787 2925 et

2228 2957 2328 3026 ipsi
2359 2972 2456 3026 pro
2480 2958 2849 3013 communibus
2875 2962 3109 3028 peccatis
3131 2961 3524 3019 confessionem
3553 2965 3652 3019 Deo
3674 2977 3786 3034 pro-

2229 3044 2460 3102 lerentes
2498 3046 2747 3103 dicebant
2778 3065 2792 3101 :
2825 3047 3101 3104 Tradidisti
3143 3068 3236 3106 nos
3277 3053 3333 3107 in
3379 3070 3556 3108 rnanus
3590 3058 3783 3108 hostium

2229 3138 2521 3208 inpiorum,
2550 3139 3009 3194 inimicissimorum
3034 3142 3342 3197 desertorum
3369 3186 3387 3211 ,
3415 3161 3475 3198 ac
3499 3145 3597 3216 regi
3619 3145 3782 3215 injuste

2232 3241 2282 3284 et
2306 3230 2692 3285 sceleratissimo
2735 3230 2870 3285 ultra
2893 3249 3090 3286 omnem
3118 3242 3302 3286 terram
3333 3234 3355 3307 (
3377 3235 3460 3290 lb.
3503 3251 3554 3290 υ.
3580 3236 3682 3307 52).
3705 3234 3784 3289 Vi-

2235 3321 2354 3388 des,
2379 3322 2698 3392 completam
2722 3336 2843 3377 esse
2871 3323 3293 3378 maledictionem
3315 3341 3440 3396 qua:
3464 3328 3586 3383 dicit
3610 3345 3623 3382 :
3651 3327 3783 3382 Eritis

2229 3428 2439 3468 numero
2457 3414 2626 3483 pauci.
2649 3412 2854 3466 Rursus
2871 3413 3011 3483 quod
3032 3413 3160 3468 dicit
3187 3432 3201 3469 :
3224 3415 3489 3471 Adducam
3508 3419 3557 3472 in
3583 3435 3659 3472 vos
3675 3434 3782 3488 gen-

2229 3512 2328 3557 tem
2355 3503 2694 3574 impudentem
2717 3543 2736 3569 ,
2776 3503 3002 3572 idipsum
3029 3514 3084 3558 et
3113 3505 3296 3560 Daniel
3325 3506 3417 3563 hic
3445 3517 3582 3564 recte
3607 3508 3780 3578 signiﬁ-

2228 3609 2382 3660 cans,
2411 3594 2540 3649 dicit
2565 3611 2581 3646 :
2612 3592 2868 3648 Venerunt
2895 3611 3048 3662 super
3069 3612 3158 3649 nos
3184 3597 3339 3660 mala,
3373 3601 3541 3669 qualia
3564 3615 3653 3653 non
3675 3599 3780 3652 acci-

2228 3687 2408 3738 derunt
2432 3684 2524 3738 sub
2548 3683 2687 3736 omni
2705 3684 2830 3738 ccclo
2849 3725 2864 3747 ,
2894 3684 3167 3738 secundum
3209 3701 3267 3739 ea
3294 3704 3410 3753 qua:
3447 3691 3576 3760 facta
3609 3698 3710 3743 sunt
3737 3689 3779 3740 in

2229 3775 2420 3832 Israel.
2429 3775 2782 3843 Quastandem
2801 3777 2930 3829 ista?
2948 3775 2999 3828 Μ
3003 3785 3135 3830 utres
3151 3777 3329 3834 liberos
3345 3797 3464 3836 suos
3474 3783 3776 3846 comederunt,

2227 3877 2282 3921 et
2303 3868 2403 3921 hcc
2425 3883 2553 3921 sane
2575 3867 2811 3934 praedicit
2828 3868 3021 3935 Moses,
3044 3880 3292 3924 cancrum
3309 3871 3564 3928 Jeremias
3579 3871 3780 3929 ostendit

2228 3959 2491 4013 evenisse.
2509 3958 2600 4012 Ille
2620 3957 2832 4028 quidem
2862 3958 3095 4026 loquitur
3117 3977 3131 4012 :
3154 3958 3346 4015 Tenera
3367 3980 3428 4016 ac
3445 3964 3681 4027 deliciosa,
3700 3978 3776 4016 cu-

2218 4051 2309 4120 jus
2328 4066 2427 4104 uon
2452 4050 2583 4118 cepit
2607 4049 2962 4117 experientiam
2990 4065 3076 4118 pes
3102 4051 3210 4119 ejus
3232 4091 3250 4116 ,
3277 4063 3332 4103 ut
3358 4053 3595 4108 insisteret
3627 4054 3673 4106 in
3705 4068 3776 4106 ve-

2231 4141 2378 4210 stigio
2401 4147 2604 4210 propter
2634 4138 3015 4192 teneritudinem
3039 4155 3098 4191 ac
3117 4141 3346 4208 delicias,
3377 4145 3578 4213 attinget
3599 4143 3776 4211 impiam

2227 4250 2451 4287 mensam
2471 4273 2487 4296 ,
2533 4242 2579 4286 et
2625 4247 2743 4286 suos
2785 4231 2944 4300 ipsius
2973 4230 3107 4300 ﬁlios
3135 4235 3354 4287 comedet
3410 4235 3530 4304 (Id.
3559 4236 3640 4290 28.
3665 4234 3774 4302 56).

2226 4324 2488 4379 1.·τθιιιὶξιε
2506 4330 2682 4377 autem
2703 4321 2936 4376 declarat
2957 4320 3058 4375 hoc
3083 4324 3346 4390 evenisse,
3371 4328 3580 4381 dicens:
3620 4326 3774 4378 Manus

2229 4417 2495 4470 mulierum
2512 4414 2930 4470 misericordium
2939 4423 3188 4469 coxerunt
3198 4415 3340 4482 ﬁlios
3349 4421 3499 4488 suos(
3507 4416 3770 4484 Thr.4.l0).

2227 4507 2558 4576 Quamquam
2587 4513 2764 4559 autem
2797 4515 3011 4572 peccata
3044 4504 3285 4572 illorum,
3310 4509 3398 4577 qui
3429 4515 3768 4578 peccaverant,

2227 4599 2507 4667 eloquutus
2527 4604 2687 4660 esset,
2707 4604 2757 4650 ct
2780 4595 3034 4649 ultionem
3058 4595 3112 4649 in
3132 4598 3366 4653 medium
3387 4601 3701 4656 adduxisset:
3721 4612 3774 4652 ne

2228 4688 2306 4741 sic
2351 4687 2564 4758 quidem
2610 4687 2730 4742 illos
2781 4687 2964 4740 horum
3007 4703 3165 4742 causa
3213 4702 3364 4761 rogat
3408 4702 3463 4747 ut
3509 4702 3771 4748 serventur.

2231 4782 2362 4836 Vide
2397 4782 2557 4853 igitur
2596 4781 2883 4836 bonitatem
2930 4779 3138 4837 famuli.
3165 4783 3435 4852 Siquidem
3466 4786 3545 4840 hic
3569 4801 3676 4841 eum
3699 4798 3770 4838 oso

2231 4873 2508 4939 tendisset,
2527 4873 2666 4942 quod
2695 4872 2925 4926 nondum
2949 4873 3105 4944 digna
3130 4877 3331 4931 meritis
3351 4889 3524 4933 essent
3549 4874 3770 4947 perpessi,

2229 4981 2328 5021 nec
2354 4965 2415 5020 iis
2440 5007 2455 5030 ,
2494 4980 2613 5034 qua:
2645 4965 2810 5017 multa
2836 4963 2961 5019 licet
2999 4968 3357 5034 pertulerant,
3385 4969 3652 5024 solvissent
3675 4978 3774 5035 quae

2230 5073 2326 5128 pro
2352 5055 2650 5112 commissis
2679 5055 2982 5123 debebant,
3014 5072 3135 5112 mox
3161 5060 3397 5129 confugit
3431 5060 3494 5116 ad
3525 5061 3608 5115 Dei
3637 5058 3772 5112 mise-

2229 5150 2513 5205 ricordiam
2537 5192 2551 5217 ,
2580 5159 2634 5205 et
2668 5151 2733 5204 ad
2762 5154 2968 5206 solitam
3010 5155 3148 5208 illius
3176 5153 3458 5210 bonitatem
3495 5169 3608 5224 erga
3631 5161 3773 5221 genus

2207 5239 2520 5294 'humanum
2550 5282 2563 5304 ,
2597 5241 2782 5296 dicens
2805 5261 2817 5294 :
2850 5241 2917 5295 Et
2945 5261 3076 5297 nunc
3104 5243 3322 5299 Domine
3361 5245 3490 5300 Deus
3513 5252 3679 5303 noster,
3703 5235 3773 5306 qui

2229 5334 2447 5387 eduxiin
2469 5335 2713 5404 populum
2735 5345 2874 5387 tuum
2900 5346 3080 5389 eterra
3107 5335 3322 5408 zEgypti
3346 5349 3388 5391 et
3417 5335 3570 5408 fecisti
3594 5331 3670 5384 tibi
3693 5343 3769 5378 no-

2232 5441 2340 5477 men
2367 5465 2382 5486 ,
2413 5433 2466 5476 ut
2493 5425 2574 5477 hic
2597 5437 2667 5490 est
2698 5425 2804 5478 dies
2832 5470 2847 5490 ,
2879 5428 3196 5494 peccauimus
3221 5471 3235 5492 ,
3269 5429 3570 5497 iniquitatem
3595 5420 3771 5492 fecit!!!"

2232 5515 2408 5583 (Dan.
2453 5517 2506 5570 9.
2552 5517 2664 5584 15).
2692 5515 2822 5570 Nam
2853 5517 3298 5586 quen'tadmodum
3331 5520 3463 5582 illos,
3488 5515 3660 5583 inquit,
3683 5520 3768 5559 non

2233 5622 2298 5661 ex
2324 5608 2559 5677 ipsorum
2589 5607 2882 5663 benefactis
2909 5611 3084 5664 salvos
3113 5611 3282 5666 fecisti
3310 5654 3324 5678 ,
3353 5609 3441 5666 sed
3467 5604 3769 5662 afllictiouem

2235 5699 2450 5767 vhicla,
2475 5707 2533 5767 ct
2552 5701 2849 5772 angustias,
2867 5709 2919 5757 et
2942 5703 3229 5761 clamorem
3261 5706 3461 5770 illorum
3484 5691 3766 5757 exaudiens;
