4084 6186
307 353 413 410 895

300 478 375 518 sic
403 471 460 518 et
489 475 588 518 nos
626 461 790 518 libera
824 477 852 516 a
882 463 1231 532 praesentibus
1272 461 1425 517 malis
1461 471 1678 534 propter
1711 460 1880 515 solam

301 553 592 608 bonitatem
619 564 762 608 tuam
783 569 906 625 erga
926 570 1092 624 genus
1114 554 1409 610 hominum.
1452 552 1580 606 Nam
1606 550 1750 608 aliud
1777 550 1885 604 nul-

302 645 405 697 lmn
434 644 691 700 habemus
733 644 818 714 jus
861 645 1139 714 sperandae
1181 644 1382 699 salutis.
1427 643 1552 698 Haec
1595 643 1881 712 loquutus,

302 736 571 803 inultaque
609 733 966 799 lamentatus,
1007 749 1128 788 mox
1163 733 1366 788 inducit
1409 733 1574 802 ipsam
1616 731 1885 784 civitatem

300 841 400 881 ceu
431 825 706 880 mulierem
735 826 964 895 aliquam
991 826 1249 894 captivam
1276 867 1290 892 ,
1322 832 1376 878 et
1405 824 1479 878 ait
1510 841 1523 877 :
1559 821 1779 876 Ostende
1807 821 1888 890 [a-

301 921 426 972 cient
447 927 586 971 tuam
605 934 755 987 super
773 918 1114 971 sanctuarium
1131 925 1291 981 tuum,
1308 915 1498 970 inclina
1519 930 1695 968 aurem
1723 921 1884 977 tuam,

306 1009 442 1062 Deus
461 1025 599 1062 meus
627 1019 674 1061 et
700 1009 841 1075 audi,
869 1009 1012 1078 aperi
1037 1009 1207 1062 oculos
1234 1015 1366 1069 tuos,
1400 1017 1448 1078 et
1473 1006 1586 1060 vide
1630 1005 1888 1058 interitum

303 1109 530 1153 nostrum
563 1099 872 1167 civitatisque
906 1107 1004 1151 tua:
1024 1139 1036 1159 ,
1063 1098 1115 1150 in
1154 1113 1255 1167 qua
1292 1097 1576 1151 invocatum
1601 1105 1672 1148 est
1711 1109 1891 1147 nomen

303 1200 444 1241 tuum
472 1199 701 1243 sanctum
727 1188 747 1259 (
774 1188 906 1241 Dan.
934 1188 988 1243 9.
1014 1189 1100 1242 17.
1137 1188 1200 1242 18
1224 1188 1261 1256 ).
1289 1188 1639 1255 Posteaquam
1664 1185 1892 1240 circum-

304 1279 503 1346 .spcctis
538 1279 838 1333 hominibus
869 1277 1138 1332 neminem
1170 1277 1337 1340 vidit,
1371 1276 1458 1346 qui
1504 1283 1686 1344 posset
1727 1275 1890 1328 Deum

305 1371 532 1428 reddere
563 1371 849 1442 propitium
878 1388 892 1425 :
921 1371 987 1425 ad
1016 1369 1240 1423 aediﬁcia
1268 1367 1520 1438 confugit,
1547 1377 1601 1422 et
1624 1366 1890 1421 civitatem

308 1465 476 1530 ipsam
505 1462 685 1530 objicit
711 1503 725 1525 ,
750 1461 970 1531 ejusque
995 1460 1385 1514 desolationem
1417 1457 1562 1527 ponit
1588 1457 1657 1511 ob
1684 1456 1890 1521 oculos,

307 1563 466 1624 atque
493 1554 542 1606 in
572 1552 653 1607 his
685 1552 830 1607 linito
855 1567 1104 1607 sermone
1127 1594 1140 1618 ,
1171 1552 1334 1606 Deum
1371 1551 1654 1620 pmpitium
1697 1547 1890 1604 reddit.

311 1645 363 1699 Id
397 1644 828 1714 perspicuumest
846 1659 913 1700 ex
938 1643 1002 1700 iis
1034 1659 1152 1714 qua:
1191 1650 1503 1712 sequuntur.
1529 1640 1724 1697 Verum
1752 1638 1893 1710 quod

307 1735 551 1790 dicebam
584 1753 597 1788 :
629 1743 841 1805 oportet
867 1734 1008 1790 enim
1047 1734 1114 1789 ad
1155 1734 1206 1789 id
1246 1733 1386 1804 quod
1417 1741 1533 1786 erat
1566 1732 1892 1801 propositum

308 1825 503 1881 reverti
523 1843 537 1892 ;
557 1826 752 1880 etenim
776 1827 890 1881 haec
915 1826 1088 1880 obiter
1113 1825 1382 1894 interjecta
1401 1832 1549 1890 sunt,
1571 1839 1674 1878 non
1699 1823 1895 1877 frustra

308 1931 484 1985 neque
521 1926 722 1971 temere
746 1957 760 1981 ,
792 1915 887 1971 sed
931 1925 990 1968 ut
1028 1915 1234 1969 animos
1271 1924 1476 1969 vestros
1517 1913 1896 1983 aliquantisper

309 2005 666 2060 rel'o'cillarem
705 2021 768 2061 ex
802 2005 1071 2076 perpetuis
1099 2004 1528 2060 contentionibus
1561 2001 1895 2072 defatigatos.

311 2099 424 2166 Age
455 2095 732 2150 redeamus
761 2096 920 2166 igitur
945 2095 1084 2150 unde
1110 2095 1330 2165 digressi
1365 2094 1480 2148 hare
1516 2093 1767 2160 diximus,
1798 2092 1896 2148 de-

308 2195 776 2254 monstremusque
804 2184 945 2255 quod
973 2200 1035 2239 ea
1064 2201 1182 2255 quae
1202 2183 1399 2239 Judmis
1426 2193 1578 2238 erant
1603 2192 1859 2239 eventura
1879 2222 1894 2247 ,

307 2276 566 2331 divinitus
597 2276 701 2330 illis
737 2291 858 2331 cum
901 2277 1045 2330 omni
1089 2279 1424 2331 accuratione
1474 2276 1721 2346 przedicta
1769 2275 1896 2328 sint.

306 2370 427 2424 Jam
458 2369 600 2424 enim
631 2368 762 2424 duas
787 2370 1122 2439 captivitates
1148 2384 1326 2424 sermo
1349 2377 1536 2423 nOster
1564 2369 1900 2422 demonstra-

309 2463 388 2516 vit
430 2461 535 2516 illis
573 2461 869 2527 accidisse,
916 2459 1363 2531 quemadmodum
1411 2474 1438 2512 a
1484 2458 1756 2528 prophetis
1785 2465 1902 2512 erat

312 2552 626 2622 praedictum
651 2593 665 2618 ,
711 2551 871 2620 idque
900 2567 1004 2606 non
1041 2542 1168 2605 casu
1197 2565 1369 2621 neque
1401 2559 1592 2619 prmter
1621 2557 1901 2618 exspecta-

312 2644 539 2698 tionem.
583 2643 839 2714 Superest
869 2650 925 2697 ut
963 2643 1245 2712 deinceps,
1280 2642 1366 2697 ubi
1403 2641 1608 2696 tertiam
1640 2639 1901 2711 adjeceriv

311 2749 453 2796 mus,
469 2733 535 2788 de
557 2735 676 2798 bac,
693 2750 794 2804 qua
814 2749 955 2789 nunc
975 2742 1221 2788 tenentur
1237 2733 1494 2798 dicamus,
1513 2731 1903 2800 doeeamusque

310 2825 598 2894 perspicue
625 2867 639 2892 ,
680 2824 818 2894 quod
853 2825 1028 2878 nullus
1061 2823 1316 2894 propheta
1351 2824 1595 2894 promisit
1631 2823 1732 2877 illis
1761 2821 1903 2876 lutu-

310 2931 453 2980 rum,
477 2923 534 2969 ut
553 2915 660 2970 ullo
687 2924 839 2985 pacto
863 2914 931 2968 ab
959 2914 1040 2967 his
1070 2913 1244 2980 malis,
1274 2914 1330 2968 in
1357 2915 1549 2984 quibus
1580 2929 1721 2969 nunc
1751 2921 1903 2982 sunt,

309 3007 606 3070 solvantur,
637 3013 728 3059 aut
753 3004 1064 3060 liberentur.
1092 3005 1220 3071 Quae
1246 3015 1327 3061 est
1358 3006 1515 3075 igitur
1546 3005 1744 3060 tertia?
1777 3004 1906 3070 Qum.

317 3101 461 3153 facta
504 3106 586 3153 est
628 3099 728 3153 sub
767 3100 1029 3154 Antiocho
1067 3110 1420 3171 cognomento
1448 3100 1742 3170 Epiphane.
1771 3099 1904 3153 Nam

313 3189 623 3245 Alexander
665 3183 1010 3244 Macedonum
1051 3206 1187 3256 rex,
1232 3191 1321 3244 ubi
1366 3191 1580 3245 Darium
1624 3191 1906 3245 Persarum

313 3296 497 3348 regem
538 3279 878 3345 sustulisset,
919 3281 970 3332 in
1013 3295 1131 3334 sese
1158 3281 1426 3335 transtulit
1464 3279 1764 3350 imperium.
1797 3279 1910 3334 Hoc

314 3383 499 3425 autem
534 3369 800 3426 exstincto
823 3412 838 3437 ,
866 3380 1092 3441 quatuor
1121 3380 1241 3440 post
1271 3372 1418 3425 illum
1450 3386 1601 3440 reges
1631 3385 1908 3425 successe-

314 3473 447 3518 runt
469 3504 485 3530 ,
518 3478 547 3518 e
575 3478 798 3533 quorum
829 3479 935 3518 uno
965 3473 1253 3534 prognatus
1277 3462 1574 3518 Antiochus
1603 3464 1760 3532 longo
1793 3475 1910 3532 post

315 3543 562 3625 tempore
588 3563 642 3609 et
670 3556 922 3625 templum
965 3555 1237 3622 incendit,
1283 3564 1337 3610 et
1378 3564 1559 3608 sancta
1604 3562 1908 3608 sanctorum

314 3645 636 3709 ilcvastavit,
660 3653 715 3700 et
754 3645 1011 3700 sacriﬁcia
1058 3645 1292 3711 sustulit,
1332 3654 1386 3700 et
1419 3645 1635 3700 Judaaos
1677 3644 1908 3716 subegit,

313 3737 551 3807 denique
577 3745 738 3791 totam
768 3739 978 3792 illorum
1003 3738 1379 3806 rempublicam
1411 3739 1622 3792 evertit.

391 3826 755 3900 7.Explicatio
793 3830 1070 3900 prophetia:
1107 3829 1352 3882 Danielis.
1385 3859 1456 3868 —
1487 3827 1556 3882 Et
1596 3829 1709 3883 lucc
1734 3829 1912 3884 omnia

315 3921 389 3975 ad
414 3937 576 3975 unum
605 3937 768 3990 usque
795 3921 934 3975 diem
965 3920 1303 3975 exactissime
1334 3919 1582 3989 priedicta
1605 3929 1730 3974 sunt
1753 3934 1784 3973 a
1815 3920 1915 3973 Da-

318 4012 501 4077 niele;
532 4022 584 4067 et
614 4012 824 4082 quando
850 4013 964 4066 ha-c
992 4021 1170 4067 essent
1203 4011 1373 4064 futura
1394 4053 1409 4077 ,
1438 4022 1491 4066 et
1521 4010 1786 4080 quomodo
1805 4051 1820 4077 ,
1862 4019 1917 4065 et

315 4120 346 4157 2
384 4117 524 4174 quo,
556 4113 608 4157 et
649 4119 753 4173 qua
795 4107 1037 4168 ratione,
1082 4112 1136 4157 et
1179 4103 1266 4157 ubi
1309 4102 1470 4157 finem
1515 4111 1796 4171 acceptura
1820 4141 1836 4168 ,
1864 4108 1918 4155 et

317 4211 486 4268 quam
519 4195 729 4249 tandem
761 4195 1101 4249 mutationem
1144 4195 1416 4248 sortitura.
1459 4193 1570 4248 Hoc
1595 4202 1771 4248 autem
1800 4193 1915 4247 evi-

317 4288 541 4342 dentius
583 4287 910 4354 perspicietis
954 4286 1043 4341 ubi
1088 4287 1341 4342 visionem
1396 4288 1562 4355 ipsam
1605 4287 1914 4354 audieritis,

318 4392 488 4449 quam
520 4391 613 4444 per
645 4376 947 4444 parabolam
980 4377 1131 4431 nobis
1158 4377 1433 4447 proposuit
1458 4378 1715 4447 propheta
1739 4418 1752 4441 ,
1782 4378 1918 4431 arie-

324 4469 402 4524 tis
452 4466 710 4521 vocabulo
752 4466 1036 4536 designans
1085 4467 1298 4521 Darium
1352 4483 1530 4536 regem
1579 4469 1859 4522 Persarum
1902 4484 1915 4520 :

323 4562 468 4617 hirci
499 4574 627 4614 vero
669 4558 977 4614 Graacorum
1023 4574 1236 4628 regem,
1270 4557 1514 4612 videlicet
1559 4557 1918 4612 Alexandrum

327 4651 676 4707 Macedonem
701 4665 714 4702 :
735 4659 960 4719 quatuor
980 4664 1177 4704 cornua
1199 4658 1352 4703 vocat
1378 4663 1492 4715 eos,
1521 4649 1608 4718 qui
1636 4659 1752 4718 post
1773 4649 1920 4703 illum

327 4743 651 4800 exstiterunt
682 4756 696 4793 :
731 4749 1056 4811 postremum
1103 4754 1270 4796 cornu
1314 4739 1486 4809 ipsum
1526 4740 1697 4809 signat
1735 4739 1922 4794 Antio-

331 4833 519 4888 chum.
543 4831 682 4901 Quin
705 4841 918 4902 prmstat
943 4833 1110 4901 ipsam
1137 4831 1320 4886 audire
1350 4830 1630 4885 visionem.
1667 4830 1804 4897 Vidi,
1837 4831 1921 4885 in-

332 4925 469 4993 quit,
492 4924 730 4977 visionem
758 4932 803 4977 et
829 4921 1058 4977 sedebam
1089 4923 1142 4976 in
1177 4922 1308 4978 Ubal
1323 4939 1344 4988 ;
1377 4921 1506 4978 Ubal
1541 4923 1712 4978 locmn
1741 4939 1927 4992 quem-

339 5016 476 5084 piam
515 5014 678 5079 dicit,
708 5015 985 5069 Persarum
1028 5015 1202 5084 lingua
1245 5013 1323 5069 sic
1359 5014 1504 5068 illum
1544 5015 1851 5083 appellans;
1879 5024 1924 5068 et

340 5106 517 5162 sustuli
537 5107 707 5159 oculos
733 5123 888 5172 meos,
919 5116 964 5159 et
992 5107 1113 5169 vidi,
1142 5117 1188 5159 et
1215 5122 1324 5160 ecce
1348 5106 1482 5159 aries
1501 5123 1629 5159 unus
1653 5116 1791 5159 stans
1811 5115 1927 5159 ante

343 5198 474 5252 Ubal
494 5241 505 5260 ,
538 5207 584 5252 et
623 5208 765 5250 erant
811 5197 888 5251 illi
924 5215 1110 5252 cornua
1151 5198 1381 5265 excelsa,
1412 5207 1457 5252 et
1487 5214 1641 5251 unum
1681 5196 1926 5252 excelsius

339 5292 550 5356 cwteris,
578 5300 623 5344 et
646 5292 892 5344 excelsum
921 5290 1050 5343 illud
1079 5294 1295 5359 pervenit
1321 5308 1476 5361 usque
1504 5293 1574 5344 ad
1593 5301 1854 5345 extrema:
1880 5301 1928 5345 et

342 5383 564 5437 videbam
581 5383 784 5435 arietem
801 5394 1072 5436 moventem
1093 5399 1247 5436 cornu
1267 5393 1440 5436 contra
1457 5399 1614 5446 mare,
1628 5393 1673 5436 et
1688 5382 1924 5450 Boream,

343 5482 388 5525 et
413 5473 641 5536 Notum,
672 5481 718 5526 et
755 5490 924 5526 omnes
969 5472 1136 5525 bestia:
1179 5489 1280 5526 non
1325 5473 1526 5526 stabunt
1569 5473 1620 5526 in
1659 5481 1927 5542 conspectu

346 5567 468 5633 ejus,
523 5583 611 5619 nec
653 5577 758 5619 erat
805 5567 888 5636 qui
939 5567 1148 5635 eriperet
1198 5564 1261 5618 de
1305 5582 1455 5618 manu
1479 5566 1614 5619 illius
1641 5573 1729 5619 :et
1770 5565 1929 5635 facie-

349 5657 427 5710 bat
473 5659 628 5732 juxta
667 5659 972 5713 voluntatem
1016 5675 1198 5725 suant,
1255 5667 1299 5711 et
1338 5659 1691 5729 magnificatus
1726 5667 1830 5724 est,
1883 5667 1928 5712 et

349 5767 436 5820 ego
467 5750 800 5823 intelligebam
834 5752 990 5823 (Dan.
1031 5751 1083 5808 8.
1126 5751 1176 5805 9..
1209 5761 1252 5806 et
1278 5759 1457 5823 scqq.).
1491 5753 1563 5808 De
1589 5751 1821 5825 potentia
1854 5751 1935 5806 lo-

1550 343 1912 402 AIWEuSUS
1950 343 2254 402 ΠΗ)ᾸίΟᾶ
2300 347 2362 401 ν.

3465 360 3531 415 8‘.)
3547 361 3570 414 ι

1991 459 2172 529 quitur
2198 459 2406 514 Persica
2427 501 2441 524 ,
2474 467 2530 514 et
2563 457 2834 514 dominatu
2857 499 2872 525 ,
2899 457 2988 528 qui
3021 437 3257 527 pervasit
3278 467 3438 512 totam
3467 467 3576 510 trr-

1989 565 2124 604 ram.
2156 549 2355 604 Deinde
2379 549 2447 606 de
2477 550 2777 605 Alexandro
2805 548 3148 605 Macedonum
3182 565 3305 618 rege
3330 549 3576 618 loquens.

1989 640 2144 694 dicit:
2164 638 2230 692 Et
2257 655 2367 693 ecce
2393 641 2560 694 hircus
2586 658 2853 711 caprarum
2878 642 3004 694 venit
3031 640 3091 692 ab
3120 640 3300 693 Austro
3330 653 3480 708 super
3501 643 3582 709 [a-

1989 731 2114 783 ciem
2143 732 2385 785 universte
2425 740 2570 785 terra:
2593 775 2608 797 ,
2641 743 2685 785 et
2730 749 2829 784 non
2860 732 3088 802 tangebat
3119 740 3338 793 terram,
3370 739 3415 783 et
3439 730 3580 782 hirco

1991 820 2069 873 illi
2089 821 2401 890 prominebat
2426 838 2583 875 cornu
2612 822 2664 874 in
2695 822 2856 874 medio
2883 823 3140 874 oculorum
3172 821 3352 890 ipsius.
3385 820 3583 873 Deinde

1993 926 2216 966 narrans
2245 926 2587 980 congressum
2619 913 2908 967 Alexandri
2939 929 3058 968 cum
3105 913 3288 978 Dario,
3319 911 3584 981 ejusdem-

1995 1017 2097 1071 que
2129 1002 2404 1057 victoriam
2436 1004 2638 1058 viribus
2667 1012 2872 1073 partam
2914 1020 2928 1056 :
2976 1002 3148 1066 Venit,
3179 1003 3386 1072 inquit,
3414 1005 3583 1055 hircus

1994 1108 2148 1162 usque
2172 1093 2238 1146 ad
2276 1094 2480 1147 arietem
2525 1093 2783 1147 habentem
2823 1110 3012 1148 cornua
3033 1137 3047 1159 ,
3080 1105 3123 1148 et
3155 1093 3390 1160 e/feratus
3433 1105 3501 1146 est
3531 1094 3584 1145 in

1995 1200 2126 1248 eum,
2152 1193 2198 1238 et
2224 1186 2465 1253 percussit
2490 1185 2717 1250 arietem,
2745 1185 3028 1240 dicendum
3057 1195 3139 1240 est
3164 1187 3302 1240 enim
3331 1201 3584 1254 compen-

1997 1275 2106 1341 dio,
2125 1285 2170 1329 et
2196 1277 2426 1330 contrivit
2455 1287 2720 1346 utrumque
2740 1294 2895 1330 cornu
2919 1277 3076 1339 illius,
3099 1292 3188 1330 nec
3217 1286 3319 1330 erat
3341 1278 3424 1347 qui
3451 1277 3585 1329 arie-

1999 1374 2096 1419 tem
2121 1367 2328 1437 eriperet
2356 1366 2418 1420 de
2455 1383 2608 1419 manu
2635 1367 2794 1420 illius.
2829 1366 3070 1421 Posthmc
3106 1381 3331 1420 narrans
3361 1375 3590 1421 mortem

1998 1459 2324 1528 Alexandri,
2357 1468 2410 1515 et
2447 1469 2672 1529 quatuor
2696 1476 2878 1530 regum
2909 1459 3301 1515 successionem
3336 1475 3349 1510 :
3384 1457 3448 1511 Et
3475 1474 3589 1509 cum

2000 1553 2080 1605 hic
2109 1553 2428 1607 incalesceret
2452 1597 2464 1617 ,
2499 1554 2703 1623 inquit,
2731 1555 3004 1607 contritum
3042 1562 3114 1606 est
3153 1569 3309 1607 cornu
3338 1552 3447 1621 ejus
3475 1567 3587 1602 ma-

1997 1660 2171 1713 gnum,
2197 1653 2241 1696 et
2263 1653 2434 1698 exorta
2456 1655 2570 1698 stmt
2597 1653 2812 1714 quatuor
2831 1661 3021 1698 cornua
3041 1643 3130 1697 sub
3156 1643 3265 1704 illo,
3289 1643 3356 1695 ad
3376 1650 3589 1706 quatuor

1999 1743 2166 1786 ventos
2193 1734 2323 1788 εαξη.
2354 1734 2488 1788 llinc
2517 1735 2781 1790 transiens
2815 1734 3066 1800 deinceps
3100 1733 3166 1786 ad
3228 1731 3476 1786 Antiochi
3504 1747 3590 1786 re—

1999 1839 2157 1894 gnum
2172 1825 2334 1889 venit,
2351 1824 2694 1879 etdcclarans
2713 1823 2853 1894 quod
2871 1840 2937 1878 ex
2957 1824 3143 1878 horum
3161 1833 3384 1892 quatuor
3399 1837 3504 1876 uno
3519 1822 3591 1875 sit

2001 1924 2151 1970 ortus
2171 1957 2186 1980 ,
2217 1915 2294 1970 sic
2323 1915 2433 1972 lere
2458 1915 2532 1970 ait
2563 1933 2577 1970 :
2610 1915 2693 1970 Ea:
2719 1932 2818 1968 uno
2859 1915 3046 1984 prodiit
3071 1931 3229 1968 cornu
3258 1914 3481 1967 validum
3500 1955 3514 1978 ,
3543 1922 3592 1967 et

2000 2006 2279 2060 exaltatum
2303 2017 2374 2060 est
2401 2007 2728 2072 vehementer,
2756 2007 2822 2059 ad
2847 2005 3038 2060 Nolunt
3062 2014 3109 2059 et
3135 2004 3404 2058 Orientem.
3434 2005 3587 2058 Dein-

2003 2097 2071 2151 de
2109 2097 2396 2168 designans
2438 2098 2579 2167 quod
2619 2098 2891 2154 Judaicam
2940 2098 3175 2166 politiam
3223 2095 3455 2150 funditus
3494 2093 3590 2148 de-

2003 2190 2196 2245 struxit
2229 2207 2241 2243 :
2277 2188 2547 2255 Post/uec,
2578 2190 2782 2259 inquit,
2814 2190 3120 2258 sacriﬁcium
3167 2206 3255 2258 per
3281 2205 3393 2242 eum
3422 2187 3594 2240 turba-

2005 2291 2108 2334 tum
2134 2291 2207 2335 est
2231 2281 2430 2336 delicto.
2466 2281 2530 2336 Et
2562 2285 2752 2352 factum
2777 2291 2870 2346 est,
2900 2292 2946 2334 et
2974 2298 3212 2352 prospere
3239 2281 3500 2351 processit.
3527 2279 3602 2346 Et

2007 2382 2234 2426 sanctum
2279 2372 2619 2437 desolabitur,
2651 2382 2696 2426 et
2739 2373 2916 2426 datum
2957 2383 3032 2426 est
3072 2381 3248 2425 contra
3291 2371 3595 2438 sacriﬁcium

2006 2472 2298 2532 peccatum;
2326 2463 2481 2516 altari
2506 2465 2637 2517 enim
2664 2462 2882 2528 sublato,
2907 2463 3094 2516 sanctis
3123 2461 3447 2525 conculcatis,
3476 2461 3593 2513 ido-

2010 2552 2115 2606 lum
2138 2553 2310 2606 statuit
2335 2556 2490 2620 intus,
2515 2563 2559 2607 et
2579 2555 2768 2608 hostias
2791 2552 3066 2608 immolavit
3087 2553 3394 2607 daemonibus
3419 2561 3596 2604 contra

2007 2642 2188 2715 legem,
2213 2653 2257 2696 et
2284 2646 2508 2714 projecta
2533 2654 2603 2698 est
2628 2645 2679 2698 in
2709 2653 2893 2698 terram
2903 2644 3126 2712 justitia.
3154 2643 3216 2697 Et
3241 2644 3377 2715 fecit,
3402 2652 3446 2696 et
3473 2659 3596 2712 pro-

2008 2753 2151 2807 spere
2202 2738 2459 2806 processit.
2507 2736 2705 2791 Deinde
2756 2752 2966 2791 rursum
3011 2735 3080 2791 de
3110 2736 3211 2790 hoc
3267 2735 3384 2804 ipso
3433 2749 3596 2803 agens

2007 2845 2172 2900 regno
2200 2829 2451 2884 Antiochi
2485 2829 2794 2899 Epiphanis,
2824 2829 2994 2899 deque
3020 2828 3326 2898 captivitate
3364 2826 3596 2882 excidio-

2009 2938 2114 2993 que
2137 2937 2200 2976 ac
2228 2921 2560 2977 desolatione
2591 2922 2794 2990 templi,
2823 2925 2980 2975 etiam
3009 2922 3180 2990 ipsum
3213 2930 3420 2988 tempus
3445 2919 3598 2973 addi-

2009 3015 2106 3070 dit.
2127 3014 2364 3069 Exorsus
2381 3013 2526 3068 enim
2546 3012 2614 3066 ab
2634 3012 2920 3067 Alexandri
2946 3026 3129 3080 regno,
3152 3009 3328 3064 denuo
3348 3009 3410 3061 ad
3437 3009 3596 3062 ﬁnem

2011 3107 2132 3162 libri
2152 3110 2310 3162 etiam
2335 3105 2643 3160 intcrmedia
2671 3118 3097 3159 commemorans
3121 3102 3318 3166 omnia,
3342 3117 3457 3170 qua:
3479 3101 3601 3155 Pto-

2010 3198 2186 3254 lemtei
2221 3207 2276 3252 et
2321 3197 2528 3251 Seleuci
2568 3194 2932 3250 conﬁictantes
2973 3193 3110 3246 inter
3153 3207 3271 3246 sese
3318 3191 3598 3255 fecerunt,

2011 3303 2235 3360 quaeque
2279 3288 2468 3342 horum
2515 3286 2678 3341 duces
2717 3292 3030 3354 gesserunt,
3083 3282 3272 3348 dolos,
3315 3282 3599 3347 victo:'ias,

2015 3381 2285 3436 exercitus
2311 3421 2324 3444 ,
2357 3392 2559 3449 pugnas
2584 3378 2800 3432 navales
2820 3418 2834 3442 ,
2866 3375 3043 3444 prmlia
3071 3373 3332 3443 pedestria
3364 3391 3376 3426 :
3409 3371 3602 3427 deinde

2017 3485 2334 3542 progressus
2359 3471 2410 3524 in
2441 3469 2759 3524 Antiochum
2781 3467 2976 3522 desinit
3000 3467 3188 3520 iterum
3219 3465 3402 3519 dicens
3433 3480 3444 3514 :
3472 3461 3604 3516 Bra-

2017 3563 2132 3617 chia
2153 3579 2214 3616 ea:
2233 3562 2343 3632 ipso
2360 3562 2669 3627 exorientur,
2687 3571 2734 3612 et
2757 3558 3093 3629 profanabant
3115 3567 3343 3610 sanctum
3363 3564 3409 3606 et
3432 3565 3602 3606 trans-

2017 3653 2179 3723 {erent
2216 3652 2686 3714 continuationem;
2737 3649 3185 3704 continuationem
3216 3646 3488 3717 appellans
3518 3659 3606 3698 so-

2020 3744 2222 3798 lemnes
2263 3751 2318 3796 et
2356 3740 2689 3811 quotidianas
2720 3740 2989 3798 victimas;
3039 3749 3084 3792 et
3123 3739 3338 3809 inferent
3381 3738 3432 3790 in
3461 3735 3604 3789 illam

2020 3836 2461 3901 abominationem,
2484 3842 2529 3888 et
2551 3851 2633 3888 eos
2657 3833 2740 3904 qui
2767 3833 2955 3886 violant
2980 3841 3348 3894 testamentum,
3375 3830 3475 3884 hoc
3499 3837 3601 3894 est,

2023 3925 2433 3995 praevaricantes
2461 3923 2694 3990 Judteos,
2718 3923 2966 3976 adducent
2992 3925 3043 3975 in
3072 3923 3267 3987 ruinas,
3299 3936 3480 3976 secum
3513 3919 3606 3972 ha-

2023 4017 2221 4072 bebunt
2261 4031 2323 4069 ac
2353 4015 2706 4079 tran~iereut,
2753 4021 2798 4066 et
2835 4012 3052 4082 papulas
3095 4027 3396 4079 cognoscens
3447 4009 3604 4061 Deum

2021 4125 2170 4162 suum
2196 4105 2482 4176 prazvalebit
2507 4121 2526 4160 :
2576 4102 2995 4159 Maehabacorum
3025 4115 3112 4156 res
3137 4099 3461 4168 signiﬁcans,
3489 4115 3608 4166 quae

2024 4200 2331 4255 acciderunt
2353 4198 2453 4251 sub
2482 4197 2614 4252 Juda
2645 4205 2698 4250 et
2722 4196 2937 4249 Simone
2965 4203 3020 4248 et
3046 4193 3282 4254 Joanne;
3315 4201 3362 4245 et
3389 4191 3608 4260 pruden-

2022 4302 2094 4346 tes
2119 4292 2292 4362 papuli
2318 4290 2594 4359 intelligent
2623 4287 2691 4341 ad
2719 4287 2897 4351 multa,
2931 4294 2976 4339 et
2998 4283 3388 4353 inﬁrmabuntur
3413 4281 3464 4333 in
3494 4280 3607 4350 gla-

2023 4384 2108 4436 dio
2149 4391 2196 4437 et
2228 4383 2472 4452 ﬂamma;
2513 4379 2760 4433 nimirum
2809 4377 3000 4431 iterum
3049 4388 3270 4428 narrans
3310 4371 3610 4426 incendium

2026 4473 2287 4536 civitatis;
2318 4481 2366 4524 et
2397 4472 2451 4524 in
2480 4470 2799 4539 captivitate,
2833 4476 2876 4521 et
2905 4467 2958 4520 in
2989 4465 3268 4532 direptione
3306 4464 3537 4524 dierum;
3564 4471 3611 4514 et

2027 4579 2142 4615 cum
2168 4563 2410 4632 inﬁrmati
2440 4561 2626 4632 fuerint
2653 4601 2666 4625 ,
2706 4557 3076 4628 adjuvabuntur
3118 4555 3372 4627 adjutorio
3418 4571 3615 4624 parvo:

2026 4654 2328 4724 signiﬁcans
2354 4653 2494 4722 quod
2537 4652 2588 4706 in
2636 4650 2826 4706 mediis
2855 4649 2959 4705 illis
2999 4648 3147 4702 malis
3176 4657 3420 4716 poterunt
3443 4647 3614 4714 respi-

2031 4763 2151 4802 rare
2173 4787 2187 4811 ,
2220 4755 2274 4801 et
2311 4759 2588 4815 emergere
2625 4759 2690 4797 ex
2719 4741 3090 4797 afﬂictionibus
3113 4781 3128 4806 ,
3157 4738 3348 4808 quibus
3391 4736 3611 4790 involuti

2029 4846 2187 4902 sunt;
2217 4847 2263 4892 et
2297 4837 2635 4908 adjungentur
2658 4835 2760 4888 illis
2798 4834 2942 4887 multi
2970 4833 3022 4886 in
3047 4831 3206 4885 ruinis
3231 4870 3246 4895 ,
3269 4838 3316 4883 et
3335 4828 3395 4881 ab
3425 4827 3613 4881 intelli-

2033 4929 2260 5000 gentibus
2284 4927 2674 4996 inﬁrmabuntur
2703 4924 2862 4997 (Dan.
2895 4924 2981 4978 ll.
3010 4924 3098 4976 51.
3116 4931 3162 4976 et
3192 4920 3370 4992 scqq.).
3405 4919 3496 4972 llis
3521 4932 3615 4971 au-

2031 5031 2136 5074 tem
2165 5018 2342 5074 verbis
2370 5017 2628 5086 signiﬁcat
2655 5015 2888 5070 futurum
2913 5055 2928 5080 ,
2962 5021 3018 5067 ut
3047 5012 3194 5066 multi
3224 5010 3382 5065 etiam
3413 5016 3616 5061 stantes

2029 5112 2240 5167 cadant.
2272 5109 2472 5164 Deinde
2493 5123 2706 5162 causam
2734 5108 2891 5161 etiam
2921 5104 3111 5173 aperit,
3141 5103 3210 5156 ob
3235 5115 3391 5169 quam
3420 5099 3615 5167 permi-

2030 5205 2100 5259 sit
2123 5204 2263 5258 Deus
2292 5201 2413 5256 illos
2439 5201 2489 5254 in
2524 5199 2682 5254 tantis
2706 5197 2861 5252 malis
2887 5193 3109 5250 versari.
3135 5193 3388 5259 Quantam
3409 5189 3616 5244 estea?

2037 5293 2102 5347 lit
2149 5293 2263 5363 igne
2304 5291 2552 5346 examinet
2598 5288 2734 5352 illos,
2781 5285 2979 5354 inquit,
3020 5284 3203 5353 eligat,
3237 5290 3384 5349 atque
3423 5277 3617 5330 dealbet

2032 5403 2184 5458 usque
2201 5385 2270 5439 ad
2290 5385 2554 5438 terminum
2583 5380 2837 5450 temporis.
2863 5378 3085 5446 Propter
3109 5377 3220 5430 hmc
3241 5375 3402 5437 enim,
3424 5372 3611 5439 inquit,

2035 5477 2148 5531 hmc
2164 5475 2400 5546 permisit
2417 5474 2577 5539 Deus,
2592 5480 2755 5525 utcos
2773 5483 2993 5537 repurga
3002 5464 3511 5532 ret,ostcmlerctqne
3524 5463 3613 5531 qui

2035 5576 2218 5623 essent
2244 5567 2380 5619 inter
2411 5564 2528 5617 illos
2559 5560 2784 5632 probati.
2805 5557 3004 5613 Deinde
3025 5568 3449 5612 commemorans
3475 5552 3614 5623 regis

2036 5659 2174 5713 illius
2202 5654 2511 5726 potentiam,
2544 5654 2652 5706 ait:
2685 5650 2748 5704 Et
2774 5650 2923 5721 faciet
2941 5652 3090 5717 juxta
3121 5648 3418 5702 voluntatem
3447 5661 3613 5706 suam,

2036 5761 2083 5808 et
2103 5748 2424 5819 multabitur,
2444 5756 2486 5802 ct
2509 5743 2926 5819 tnagniﬁcabitur.
2952 5741 3066 5798 llos
3095 5738 3460 5810 blasphemum
3479 5735 3617 5791 illius
