4084 6186
505 363 611 424 895

501 480 740 533 animum
771 476 1072 548 significans
1092 518 1106 544 ,
1133 474 1279 531 addit
1323 491 1336 505 ·
1383 475 1626 529 Adversus
1651 473 1815 528 Deum
1842 473 2050 527 deorum
2073 512 2089 537 ,

505 574 715 642 inquit,
745 572 971 640 loquetur
995 577 1210 639 superba
1235 609 1249 632 ,
1281 577 1326 622 et
1370 567 1746 638 prosperabitur
1767 607 1781 630 ,
1815 565 1973 618 donec
2014 565 2094 617 ira

503 662 967 717 consummabitur:
997 662 1267 715 declarans
1296 659 1436 730 quod
1476 675 1579 713 non
1624 675 1688 713 ex
1723 659 1932 728 preprin
1957 673 2088 712 con-

504 755 658 819 silio,
685 755 780 809 sed
815 761 1029 822 propter
1059 753 1186 806 iram
1235 753 1325 805 Dei
1369 751 1626 805 adversus
1659 751 1871 806 Juda‘os
1897 750 1985 804 ille
2014 749 2091 804 sic

510 845 808 899 invaluerit.
835 843 1067 897 Tandem
1094 842 1180 897 ubi
1201 842 1436 909 pluribus
1456 842 1571 895 aliis
1592 841 1723 895 dixit
1741 851 1933 910 quanta
1953 842 2090 896 mala

506 935 738 990 facturus
768 944 947 999 esset,
988 945 1097 986 tum
1141 933 1374 1005 Egypto
1397 976 1411 999 ,
1446 942 1556 986 tum
1586 931 1881 987 l’ala‘stinm
1907 947 1921 997 ;
1953 926 2088 1002 quo-

505 1029 664 1082 modo
690 1028 954 1082 rediturus
984 1027 1049 1080 sit
1075 1067 1089 1090 ,
1132 1037 1184 1082 et
1227 1041 1332 1096 quo
1359 1036 1583 1081 vocante
1606 1067 1620 1090 ,
1652 1038 1707 1081 et
1737 1041 1837 1094 qua
1869 1035 2088 1094 urgente

503 1132 660 1174 causa
689 1135 701 1170 :
729 1126 908 1186 postea
932 1127 1112 1170 narrat
1135 1125 1432 1187 temporum
1454 1115 1817 1180 mutationem,
1844 1114 2088 1184 quodque

505 1209 672 1263 Judaei
705 1217 985 1278 postquam
1019 1224 1112 1276 per
1143 1207 1257 1261 haec
1301 1207 1478 1260 omnia
1522 1206 1868 1271 transierint,
1901 1207 2087 1260 nanci-

506 1309 723 1353 secntur
744 1299 953 1368 aliquod
978 1299 1248 1362 auxilium,
1268 1300 1430 1351 misso
1455 1299 1642 1367 angelo
1659 1298 1710 1351 in
1736 1297 1945 1350 illorum
1964 1296 2089 1350 sub-

509 1393 720 1445 sidium.
748 1390 812 1445 In
842 1402 1064 1460 tempore
1088 1392 1218 1444 enim
1248 1388 1357 1455 illo,
1387 1391 1572 1459 inquit,
1600 1399 1836 1460 exsurget
1865 1390 2088 1442 Michael

507 1485 737 1554 princeps
765 1500 976 1552 magnus
999 1524 1013 1549 ,
1044 1483 1129 1546 qui
1157 1486 1418 1552 praefectus
1443 1493 1513 1536 est
1543 1483 1664 1550 ﬁliis
1703 1483 1878 1553 populi
1902 1484 1976 1535 tui
1994 1524 2008 1549 ,
2038 1492 2085 1535 et

505 1577 597 1626 erit
629 1586 821 1642 tempus
846 1575 1123 1644 aﬂlictionis
1146 1615 1160 1638 ,
1189 1573 1336 1643 quale
1363 1590 1461 1626 non
1495 1573 1610 1642 fuit,
1641 1590 1703 1626 ea:
1726 1590 1822 1641 quo
1848 1590 1968 1643 gens
1998 1578 2082 1642 fa-

504 1675 584 1717 cta
605 1667 747 1718 estin
773 1675 902 1718 terra
931 1681 1086 1735 usque
1112 1664 1178 1716 ad
1208 1674 1400 1733 tempus
1427 1665 1574 1726 illud,
1601 1675 1648 1718 et
1672 1665 1724 1717 in
1751 1673 1970 1732 tempore
1993 1665 2083 1718 illo

503 1757 642 1809 salva
666 1756 749 1822 ﬁet
778 1756 938 1808 omnis
969 1755 1236 1807 multitudo
1258 1796 1272 1819 ,
1305 1771 1420 1825 qute
1451 1755 1724 1825 reperietur
1750 1755 1999 1825 descripta
2029 1757 2080 1809 in

506 1845 630 1900 libro
662 1845 832 1918 (Dan.
869 1846 957 1900 12.
988 1844 1070 1916 1),
1103 1846 1203 1899 hoc
1222 1854 1323 1908 est,
1353 1846 1439 1912 qui
1470 1845 1610 1915 digni
1639 1856 1761 1898 sunt
1788 1846 1980 1901 salute.

571 1939 624 1992 8.
668 1937 860 1992 Verum
901 1953 969 1992 ne
1013 1950 1156 1991 nunc
1193 1937 1408 2007 quidem
1453 1936 1625 1992 adhuc
1661 1936 2078 1992 demonstratum

500 2037 599 2092 est,
626 2027 692 2082 de
713 2044 818 2098 quo
840 2029 934 2082 fuit
958 2029 1192 2081 instituta
1219 2027 1462 2094 qumstio.
1487 2027 1620 2093 Quid
1642 2037 1816 2081 autem
1840 2028 1939 2080 hoc
1959 2028 2078 2081 est?

501 2119 757 2172 Videlicet
799 2117 939 2185 quod
971 2123 1128 2172 etlam
1163 2127 1398 2186 tempora
1433 2118 1739 2186 pra-ﬁnierit
1774 2117 1854 2170 his
1890 2119 2074 2183 malis,

497 2214 640 2267 velut
671 2215 774 2267 illic
814 2214 995 2282 primm
1035 2214 1306 2266 servitutis
1333 2226 1500 2265 annos
1528 2210 1963 2281 quadringentos,
1995 2213 2080 2266 se-'

495 2305 684 2359 eundte
723 2313 904 2374 postea
953 2303 1303 2374 septuaginta.
1352 2303 1639 2358 Videamus
1686 2304 1844 2374 igitur
1884 2320 1948 2358 an
1994 2304 2077 2358 his

495 2409 705 2463 qunque
733 2393 988 2463 prmlittiat
1015 2401 1222 2462 tempus
1245 2393 1476 2463 aliquod.
1507 2393 1600 2448 l'bi
1626 2409 1751 2448 vero
1777 2393 1954 2448 licebit
1974 2394 2076 2450 hoc

497 2486 776 2540 Invenire?
808 2484 864 2540 In
925 2486 990 2540 iis
1029 2501 1145 2555 qua:
1186 2493 1305 2554 post
1346 2484 1462 2539 tunc
1505 2484 1769 2539 dicentur.
1813 2484 2074 2552 Quoniam

494 2577 635 2630 enim
660 2575 900 2630 audierat
930 2578 1090 2630 multa
1121 2589 1414 2645 magnaque
1441 2575 1599 2640 mala,
1629 2575 1859 2629 civitatis
1889 2577 2072 2631 incen-

492 2665 671 2728 dium,
706 2667 899 2734 politiae
941 2665 1336 2719 subversionem
1361 2706 1376 2730 ,
1418 2678 1636 2718 suorum
1679 2665 2068 2733 captivitatem,

495 2767 673 2824 postea
696 2755 1029 2810 desiderabat
1053 2755 1209 2809 ﬁnem
1240 2755 1446 2808 illorum
1471 2753 1696 2820 discere,
1726 2763 1780 2809 et
1803 2771 1929 2810 num
1954 2771 2071 2824 quae

494 2846 664 2899 futura
690 2854 831 2900 esset
854 2860 1036 2899 earum
1064 2845 1420 2899 calamitatum
1453 2846 1815 2899 commutatio.
1841 2845 2071 2901 Percon-

493 2944 610 2987 tans
636 2944 811 2988 autem
842 2933 919 2988 sic
957 2934 1270 3001 loquebatur
1291 2975 1306 3001 ,
1338 2933 1554 2988 Domine
1575 2974 1589 2997 ,
1619 2936 1730 3004 quis
1756 2943 1828 2988 est
1862 2934 2069 2988 istorum

491 3027 646 3095 ﬁnis?
672 3024 740 3078 Et
766 3026 913 3090 dixit,
953 3024 1078 3078 Veni
1104 3024 1200 3077 huc
1226 3024 1442 3080 Daniel:
1464 3025 1700 3095 quoniam
1728 3025 1889 3078 clausi
1910 3033 1956 3078 et
1981 3023 2070 3079 ob-

489 3118 674 3187 signati
701 3126 815 3169 sunt
853 3133 1102 3171 sermones
1139 3131 1158 3170 :
1187 3117 1526 3172 subindicans
1567 3117 1941 3172 obscuritatem
1972 3132 2066 3172 eo-

489 3222 638 3272 rum,
670 3223 790 3278 quas
815 3208 1152 3274 dicerentur,
1187 3205 1352 3276 Usque
1377 3207 1447 3259 ad
1482 3208 1717 3277 temporis
1743 3207 1913 3276 ﬁnem.
1948 3207 2068 3262 Mox

487 3314 698 3351 causam
724 3298 990 3367 aperiens,
1018 3313 1182 3367 quare
1210 3297 1309 3351 ista
1340 3299 1640 3366 permiserit
1667 3299 1882 3353 evenire
1906 3298 2064 3364 mala,

488 3386 659 3442 Donec
687 3388 957 3458 eligantur,
1001 3389 1202 3458 inquit,
1237 3398 1282 3443 et
1311 3388 1622 3455 dealbentur,
1654 3399 1700 3443 et
1736 3391 1843 3460 igni
1870 3391 2064 3444 exami-

487 3489 667 3531 nentur
685 3478 850 3542 multi,
873 3489 920 3533 et
945 3479 1114 3546 inique
1136 3489 1288 3549 agant
1314 3480 1494 3549 iniqui,
1523 3490 1568 3532 et
1590 3480 1874 3552 intelligant
1897 3497 2067 3536 omnes

486 3567 647 3638 impii,
663 3576 709 3621 et
729 3567 922 3621 cet-dati
941 3568 1221 3638 intelligant
1241 3568 1398 3637 (Dan.
1418 3570 1502 3622 12.
1523 3570 1578 3624 8.
1595 3580 1641 3624 et
1655 3573 1838 3641 seqq.).
1864 3571 2066 3628 Deinde

486 3665 681 3724 quanto
697 3663 934 3724 tempore
954 3657 1059 3710 sint
1087 3657 1188 3710 illis
1214 3672 1460 3711 mansura
1479 3659 1590 3713 hate
1617 3661 1751 3713 mala
1774 3661 2065 3729 praedicens

486 3745 559 3796 ait
583 3745 657 3796 :A
681 3754 902 3813 tempore
931 3747 1356 3798 transmutationis
1373 3747 1742 3801 endelechismi.
1771 3750 1860 3804 Sic
1886 3759 2062 3805 autem

487 3837 774 3890 vocabatur
791 3837 1154 3906 quotidianum
1179 3839 1513 3892 Sueriﬁcium.
1542 3840 1670 3894 Nam
1699 3847 1925 3911 ἕνόελιχὶς
1947 3860 2066 3912 per-

487 3936 702 3996 petuum
734 3937 848 3992 est,
879 3927 1125 3997 frequens
1145 3970 1158 3994 ,
1188 3939 1241 3983 et
1268 3932 1596 3984 continuum.
1627 3931 1752 3985 Erat
1778 3935 1918 3986 enim
1946 3948 2064 3988 mos

484 4016 682 4071 Judaais
706 4024 761 4070 et
786 4017 990 4086 vesperi
1037 4027 1093 4072 et
1135 4018 1234 4072 sub
1261 4033 1506 4072 auroram
1538 4028 1591 4073 et
1619 4021 1826 4090 singulo
1855 4037 2065 4092 quoque

483 4107 569 4160 die
585 4107 899 4161 sacrificium
921 4108 1114 4162 oﬂ'erre
1135 4109 1262 4162 Deo.
1291 4113 1461 4178 Atque
1481 4109 1547 4165 de
1567 4125 1721 4166 causa
1745 4113 2061 4168 sacriﬁcium

485 4197 610 4251 illud
653 4198 1140 4263 endelechismum,
1181 4199 1230 4253 id
1271 4209 1353 4253 est
1389 4200 1787 4267 assiduitatem,
1820 4205 2058 4259 vocabat.

486 4288 766 4357 Postquam
795 4289 951 4358 igitur
978 4290 1196 4344 veniens
1219 4289 1512 4346 Antiochus
1541 4291 1682 4347 hunc
1707 4309 1907 4349 morem
1939 4310 2060 4351 sus-

486 4381 604 4434 tulit
639 4390 692 4434 et
731 4381 1031 4435 immutavit
1054 4400 1066 4434 :
1093 4381 1193 4436 hoc
1216 4391 1318 4446 est,
1343 4383 1480 4453 quod
1513 4385 1586 4438 ait
1610 4385 1846 4455 angelus,
1873 4386 1918 4440 A
1940 4397 2062 4440 tem-

489 4487 608 4541 pore
634 4475 1064 4527 transmutationis
1093 4476 1466 4541 endeleeltismi,
1499 4476 1600 4532 hoc
1628 4487 1729 4544 est,
1763 4493 1793 4533 a
1825 4491 2061 4550 tempore

489 4578 590 4632 quo
611 4567 1021 4621 commutabitur
1043 4567 1146 4622 hoc
1168 4569 1508 4636 sacriﬁcium,
1535 4581 1651 4624 sunt
1677 4572 1782 4625 dies
1809 4572 1948 4626 mille
1967 4573 2063 4627 du-

479 4656 612 4713 centi
635 4666 682 4709 et
712 4657 1012 4726 nonaginta,
1040 4657 1141 4711 hoc
1166 4667 1247 4712 est
1268 4697 1284 4725 ,
1316 4667 1422 4714 tres
1447 4661 1570 4714 anni
1599 4677 1719 4715 eum
1745 4661 2017 4717 dimidiato
2039 4705 2055 4730 ,

481 4763 545 4802 ac
573 4750 728 4818 paulo
749 4749 996 4817 amplius.
1027 4750 1227 4803 Deinde
1254 4750 1394 4819 quod
1428 4761 1538 4804 tum
1568 4763 1711 4807 esset
1731 4753 1938 4807 futurus
1964 4755 2057 4807 ho-

481 4855 598 4896 rum
629 4840 888 4895 malorum
914 4841 1036 4895 ﬁnis
1071 4855 1133 4894 ac
1161 4843 1447 4906 terminus,
1477 4844 1688 4913 subjieit
1717 4863 1730 4898 :
1763 4844 1947 4898 Beatus
1973 4847 2060 4914 qui

480 4933 768 4987 sustinuerit
795 4949 856 4986 ac
877 4934 1150 5002 pervenerit
1180 4949 1333 5003 usque
1360 4935 1427 4987 ad
1450 4935 1555 4988 dies
1581 4938 1718 4990 mille
1744 4947 1983 4992 trecentos
2011 4947 2058 4992 et

480 5025 687 5095 triginta
705 5025 920 5094 quinque
939 5041 959 5078 :
978 5025 1124 5078 mille
1145 5024 1385 5079 ducentis
1405 5027 1687 5096 nonaginta
1709 5028 1909 5083 addens
1929 5045 2060 5099 qua-

481 5115 719 5186 draginta
747 5116 1000 5186 quinque.
1022 5116 1280 5184 Quoniam
1311 5121 1451 5172 enim
1480 5119 1531 5172 in
1555 5135 1736 5175 mense
1763 5132 1815 5176 et
1840 5121 2057 5178 dimidio

479 5207 677 5261 mensis
697 5207 889 5262 accidit
913 5215 970 5262 ut
995 5208 1148 5262 ﬁeret
1176 5208 1265 5263 ille
1295 5209 1571 5264 conflictus
1597 5227 1609 5262 :
1636 5211 1686 5264 in
1718 5210 1818 5265 hoc
1838 5212 2054 5268 victoria

479 5295 566 5351 illa
596 5315 724 5369 pura
757 5299 894 5356 facta
936 5310 1050 5368 est,
1078 5310 1132 5356 et
1170 5302 1406 5356 omnium
1454 5303 1711 5357 malorum
1753 5307 2053 5374 urgentium

477 5393 819 5445 commutatio
843 5407 858 5444 :
881 5407 1002 5446 cum
1029 5401 1204 5448 autem
1234 5395 1307 5447 ait
1326 5412 1339 5447 :
1358 5393 1543 5448 Beatus
1566 5397 1651 5467 qui
1676 5396 1964 5449 sustinuerit
1988 5397 2057 5450 ad

478 5483 584 5536 dies
611 5484 749 5537 mille
775 5494 1019 5539 trecentos
1043 5487 1246 5556 triginta
1273 5489 1507 5558 quinque,
1536 5502 1712 5542 rerum
1735 5489 2056 5544 immutatio-

483 5588 602 5626 nem
633 5573 884 5630 declarat.
908 5575 1087 5646 Neque
1116 5578 1424 5646 simpliciter
1446 5578 1598 5644 dixit,
1621 5580 1709 5650 qui
1732 5581 2050 5650 pervenerit,

478 5678 662 5715 verum
704 5665 789 5731 qui
830 5666 1121 5718 sustinuerit
1163 5677 1209 5720 et
1251 5669 1522 5736 pervenerit
1563 5685 1581 5723 :
1623 5671 1870 5739 quoniam
1911 5671 2051 5725 enim

480 5753 628 5808 multi
661 5767 874 5820 eorum,
904 5756 991 5823 qui
1019 5756 1350 5825 impietatem
1373 5768 1742 5828 perpeti-arum
1763 5804 1777 5829 ,
1810 5763 2052 5825 viderunt

1228 5857 1255 5870 κ.

1231 362 1288 418 S.
1325 361 1606 418 JUANNIS
1638 355 2110 417 CHRYSOSTOMI
2149 356 2284 413 ΑΒΕ
2304 355 2484 417 HIEP.
2523 361 3058 420 CONSTANTINOP.

3671 367 3783 425 896

2201 475 2690 546 commutationem,
2721 493 2825 532 non
2853 493 2947 533 eos
2968 477 3280 546 simpliciter
3301 477 3435 534 dixit
3459 481 3661 549 beatos,
3689 487 3789 543 sed

2197 579 2294 619 eos
2319 567 2407 636 qui
2447 567 2807 623 testimonium
2853 570 3187 640 przebnerant
3217 571 3269 626 in
3309 571 3499 630 diebus
3542 576 3789 633 afﬂictio-

2199 671 2346 719 num.
2393 673 2544 713 neca
2573 660 2766 728 pietate
2810 662 3182 722 desciverant:
3227 665 3423 722 deinde
3471 683 3788 740 eonsequut;

2199 756 2322 800 sunt
2350 748 2727 803 relaxationem
2759 751 2798 803 ί.
2828 751 2950 807 ldeo
2995 769 3098 808 non
3143 754 3458 825 simpliciter
3494 759 3662 825 dixit,
3698 778 3784 829 qu:

2197 839 2499 905 pervenerit
2525 855 2538 891 :
2569 840 2661 894 sed
2687 842 2772 910 qui
2800 844 3093 897 sustinuerit
3126 857 3170 898 et
3210 850 3504 915 pervenerit.
3535 850 3668 918 Quid
3703 854 3784 907 his

2195 940 2314 981 esse
2345 937 2518 996 potest
2542 929 2857 986 dilucidius?
2885 931 3044 988 Vides
3068 975 3082 998 ,
3112 944 3166 989 ut
3191 952 3296 990 non
3326 953 3492 1008 usque
3522 941 3587 994 ad
3615 959 3786 998 annos

2193 1027 2280 1070 aut
2308 1033 2538 1084 menses,
2564 1021 2657 1073 sed
2689 1021 2756 1074 ad
2783 1038 2946 1076 unum
2976 1039 3142 1094 usque
3172 1027 3311 1080 diem
3337 1043 3544 1083 summa
3575 1046 3701 1086 cura
3731 1044 3784 1088 et

2193 1109 2551 1176 captivitatem
2575 1123 2627 1165 et
2649 1113 2969 1181 captivitatis
2989 1117 3307 1171 solutionem
3339 1121 3640 1188 praedixerit
3659 1140 3782 1192 pro-

2193 1199 2368 1267 pheta.
2403 1200 2576 1271 Atque
2606 1211 2661 1256 ιιι
2685 1204 2862 1257 sciatis
2888 1221 2973 1259 me
3007 1221 3110 1259 non
3142 1221 3208 1262 ex
3237 1211 3562 1277 c0njecturis
3595 1214 3735 1282 loqui
3762 1256 3780 1281 ,

2190 1307 2285 1361 age
2325 1293 2657 1362 proferamus
2702 1307 2756 1351 et
2801 1297 2963 1351 alium
3020 1308 3206 1354 testem
3253 1316 3437 1355 eorum
3479 1321 3596 1373 qua:
3637 1306 3778 1360 dicta

2190 1394 2332 1449 sunt,
2366 1377 2522 1455 quem
2552 1389 2623 1442 illi
2663 1389 3034 1458 gravissimum
3075 1390 3272 1444 habent
3296 1403 3589 1457 auctorem,
3620 1395 3778 1450 Jose-

2191 1477 2351 1546 phum
2381 1479 2587 1547 loqunr,
2617 1481 2705 1550 qui
2734 1482 3058 1536 calamitates
3091 1482 3298 1537 illorum
3333 1485 3554 1554 tragicas
3574 1486 3779 1542 descri-

2190 1569 2330 1636 psit,
2371 1584 2433 1624 ac
2479 1579 2630 1624 vetus
2669 1579 3041 1627 testamentum
3082 1589 3240 1627 omne
3283 1577 3424 1628 velut
3465 1578 3774 1645 paraphrasi

2186 1659 2356 1713 fusius
2384 1661 2688 1730 explicavit,
2736 1663 2824 1731 qui
2857 1661 2955 1717 fuit
2998 1672 3117 1732 post
3143 1663 3342 1718 Christi
3372 1665 3655 1722 adventum
3675 1709 3692 1734 ,
3721 1677 3775 1723 et

2185 1751 2541 1819 captivitatem
2557 1752 2624 1806 ab
2645 1753 2761 1822 ipso
2782 1754 3087 1823 prmdictam
3116 1769 3560 1822 commemorans,
3586 1757 3651 1812 de
3673 1759 3774 1814 hac

2185 1857 2396 1911 quoque
2422 1843 2694 1911 disseruit,
2722 1845 2953 1899 Danielis
2971 1845 3227 1901 visionem
3249 1863 3526 1915 enarrans,
3545 1849 3614 1904 de
3632 1852 3769 1904 arie-

2187 1943 2256 1999 te,
2288 1934 2356 1989 de
2381 1934 2549 1999 hirco,
2579 1936 2646 1990 de
2683 1946 2909 2006 quatuor
2947 1939 3196 1994 cornibus
3221 1981 3235 2006 ,
3259 1939 3325 1994 de
3357 1953 3625 2010 postremo
3653 1953 3773 2012 post

2182 2024 2274 2080 illa
2302 2034 2508 2080 exorto.
2545 2027 2614 2081 Et
2643 2041 2708 2082 ne
2733 2028 2852 2096 quis
2895 2038 3139 2099 suSpecta
3181 2029 3374 2084 habeat
3414 2048 3532 2102 quae
3560 2047 3590 2086 a
3617 2033 3771 2088 nobis

2182 2114 2322 2170 dicta
2350 2115 2564 2182 fuerint,
2588 2134 2686 2189 age
2709 2118 3001 2174 referamus
3027 2129 3080 2174 et
3103 2121 3244 2174 illius
3274 2121 3455 2176 verba.

2251 2204 2463 2278 Iosephi
2506 2207 2645 2262 locus
2680 2207 2915 2263 Judaica:
2963 2212 3301 2280 antiquitatis,
3339 2212 3400 2266 L.
3447 2213 3530 2269 10.
3578 2231 3627 2268 ο.
3676 2215 3764 2271 11.

2185 2299 2269 2353 12.
2300 2329 2372 2340 -—-
2400 2301 2528 2354 Cum
2568 2300 2709 2356 enim
2738 2301 3007 2357 laudasset
3041 2303 3327 2369 Danielem,
3358 2321 3620 2375 supraque
3649 2323 3765 2361 mo-

2180 2387 2305 2466 dum
2326 2389 2621 2454 extulisset,
2639 2391 2846 2445 caneris
2862 2391 3107 2446 omnibus
3130 2393 3400 2464 prophetis
3417 2404 3761 2464 anteponens,

2178 2479 2246 2534 ad
2291 2481 2428 2535 hanc
2475 2480 2625 2534 venit
2677 2482 2955 2550 visionem,
3005 2493 3058 2538 et
3107 2485 3279 2538 dicit:
3312 2484 3541 2555 Reliquit
3588 2496 3762 2540 autem

2179 2569 2332 2625 nobis
2374 2586 2590 2625 suorum
2637 2573 2956 2642 scriptorum
2999 2585 3379 2640 monumenta,
3427 2576 3565 2631 unde
3612 2577 3764 2632 nobis

2179 2662 2335 2730 hujus
2358 2663 2651 2733 prophetiae
2675 2674 2915 2719 exactam
2937 2675 2990 2720 et
3015 2667 3370 2721 inevitabilem
3391 2668 3760 2723 certitudinem

2182 2755 2447 2824 prarstitit.
2493 2756 2583 2809 Ait
2606 2756 2746 2810 enim
2780 2775 2792 2810 :
2825 2757 3007 2822 Susis,
3034 2773 3152 2827 qua:
3181 2759 3414 2814 Persidis
3443 2770 3523 2814 est
3569 2770 3762 2816 metro-

2177 2844 2336 2913 polis.
2367 2860 2490 2900 cum
2534 2847 2750 2902 exiisset
2790 2849 2841 2902 in
2879 2864 3122 2918 campum
3151 2865 3270 2904 cum
3311 2851 3470 2906 sociis
3498 2854 3605 2907 suis
3646 2859 3764 2924 qui-

2175 2935 2418 3000 busdam,
2440 2937 2616 2991 subito
2635 2946 2787 2992 terras
2807 2950 2951 2995 motu
2972 2942 3426 3013 concussioneque
3445 2945 3653 3011 oborta,
3672 2963 3758 3002 re—

2174 3028 2355 3082 lictum
2415 3027 2580 3083 fuisse
2643 3029 2812 3084 solum
2872 3029 3194 3101 fugientibus
3247 3035 3472 3088 cmteris.
3528 3036 3593 3089 Et
3645 3038 3758 3106 ipse

2172 3118 2384 3189 quidem
2428 3133 2621 3188 pronus
2668 3120 2719 3174 in
2744 3118 2932 3176 faciem
2961 3123 3212 3188 concidit,
3255 3122 3466 3180 innixus
3503 3127 3758 3183 ambabus

2173 3211 2414 3266 manibus
2444 3228 2457 3264 :
2484 3211 2606 3266 dein
2633 3211 2719 3267 ubi
2739 3213 2998 3282 quiSpiam
3022 3221 3260 3284 tangeret
3285 3230 3429 3279 eum,
3455 3217 3757 3286 intereaque

2165 3303 2377 3374 juberet
2415 3319 2671 3375 surgere,
2700 3320 2763 3359 ac
2804 3305 2984 3360 videre
3022 3322 3141 3376 quze
3188 3315 3308 3376 post
3347 3308 3538 3361 multas
3574 3318 3758 3362 :etates

2169 3397 2372 3453 civibus
2395 3406 2573 3453 essent
2599 3406 2857 3453 eventura
2880 3416 2894 3452 :
2914 3406 3093 3453 erecto
3123 3406 3473 3454 monstratum
3502 3400 3576 3452 ait
3596 3399 3756 3454 fuisse

2169 3493 2387 3547 arietem
2419 3492 2706 3563 ingentem,
2741 3492 2824 3546 cui
2869 3491 3034 3547 multa
3062 3491 3276 3562 quidem
3325 3501 3477 3547 enata
3507 3492 3612 3547 sint
3637 3507 3756 3546 eor-

2169 3599 2294 3651 nus,
2338 3584 2430 3640 sed
2460 3585 2648 3638 horum
2677 3593 3002 3655 postremum
3027 3585 3288 3640 excelsius
3334 3582 3499 3639 fuisse
3524 3585 3750 3639 caeteris.

2167 3676 2369 3731 Deinde
2394 3677 2673 3732 sustulisse
2714 3676 2899 3732 oculos
2923 3677 2990 3732 ad
3017 3691 3285 3742 occasum,
3315 3675 3617 3746 vidisseque
3641 3675 3754 3729 Itir-

2167 3782 2311 3835 cum,
2339 3768 2428 3837 qui
2456 3784 2550 3838 per
2574 3783 2750 3822 aerem
2781 3769 2978 3838 impetu
3003 3766 3291 3822 ferebatur.
3325 3766 3477 3821 Hunc
3505 3781 3751 3836 congres-

2167 3874 2286 3914 sutn
2336 3859 2504 3914 fuisse
2546 3873 2666 3914 cum
2710 3859 2898 3925 ariete,
2946 3867 3000 3914 et
3030 3858 3278 3912 cornibus
3309 3859 3468 3912 ictum
3519 3860 3600 3912 his
3628 3875 3750 3914 eum

2167 3951 2220 4004 in
2249 3959 2442 4004 terram
2485 3949 2764 4018 dejeeisse,
2808 3951 3273 4020 conculcasseque.
3309 3950 3505 4004 Deinde
3546 3949 3747 4003 hircum

2165 4039 2331 4096 fuisse
2355 4043 2523 4094 visum
2547 4041 2915 4103 excelsiorem,
2939 4056 2969 4095 e
2990 4039 3164 4095 fronte
3186 4041 3560 4110 producentem
3583 4057 3746 4095 cornu

2166 4135 2492 4200 maximum;
2541 4150 2606 4189 eo
2655 4133 2841 4196 fracto,
2885 4134 2983 4188 alia
3029 4135 3326 4189 excrevisse
3371 4143 3632 4204 quatuor,
3682 4134 3743 4187 ad

2165 4224 2401 4294 singulos
2441 4223 2661 4278 obversa
2703 4233 2909 4278 ventos.
2959 4223 3033 4277 Ex
3062 4223 3146 4278 his
3186 4234 3360 4278 autem
3391 4223 3532 4278 aliud
3574 4224 3744 4278 minus

2165 4324 2404 4370 exortum
2433 4315 2595 4370 fuisse
2620 4317 2850 4386 scripsit,
2891 4315 3029 4383 quod
3059 4315 3296 4368 increvit.
3333 4316 3546 4369 Dicebat
3570 4325 3740 4369 autem

2164 4405 2254 4474 qui
2300 4405 2414 4459 haec
2460 4405 2531 4459 illi
2577 4405 2890 4460 ostendebat
2931 4405 3100 4469 Deus,
3151 4404 3385 4458 futurum
3436 4415 3491 4458 ut
3532 4417 3741 4474 gentem

2168 4497 2331 4565 ipsius
2354 4496 2660 4557 debellaret,
2693 4497 2878 4551 urbem
2908 4495 2960 4550 vi
3003 4504 3237 4564 caperet,
3272 4496 3523 4564 templum
3548 4496 3741 4564 expila-

2164 4596 2266 4653 ret,
2312 4601 2462 4640 sacra
2499 4587 2805 4656 prohiberet
2833 4604 2845 4640 :
2874 4585 3106 4640 futurttm
3146 4596 3324 4641 autem
3353 4587 3417 4641 ad
3461 4587 3576 4641 dies
3604 4587 3742 4642 mille

2163 4679 2419 4733 ducentos
2451 4680 2754 4749 nonaginta.

2234 4767 2522 4839 Explicatio
2552 4769 2756 4823 visionis
2787 4768 3031 4823 Danielis.
3061 4798 3133 4809 —
3160 4768 3284 4825 Haec
3330 4769 3543 4839 quidem
3571 4786 3631 4824 se
3670 4771 3741 4823 vi-

2163 4859 2306 4914 disse
2353 4859 2404 4913 in
2432 4875 2618 4929 campo
2651 4860 2799 4929 juxta
2845 4859 3009 4914 Susas
3057 4859 3240 4927 Daniel
3269 4860 3484 4930 scripsit
3517 4879 3532 4914 :
3559 4875 3739 4916 eorum

2161 4959 2338 5004 autem
2365 4965 2481 5018 quae
2515 4965 2608 5018 per
2632 4950 2801 5003 visum
2841 4958 3210 5020 apparuerant,
3243 4964 3273 5002 a
3304 4949 3411 5004 Deo
3439 4950 3742 5019 explicatio.

2162 5055 2283 5094 nem
2311 5041 2530 5109 supplex
2577 5040 2744 5108 petiit,
2776 5040 3084 5109 didicitque,
3129 5041 3268 5110 quod
3306 5041 3446 5094 aries
3491 5040 3742 5095 indicaret

2160 5147 2320 5202 regna
2353 5133 2629 5187 Persarum
2655 5147 2718 5187 ac
2744 5132 3041 5197 Medorum,
3072 5148 3268 5188 Cornua
3296 5148 3424 5187 vero
3466 5149 3619 5203 reges
3661 5132 3739 5184 fu-

2161 5232 2326 5288 turos,
2353 5234 2646 5278 extrett‘tum
2669 5233 2844 5278 autem
2867 5238 3051 5288 cornu,
3077 5233 3400 5292 postremum
3429 5238 3610 5293 regem
3631 5223 3740 5278 fore

2222 5399 2238 5462 ξ
2276 5406 2384 5462 Post
2405 5399 2509 5449 hazc
2543 5399 2689 5462 verba
2722 5397 2924 5448 inferius
2958 5400 3125 5462 posita,
3167 5399 3342 5450 deinde
3365 5400 3606 5451 consecuti
3637 5406 3742 5452 sunt

2156 5459 2525 5520 relaxationem,
2570 5462 2616 5508 in
2641 5460 2797 5524 latina
2833 5459 3006 5524 ξηειίιὶ
3053 5463 3454 5524 interpretatione
3493 5462 3600 5524 haec
3628 5463 3741 5524 adji-

2155 5525 2347 5586 ciuntur
2369 5537 2381 5570 :
2409 5531 2508 5586 Nec
2520 5520 2725 5585 amplius
2748 5521 3066 5586 patiebantur,
3091 5520 3200 5586 qua}
3237 5523 3406 5586 merito
3421 5520 3736 5586 patiebantur,

2165 5583 2248 5648 qui
2271 5597 2363 5632 non
2387 5582 2710 5648 perdurartmt
2745 5583 2795 5633 in
2815 5591 3030 5648 tempore
3047 5582 3319 5648 certaminis
3360 5582 3427 5633 ac
3454 5583 3738 5648 probationis

2222 5643 2394 5710 norum
2414 5657 2473 5710 ac
2494 5643 2746 5704 malorum,
2770 5653 2821 5695 ut
2841 5643 3082 5710 instabiles
3123 5645 3346 5710 inﬂbono,
3372 5643 3739 5710 teniporariique

2153 5706 2299 5779 amici
2316 5707 2657 5779 reperirentur:
2669 5717 2781 5765 Quae
2792 5721 2900 5756 cum
2923 5708 2976 5779 in
2984 5707 3116 5756 nullo
3132 5709 3263 5779 edito
3277 5719 3438 5772 graec
3453 5706 3502 5757 iu
3514 5706 3733 5770 nulloque

2157 5777 2262 5822 Mss.
2290 5776 2614 5832 reperiantur,
2633 5776 2747 5831 jure
2771 5776 3013 5832 expuncta
3035 5776 3164 5820 sunt.
