4084 6186
364 260 467 313 897

365 391 455 463 qui
480 391 580 446 hos
631 400 818 441 omnes
861 398 1216 456 przecessurus
1259 391 1400 438 esset
1446 391 1556 438 tum
1598 382 1788 452 opibus
1834 392 1944 435 tum

360 480 547 549 gloria.
574 477 837 531 Cteternm
864 476 1042 531 hircus
1059 474 1453 545 signiﬁcabatet
1470 488 1533 527 ex
1554 470 1754 528 Graacis
1782 471 1947 523 oritu-

361 583 478 622 rum
511 581 708 636 regem,
741 566 828 635 qui
856 565 939 618 bis
966 577 1284 633 congressus
1309 577 1428 617 cum
1459 562 1618 616 Persa
1649 561 1830 631 prmlio
1857 575 1947 613 su-

364 672 592 731 peraret,
626 659 896 713 ablaturus
925 658 1230 712 universum
1263 657 1403 711 illius
1451 639 1824 725 principatum.
1855 654 1945 709 Si-

363 751 667 822 gnificatum
698 760 873 803 autem
906 748 1068 803 fuisse
1096 765 1190 818 per
1215 749 1441 817 primum
1481 762 1729 817 magnum
1756 761 1942 809 cornu,

365 841 504 911 quod
534 849 651 895 eral
680 839 732 892 in
765 838 936 893 fronte
979 839 1132 904 hirci,
1164 840 1388 907 primum
1418 853 1615 906 regem,
1644 846 1698 890 et
1723 847 1948 905 quatuor

364 933 576 985 illorum
616 938 879 985 exortum.
930 929 1025 982 lllo
1051 938 1225 983 autem
1272 927 1451 981 exciso
1494 926 1773 996 signiﬁcari
1799 926 1945 995 juxta

364 1031 590 1092 quatuor
612 1036 806 1075 cornua
834 1019 1158 1089 singulorum
1180 1033 1543 1073 successorum
1566 1024 1805 1071 exortum
1832 1023 1949 1082 post

365 1121 591 1165 mortem
627 1110 783 1179 primi
824 1111 982 1179 regis,
1018 1109 1236 1178 foroque
1282 1117 1341 1162 ut
1380 1123 1598 1177 regnum
1633 1107 1772 1160 illius
1809 1107 1949 1159 inter

365 1201 564 1254 mullos
606 1198 948 1265 divideretur,
999 1188 1427 1268 quandoquidem
1471 1198 1669 1266 primus
1717 1196 1805 1250 ille
1852 1210 1950 1249 nec

367 1291 505 1345 ﬁlios
549 1306 647 1345 nec
695 1291 881 1345 fratres
936 1300 1079 1345 esset
1125 1290 1418 1354 habiturus,
1466 1304 1661 1358 eosque
1709 1288 1948 1358 pluribus

367 1383 521 1436 annis
569 1391 879 1451 regnaturos
924 1382 975 1434 in
1020 1381 1149 1435 orbe
1195 1389 1470 1435 terrarum.
1518 1379 1594 1432 Ex
1642 1378 1723 1432 his
1767 1394 1950 1433 rursus

367 1480 675 1524 exerturum
716 1486 895 1540 regem
941 1470 1243 1539 quemdam,
1274 1471 1359 1539 qui
1391 1478 1781 1539 expugnaturus
1811 1476 1953 1523 esset

369 1560 585 1630 etleges
611 1561 752 1613 illius
775 1560 967 1629 gentis,
991 1570 1042 1615 et
1068 1560 1375 1628 religionem
1394 1574 1456 1614 ac
1480 1559 1610 1613 ritus
1626 1559 1948 1623 sublaturus,

370 1658 480 1703 tum
533 1650 808 1720 sacrilegio
854 1652 1173 1719 Spoliaturus
1218 1651 1500 1720 templum,
1554 1665 1616 1703 ac
1664 1649 1948 1704 triennium

370 1740 626 1794 vetiturus
651 1740 763 1795 ﬁeri
791 1756 961 1796 sacra.
995 1741 1120 1795 Haec
1147 1756 1275 1795 sane
1301 1750 1491 1794 vestra:
1516 1741 1654 1810 genti
1694 1739 1802 1807 jam
1849 1738 1952 1807 pati

369 1830 590 1898 contigit
628 1830 696 1884 ab
733 1830 995 1884 Antiocho
1039 1829 1330 1898 Epiphane,
1372 1830 1510 1884 sicut
1546 1829 1732 1883 Daniel
1777 1828 1953 1882 multis

374 1929 499 1973 ante
522 1920 675 1972 annis
717 1919 992 1990 prmdixit,
1021 1920 1334 1989 scripsitque
1363 1929 1636 1974 eventura.

451 2010 504 2063 9.
535 2011 644 2080 Age
686 2011 809 2081 quid
839 2011 920 2065 his
948 2011 1110 2080 possit
1136 2024 1254 2066 esse
1281 2011 1618 2065 evidentius?
1646 2010 1792 2064 Nunc
1818 2019 1954 2063 tem-

372 2117 473 2171 pus
499 2111 596 2166 est,
621 2103 718 2156 nisi
744 2102 985 2156 videmur
1009 2117 1125 2156 esse
1154 2103 1385 2169 molesti,
1411 2111 1460 2157 ut
1487 2102 1550 2156 ad
1576 2102 1623 2155 id
1646 2102 1784 2171 quod
1812 2118 1959 2170 qum-

372 2195 592 2249 rebatur
635 2204 983 2258 revertamur,
1042 2196 1176 2248 hanc
1229 2204 1543 2263 przrsentem
1593 2194 1953 2263 captivitatem

374 2299 440 2340 ac
484 2285 787 2339 servitutem
837 2285 1169 2349 hodiernam,
1211 2284 1363 2354 cujus
1407 2284 1572 2354 gratia
1616 2283 1731 2337 lucc
1779 2282 1954 2337 omnia

375 2379 662 2433 movimus.
710 2378 948 2448 Agedum
1014 2379 1172 2447 igitur
1212 2392 1351 2431 nunc
1391 2377 1722 2446 vigilantibus
1769 2373 1959 2428 animis

376 2470 716 2527 auscultate:
751 2485 852 2523 11110
901 2469 1040 2522 enim
1095 2467 1246 2522 nobis
1301 2482 1394 2536 pro
1443 2470 1601 2520 rebus
1659 2465 1958 2535 vulgaribus

377 2572 649 2618 certamen
679 2571 782 2614 est.
811 2560 1111 2613 Absurdum
1140 2558 1280 2612 enim
1323 2559 1479 2611 fuerit
1508 2557 1640 2611 alios
1665 2558 1716 2610 in
1742 2556 1960 2610 theatris

378 2650 626 2705 sedentes
666 2648 985 2717 Olympiacis
1009 2662 1038 2700 a
1068 2646 1238 2699 media
1289 2654 1441 2699 nocte
1486 2660 1652 2714 usque
1679 2644 1745 2699 ad
1793 2644 1952 2698 meri-

380 2741 520 2793 diem
551 2739 857 2808 perdurare,
887 2746 1255 2805 exspectantes
1278 2744 1336 2788 ut
1375 2735 1608 2800 videant,
1637 2735 1721 2789 cui
1748 2749 1961 2789 cessura

380 2832 449 2884 sit
502 2845 717 2895 corona,
771 2829 1015 2898 nudoque
1061 2828 1234 2895 capite
1299 2828 1551 2896 excipere
1596 2827 1793 2880 calidos
1837 2827 1963 2880 solis

382 2921 578 2983 radios,
611 2934 709 2974 nec
739 2921 881 2988 prius
920 2918 1228 2983 abscedere,
1260 2933 1415 2987 quam
1445 2917 1511 2971 de
1539 2916 1827 2971 certamine
1855 2915 1965 2971 fue-

383 3013 451 3065 rit
479 3011 882 3082 pronunciatum
913 3028 926 3062 :
958 3024 1054 3063 nos
1085 3024 1210 3062 vero
1242 3023 1399 3074 nunc,
1443 3023 1561 3061 cum
1600 3017 1865 3061 certamen
1898 3008 1965 3060 sit

385 3117 488 3157 non
516 3118 611 3173 pro
635 3102 723 3156 tali
748 3116 964 3167 corona,
1000 3099 1093 3154 sed
1138 3116 1232 3169 pro
1256 3113 1452 3153 corona
1483 3099 1787 3164 immortali,
1821 3097 1965 3151 defa-

388 3193 540 3264 tigari
570 3208 631 3247 ac
671 3192 829 3245 tmdio
875 3189 1032 3244 afﬁci.
1083 3189 1263 3258 Itaque
1301 3188 1441 3258 quod
1489 3198 1595 3242 tres
1636 3188 1967 3256 captivitates

386 3284 654 3355 praedicta:
701 3281 898 3338 fuerint
933 3289 1215 3352 antequam
1245 3279 1562 3345 acciderent,
1590 3293 1692 3332 una
1723 3295 1839 3348 qu.e
1868 3293 1967 3332 an-

388 3392 488 3430 nos
514 3375 741 3429 habebat
760 3374 1197 3444 quadringentos,
1221 3372 1385 3426 altera
1412 3372 1760 3440 septuaginta,
1791 3371 1965 3438 tertia,

390 3476 502 3521 tres
531 3481 594 3521 ac
623 3465 975 3530 dimidiatum,
1023 3463 1279 3518 hactenus
1308 3463 1436 3517 satis
1461 3471 1544 3517 est
1573 3461 1723 3516 nobis
1747 3461 1969 3517 demon-

390 3565 634 3610 stratum.
681 3556 791 3624 Age
826 3562 1069 3624 superest
1094 3563 1152 3607 ut
1179 3562 1234 3608 et
1257 3553 1327 3607 de
1370 3552 1471 3607 hac
1495 3553 1791 3622 loquamur.
1820 3552 1970 3620 Quod

390 3648 532 3701 enim
558 3655 615 3702 et
653 3646 720 3702 de
745 3647 846 3701 hac
870 3646 1184 3700 vaticinatus
1220 3644 1288 3698 sit
1311 3643 1587 3715 propheta,
1619 3658 1800 3699 rursus
1825 3659 1973 3698 eum-

391 3738 510 3793 dem
537 3737 825 3806 Josephum
853 3737 1175 3791 adducamus
1206 3744 1415 3802 testem,
1444 3736 1533 3804 qui
1560 3751 1679 3790 cum
1720 3736 1822 3789 illis
1855 3734 1970 3805 (Ju—

395 3826 549 3897 deris)
592 3828 771 3883 sentit.
802 3826 1084 3896 Postquam
1130 3827 1273 3882 enim
1319 3827 1405 3879 illa
1435 3826 1658 3889 dixerat,
1689 3825 1809 3879 audi
1847 3825 1972 3894 quid

394 3928 512 3988 post
552 3918 836 3987 subjiciat:
867 3917 1069 3972 Eodem
1116 3925 1315 3983 autem,
1363 3916 1549 3986 inquit,
1582 3917 1742 3970 modo
1792 3915 1973 3970 Daniel

391 4022 447 4068 et
490 4014 557 4068 de
602 4012 960 4067 Romanorum
1003 4011 1298 4082 principatu
1343 4010 1573 4080 scripsit,
1620 4009 1865 4079 quodque
1908 4008 1975 4062 ab

390 4105 501 4160 illis
542 4102 776 4159 tollenda
805 4111 949 4158 esset
984 4102 1335 4173 Jerosolyma,
1367 4116 1429 4156 ac
1452 4100 1797 4155 desolandum
1844 4109 1977 4154 tem-

391 4198 565 4268 plum.
612 4195 691 4249 Tu
723 4208 849 4249 vero
898 4193 1025 4248 illud
1066 4192 1193 4247 mihi
1240 4191 1537 4257 considera,
1584 4192 1723 4260 quod
1769 4190 1974 4244 tametsi

391 4290 614 4346 Jndteus
656 4297 798 4342 esset
841 4288 886 4342 is
928 4286 1164 4355 qui'ha-c
1205 4286 1432 4356 scripsit,
1465 4295 1640 4339 tamen
1670 4284 1870 4338 veritus
1896 4291 1977 4337 est

400 4390 639 4434 vestram
683 4378 875 4431 imitari
922 4376 1289 4445 pervicaciam.
1334 4376 1543 4430 Etenim
1572 4389 1691 4430 cum
1722 4373 1974 4438 dixisset,

395 4468 809 4528 subvertendam
865 4483 983 4523 esse
1039 4467 1422 4538 Jerosolymam
1448 4508 1462 4530 ,
1514 4482 1623 4521 non
1685 4481 1848 4521 ausus
1897 4476 1977 4521 est

397 4564 617 4627 addere,
644 4561 784 4632 quod
811 4571 953 4616 esset
975 4559 1319 4625 restituenda,
1345 4574 1515 4628 neque
1538 4568 1742 4629 tempus
1765 4558 1975 4628 aliquod

396 4663 605 4709 certum
653 4651 1035 4721 praescribere;
1067 4650 1159 4704 sed
1203 4649 1452 4719 quoniam
1482 4649 1700 4717 sciebat,
1744 4649 1979 4718 prophe-

400 4754 507 4798 tam
572 4757 678 4797 non
731 4740 1022 4811 praeﬁnisse
1078 4750 1322 4808 tempus,
1373 4753 1690 4807 quamquam
1734 4740 1977 4808 superius

399 4851 655 4892 enarrans
687 4835 932 4890 Antiochi
960 4834 1232 4889 victoriam
1258 4847 1320 4887 ac
1353 4831 1755 4895 desolationem,
1786 4842 1840 4885 et
1866 4831 1978 4885 dies

399 4938 451 4985 et
479 4943 653 4983 annos
681 4935 1038 4997 expresserat,
1070 4927 1209 4996 quot“
1226 4925 1503 4994 captivitas
1528 4930 1670 4977 esset
1694 4922 1975 4976 duratura:

401 5018 466 5073 de
514 5018 737 5073 victoria
802 5019 1158 5072 Romanorum
1225 5015 1355 5070 nihil
1393 5011 1690 5069 istiusmodi
1732 5012 1980 5083 loquutus

403 5117 482 5163 est
516 5127 530 5163 :
559 5108 651 5164 sed
678 5108 816 5179 quod
845 5118 986 5163 esset
1009 5109 1064 5162 in
1088 5106 1427 5163 solitudinem
1455 5104 1740 5173 redigenda
1769 5102 1983 5157 ⁴1010811-

404 5199 562 5268 lyma,
597 5199 954 5268 templumque
998 5197 1331 5252 diruendam.
1370 5196 1631 5255 Cteterum
1657 5192 1796 5263 quod
1839 5200 1976 5247 esset

405 5289 687 5358 aliquando
715 5297 968 5343 venturus
993 5288 1111 5343 ﬁnis
1138 5285 1480 5343 desolationis
1518 5300 1624 5340 non
1651 5281 1872 5346 addidit,
1916 5296 1981 5337 eo

405 5378 545 5447 quod
574 5378 798 5442 videret,
844 5394 912 5433 ne
959 5378 1268 5449 prophetam
1299 5377 1510 5446 quidem
1553 5375 1655 5430 hoc
1692 5372 1977 5428 addidisse.

409 5468 534 5523 11100
577 5478 752 5523 autem
800 5470 1000 5534 omnia,
1031 5469 1126 5533 ait,
1177 5469 1285 5521 Deo
1328 5467 1427 5535 ipsi
1470 5471 1818 5528 monstrante,
1855 5476 1980 5516 con-

408 5559 600 5628 scripta
628 5558 860 5629 reliquit,
886 5570 946 5613 ut
970 5560 1056 5630 qui
1087 5559 1311 5629 legerint
1335 5567 1386 5614 et
1413 5557 1654 5613 evenisse
1685 5568 1972 5624 conspexe.

409 5649 533 5711 rint,
586 5648 857 5705 Danielem
899 5649 1225 5708 admirentur
1249 5647 1319 5703 ob
1367 5647 1623 5703 honorem
1669 5646 1741 5702 illi
1791 5660 1819 5698 a
1873 5644 1980 5699 Deo

1594 264 1955 322 ADVERSL'S
2014 266 2291 324 JL'DrEUS
2329 268 2392 323 V.

3520 275 3625 332 898

2055 380 2307 434 habitum.
2332 380 2429 435 Ubi
2460 380 2617 451 igitur
2640 380 2833 439 dixerit
2878 381 3080 449 Daniel,
3123 382 3235 440 fore
3271 393 3327 438 ut
3374 389 3628 453 templum
3664 395 3668 398 ‘

2053 470 2382 540 redigeretur
2410 472 2460 525 in
2505 473 2862 537 solitudinem,
2913 489 3010 530 nos
3039 475 3290 545 deinceps
3319 478 3628 533 considere-

2052 573 2190 612 mus.
2226 558 2352 613 Nam
2385 560 2471 616 ubi
2503 563 2855 630 precationem
2895 564 3033 616 illuni
3078 565 3129 618 111
3177 580 3332 619 sacco
3363 574 3415 619 et
3450 567 3634 623 cinere

2055 648 2367 717 perfecerat,
2416 650 2561 704 venit
2602 650 2669 705 ad
2717 666 2836 705 eum
2887 652 3117 720 Gabriel,
3163 663 3218 708 et
3256 655 3329 710 ait
3363 673 3376 712 :
3407 654 3629 727 Septua-

2052 738 2189 808 ginta
2210 739 2542 793 hebdomades
2564 741 3009 797 abbreviatwsunt
3023 755 3177 807 super
3194 746 3438 814 populum
3465 755 3629 813 tuum,

2053 838 2101 882 et
2144 846 2297 898 super
2324 830 2567 882 civitatem
2601 843 2828 884 sanctam
2875 831 3033 902 (Dan.
3066 833 3119 888 9.
3164 833 3277 903 24).
3320 837 3476 899 Ecce,
3506 837 3589 891 hic
3613 878 3632 903 ,

2053 921 2222 990 inquit
2263 921 2487 990 aliquis,
2520 932 2572 976 et
2606 934 2814 992 tempus
2858 940 3167 995 expressum
3217 936 3320 983 est.
3367 927 3631 997 Tempus,

2053 1028 2157 1067 non
2187 1013 2524 1083 captivitatis,
2557 1015 2650 1068 sed
2696 1024 2814 1084 post
2842 1027 3091 1085 quantum
3124 1019 3376 1088 temporis
3401 1021 3634 1075 reditura

2054 1110 2196 1156 esset
2238 1103 2533 1171 captivitas.
2579 1104 2736 1159 Aliud
2778 1122 2903 1160 vero
2946 1115 3153 1179 tempus
3183 1109 3464 1163 dicendum
3508 1118 3590 1164 est
3616 1152 3632 1174 ,

2055 1193 2304 1262 quamdiu
2353 1205 2493 1249 esset
2532 1194 2781 1250 duratura
2826 1198 3122 1267 captivitas,
3173 1217 3380 1254 rursum
3428 1211 3636 1271 tempus

2056 1291 2178 1351 post
2216 1284 2355 1353 quod
2401 1295 2543 1339 esset
2572 1294 2810 1340 ventura.
2842 1288 3196 1359 Septuaginta,
3224 1288 3413 1359 inquit,
3445 1291 3633 1344 hebdo-

2057 1374 2228 1428 madas
2256 1376 2555 1428 alibreviatw
2575 1386 2689 1431 sunt
2716 1394 2867 1447 super
2911 1381 3153 1448 populum
3181 1391 3317 1433 tuum
3349 1399 3367 1434 :
3399 1398 3500 1434 non
3525 1382 3635 1451 jam

2055 1477 2215 1531 super
2237 1465 2488 1535 populum
2507 1482 2703 1521 meum.
2728 1469 2882 1538 Atqui
2903 1470 3157 1538 propheta
3174 1469 3398 1532 dixerat,
3423 1469 3639 1524 Ostende

2055 1553 2234 1623 faciem
2256 1567 2391 1609 tuam
2410 1573 2562 1626 super
2584 1559 2825 1627 populum
2850 1568 3010 1625 tuum,
3038 1560 3129 1613 sed
3155 1560 3294 1613 Deus
3322 1561 3464 1614 illum
3495 1573 3637 1629 post-

2057 1644 2157 1699 hac
2185 1661 2277 1714 pro
2297 1646 2469 1701 alieno
2495 1647 2640 1701 ducit
2672 1658 2888 1718 propter
2920 1649 3148 1703 futuram
3178 1650 3471 1703 audaciam.
3513 1651 3635 1703 Mox

2056 1746 2112 1791 et
2154 1753 2366 1792 causam
2407 1742 2696 1808 exprimit:
2726 1738 2897 1793 Donec
2954 1742 3236 1809 antiquetur
3279 1741 3548 1808 delictum,
3594 1754 3640 1795 t’t

2058 1839 2429 1883 consummetur
2451 1841 2726 1900 peccatum.
2752 1831 2885 1898 Quid
2913 1841 2993 1885 est
3020 1831 3138 1897 hoc,
3157 1831 3313 1885 donec
3332 1849 3642 1887 consumme-

2060 1927 2141 1972 tur
2183 1921 2477 1989 peccatum?
2518 1920 2696 1986 Multa,
2740 1921 2929 1990 inquit,
2978 1931 3215 1990 peccant,
3258 1921 3351 1977 sed
3381 1921 3641 1976 malormn

2059 2010 2322 2081 fastigium
2355 2021 2477 2066 tunc
2522 2013 2653 2080 erit,
2680 2028 2799 2067 cum
2834 2014 3107 2068 Dominum
3138 2029 3288 2069 suum
3331 2015 3640 2070 occiderint.

2062 2103 2125 2156 Et
2155 2104 2253 2157 hoc
2282 2103 2415 2157 dixit
2454 2103 2695 2158 Christus
2724 2123 2737 2159 :
2764 2104 2983 2173 [inplete
3022 2123 3300 2159 mensuram
3328 2117 3527 2178 patrum
3558 2124 3641 2161 υθ-
3702 2086 3717 2107 ἱ

2062 2204 2281 2247 strorum
2316 2192 2525 2264 (Matth.
2570 2196 2660 2249 25.
2694 2194 2809 2263 '52).
2841 2195 3034 2250 Servos
3060 2197 3347 2264 occidistis,
3390 2197 3565 2252 addite
3591 2208 3644 2253 et

2065 2284 2273 2339 Domini
2322 2287 2653 2355 sanguinem.
2700 2284 2832 2341 Vide
2873 2286 3139 2356 quomodo
3168 2287 3489 2343 concordant
3516 2303 3644 2344 sen-

2063 2376 2262 2430 tentias.
2305 2375 2548 2430 Christus
2592 2375 2756 2441 dixit,
2802 2375 3003 2445 implete
3029 2392 3047 2430 :
3073 2379 3327 2447 propheta
3368 2379 3475 2441 ait,
3522 2395 3645 2433 con-

2061 2476 2340 2520 summatur
2377 2481 2633 2537 peceatum
2664 2477 2716 2521 et
2759 2468 3018 2538 signentur
3059 2479 3281 2538 peccata.
3328 2470 3463 2535 Quid
3504 2471 3643 2525 enim

2061 2565 2163 2622 est,
2193 2559 2451 2626 signentur
2470 2559 2496 2612 ?
2517 2557 2594 2613 Ne
2620 2558 2744 2628 quid
2776 2567 3027 2628 praiterea
3053 2560 3307 2629 reliquum
3332 2560 3437 2613 ﬁat.
3469 2559 3534 2612 Et
3555 2561 3648 2612 ad-

2064 2648 2215 2702 ducat
2239 2649 2492 2720 justitiam
2536 2650 2907 2719 sempiternam.
2939 2649 3071 2717 Quid
3116 2661 3293 2704 autem
3324 2659 3408 2704 est
3434 2659 3632 2703 teterna

2060 2741 2285 2810 justitia,
2327 2741 2428 2795 nisi
2471 2757 2590 2811 qua:
2619 2757 2651 2795 a
2679 2740 2893 2795 Christo
2923 2742 3040 2796 data
3085 2744 3203 2797 est?
3232 2742 3295 2796 Et
3328 2742 3483 2795 donec
3512 2744 3647 2794 obsi-

2067 2842 2248 2904 gnetur
2270 2833 2392 2887 uisio
2415 2844 2461 2887 et
2481 2834 2723 2904 propheta
2746 2845 2788 2888 et
2810 2836 3081 2906 inungatur
3101 2844 3302 2890 sanctus
3321 2845 3605 2888 sanctormu
3630 2847 3645 2886 :

2069 2922 2172 2977 hoc
2196 2930 2297 2988 est,
2321 2923 2506 2976 sistere
2528 2931 2738 2990 oportet
2764 2925 2983 2992 posthac
3011 2924 3312 2994 prophetias
3342 2964 3354 2977 .
3388 2923 3488 2978 hoc
3509 2925 3648 2977 enim

2069 3023 2152 3066 est
2178 3012 2477 3081 obsignare,
2516 3015 2706 3067 sistere
2758 3013 3083 3079 unctionem,
3134 3014 3322 3068 sistere
3365 3014 3647 3067 visionem.

2070 3103 2192 3158 Ideo
2236 3103 2477 3158 Christus
2502 3103 2633 3156 dixit
2662 3120 2677 3156 :
2708 3101 2817 3157 Lex
2840 3112 2884 3156 et
2910 3103 3164 3172 praplieta:
3191 3119 3343 3173 usque
3382 3103 3450 3156 ad
3484 3102 3648 3155 Joan-

2069 3209 2183 3247 nem
2230 3192 2340 3262 (ld.
2394 3194 2478 3248 11.
2514 3192 2622 3263 15).
2669 3191 2832 3247 Vides
2872 3200 2930 3246 ut
2982 3192 3096 3247 11100
3143 3193 3501 3247 omnimodam
3548 3194 3649 3245 mi—

2071 3293 2265 3340 nentur
2307 3285 2709 3347 desolationem,
2736 3299 2799 3338 ac
2841 3283 3104 3338 scelerum
3147 3282 3651 3348 malefacturumque

2071 3376 2377 3431 vindictam.
2422 3375 2537 3430 Non
2578 3375 2718 3430 enim
2764 3373 3088 3428 indulturum
3135 3388 3228 3440 se,
3276 3371 3370 3427 sed
3422 3374 3651 3426 ulturum

2073 3477 2286 3536 pecea’a
2316 3467 2547 3533 illorum,
2575 3466 2807 3520 minatur
2839 3465 2998 3519 Deus.

2147 3557 2236 3611 10.
2269 3556 2491 3624 Quando
2520 3555 2730 3610 tandem
2776 3555 2879 3608 hoc
2908 3554 3098 3608 factum
3125 3552 3250 3609 est?
3277 3552 3500 3620 Quando
3527 3566 3653 3622 pro-

2075 3646 2266 3717 phetiae
2290 3661 2508 3715 prorsus
2537 3646 2796 3701 sublata}?
2835 3645 3057 3713 Quando
3089 3646 3269 3699 unctio
3310 3646 3387 3699 sic
3413 3653 3497 3700 est
3524 3647 3654 3699 sub-

2077 3739 2203 3808 lata,
2231 3748 2289 3794 ut
2313 3754 2596 3809 numquam
2631 3738 2701 3793 sit
2729 3737 3005 3793 reditura?
3047 3738 3113 3792 Et
3140 3736 3187 3791 si
3226 3751 3323 3793 nos
3366 3737 3615 3791 sileamus
3638 3776 3655 3798 ,

2076 3830 2177 3901 ipsi
2229 3829 2430 3899 lapides
2493 3829 2794 3883 clamabunt
2836 3847 2850 3883 :
2893 3828 3027 3882 adeo
3079 3827 3354 3882 manifesta
3413 3834 3495 3881 est
3545 3826 3654 3895 ipsa

2075 3938 2253 3978 rerum
2280 3937 2381 3975 vox
2406 3938 2419 3984 ;
2451 3935 2550 3975 nec
2579 3920 2720 3975 enim
2751 3927 2966 3989 possunt
2994 3917 3132 3971 aliud
3159 3926 3366 3986 tempus
3395 3915 3654 3986 proferre,

2076 4027 2183 4082 quo
2204 4011 2318 4068 haec
2345 4021 2491 4081 gesta
2521 4016 2663 4075 sunt,
2711 4024 2866 4078 quam
2906 4007 3009 4063 hoc
3037 4007 3248 4075 longum
3277 4021 3341 4060 ac
3369 4020 3611 4074 magnum
3638 4045 3655 4070 ,

2080 4102 2174 4158 sed
2220 4102 2391 4172 majus
2432 4102 2590 4156 etiam
2641 4099 2894 4154 futurum.
2942 4095 3186 4151 Posthmc
3226 4096 3461 4148 exactius
3499 4094 3656 4149 etiam

2079 4193 2147 4249 de
2172 4192 2254 4247 his
2283 4194 2523 4262 loquens,
2556 4191 2629 4244 ait
2659 4206 2673 4243 :
2704 4188 2770 4243 Et
2792 4200 3062 4258 ‘rognosces
3090 4196 3136 4241 et
3166 4186 3409 4256 intelliges
3433 4185 3494 4238 ab
3523 4187 3657 4239 exim

2079 4284 2339 4347 sermonis,
2381 4291 2435 4336 ut
2458 4278 2831 4349 respondeatur,
2861 4288 3010 4347 utque
3035 4277 3309 4346 azdiﬁcetur
3332 4275 3611 4329 Jerusalem
3639 4316 3656 4341 ,

2082 4390 2239 4443 usque
2257 4373 2325 4426 ad
2370 4370 2845 4434 Christunulucem,
2866 4367 3197 4421 hebdomades
3225 4374 3433 4435 septem,
3458 4372 3505 4417 et
3543 4363 3658 4416 heb-

2082 4466 2320 4522 domadas
2346 4465 2607 4534 sexaginta
2634 4462 2751 4515 dua:
2772 4460 2931 4531 (Dan.
2968 4460 3022 4515 9.
3045 4460 3160 4528 Q5).

2152 4555 2440 4628 Explicatio
2468 4552 2834 4607 hebdomadam
2860 4549 3104 4604 Danielis.
3134 4579 3204 4589 —
3241 4548 3335 4603 1110
3363 4547 3489 4601 mihi
3534 4545 3659 4600 dili-

2081 4658 2270 4719 genter
2309 4646 2621 4709 auscultate,
2654 4658 2774 4697 nam
2802 4649 2887 4696 est
2915 4642 3073 4695 totius
3101 4639 3411 4711 qumstionis
3454 4636 3615 4692 cardo
3646 4652 3659 4688 :

2083 4739 2440 4795 hebdomades
2486 4748 2686 4806 septem
2735 4742 2790 4790 et
2831 4732 3188 4788 hcbdomades
3228 4730 3495 4798 sexaginta
3542 4726 3661 4780 duae

2083 4828 2371 4884 conﬁciunt
2417 4840 2585 4880 annos
2632 4822 3046 4893 quadringentos
3079 4819 3341 4888 octoginta
3385 4826 3512 4869 tres.
3555 4813 3662 4868 Nec

2084 4921 2225 4977 enim
2254 4920 2340 4974 hic
2366 4918 2488 4973 dicit
2521 4917 2879 4972 hebdomadas
2903 4915 3107 4969 dierum
3137 4920 3230 4966 aut
3258 4909 3539 4969 mensium,
3567 4905 3661 4960 sed

2085 5013 2390 5069 annorum‘.
2443 5010 2573 5065 Nam
2603 5008 2796 5080 aCyro
2841 5021 3010 5076 usque
3054 5003 3121 5058 ad
3172 5001 3488 5057 Antiochum
3530 4997 3651 5066 Epi-

2085 5103 2312 5174 phanem
2342 5084 2399 5156 et
2423 5100 2778 5170 captivitatem
2818 5098 2958 5151 illam
2988 5103 3108 5151 sunt
3151 5093 3274 5148 anni
3320 5088 3538 5144 trecenti
3567 5100 3659 5141 no-

2084 5192 2297 5263 naginta
2349 5200 2595 5261 quatuor.
2646 5188 2825 5258 Itaque
2867 5186 3144 5241 declarans
3195 5196 3254 5236 se
3301 5195 3406 5233 non
3456 5178 3522 5231 de
3574 5177 3660 5230 illa

2085 5287 2268 5356 templi
2311 5284 2636 5341 desiilatione
2662 5281 2829 5351 loqui,
2856 5280 2951 5335 sed
2980 5294 3065 5340 ea,
3094 5290 3212 5347 quae
3252 5274 3346 5328 fuit
3372 5281 3491 5341 post
3518 5270 3659 5325 illam

2086 5379 2185 5434 sub
2212 5377 2484 5446 Pompeio,
2533 5371 2858 5440 Vespasiano
2907 5378 2959 5423 et
3003 5367 3143 5433 Tito,
3194 5363 3413 5418 ulterius
3462 5358 3661 5431 profert

2148 5529 2170 5562 ι
2201 5533 2312 5577 Haec
2337 5537 2570 5575 annorum
2589 5523 2862 5585 supputatio
2881 5532 2909 5569 a
2928 5529 3044 5585 cyro
3065 5518 3125 5566 ad
3149 5517 3424 5585 Antiochum
3461 5512 3661 5585 Epitha:

2088 5573 2539 5650 nemwinagnisvest
2565 5573 2919 5650 difﬁeultatihus
2953 5573 3195 5650 obnoxia,
3239 5585 3295 5650 ut
3333 5573 3506 5650 videas

2094 5641 2416 5710 Chl‘bnolo'gos
2436 5650 2754 5705 recentiores,
2778 5644 3087 5704 Scaliger-utr,
3110 5641 3370 5701 Pctavium,
3398 5641 3653 5686 Usseriutn.
