4084 6186
448 249 552 304 R99

451 381 683 438 tempus,
717 377 948 434 moxque
991 361 1190 418 docens
1235 374 1353 427 nos,
1386 357 1525 413 unde
1569 366 1812 427 oporteat
1843 373 2041 426 suppu-

450 471 586 527 tare,
618 459 1066 514 demonstratnon
1094 469 1211 510 esse
1233 451 1618 507 numerandum
1646 467 1676 504 a
1699 448 1786 504 die
1815 449 2038 517 reditus,

449 550 554 606 Sed
585 547 724 604 unde
772 547 1031 602 tandem?
1061 547 1134 599 Ab
1164 544 1300 598 exitu
1329 542 1599 605 sermonis,
1631 550 1687 594 ut
1733 540 2042 610 respondea-

450 651 549 703 tur.
579 653 623 694 et
643 641 922 707 wdiﬁeetur
953 638 1258 692 Jerusalem.
1292 638 1360 690 At
1389 649 1494 689 non
1523 633 1616 688 fuit
1646 641 1918 688 exSIructa
1945 632 2044 687 sub

449 732 610 802 Cyro,
660 729 752 785 sed
797 729 897 783 sub
943 729 1240 783 Artaxerxe
1285 732 1639 794 cognomento
1695 722 2042 792 Longimano.

455 825 584 878 Post
613 824 926 877 descenSum
949 821 1089 875 enim
1121 819 1265 874 venit
1286 816 1596 888 Cambyses,
1645 814 1836 869 deinde
1862 813 1996 883 Magi
2025 852 2042 878 ,

456 925 576 984 post
594 913 690 967 hos
720 913 906 965 Darius
929 909 1203 980 Hystaspa-
1225 906 1643 974 ﬁlius,deinccps
1659 904 1883 958 Xerxes.
1907 901 2046 955 Darii

455 1007 737 1076 ﬁlius,post
756 1003 896 1058 hunc
919 1003 1365 1068 Artabanns,post
1386 997 1710 1052 Artabanum
1728 998 2047 1048 Artaxerxes

454 1097 818 1166 Longimanus
859 1093 1138 1163 imperavit
1176 1091 1402 1145 Persidi.
1439 1088 1506 1142 Et
1544 1089 1668 1141 dum
1713 1086 1798 1139 hic
1825 1099 2048 1155 regnum

453 1188 732 1251 obtineret,
753 1201 893 1239 anno
919 1184 1176 1254 vigesimo
1205 1182 1351 1251 regni
1378 1179 1517 1233 illius
1537 1178 1781 1233 Neemias
1803 1189 2050 1230 reversus

461 1281 729 1335 civitatem
761 1277 1092 1332 instauravit.
1127 1276 1194 1328 Et
1224 1274 1338 1327 lucc
1383 1271 1578 1326 Esdras
1604 1269 1758 1324 nobis
1805 1277 2051 1321 accurate

457 1371 760 1440 descripsit.
805 1368 916 1424 Nos
959 1368 1118 1438 igitur
1159 1367 1280 1419 hinc
1319 1363 1734 1434 quadringentos
1781 1358 2048 1427 octoginta

464 1474 574 1519 tres
602 1478 770 1517 atinas
813 1462 857 1515 si
904 1459 1387 1521 numeraverinus,
1421 1454 1559 1508 haud
1593 1452 1748 1507 dubie
1779 1452 2052 1506 veniemus

457 1555 523 1609 ad
557 1556 690 1608 hanc
716 1551 1144 1607 subversioncm.
1177 1548 1298 1601 Ideo
1324 1546 1452 1600 dicit
1481 1562 1495 1599 :
1528 1542 1896 1611 zEdi/icabitur
1935 1539 2050 1610 pla-

458 1654 538 1696 tea
581 1652 624 1696 et
657 1658 915 1694 murorum
954 1640 1170 1692 ambitus
1197 1638 1271 1702 (2.
1307 1637 1456 1690 It'sdr.
1479 1635 1512 1688 5
1539 1635 1581 1702 ).
1613 1633 1743 1688 Cum
1788 1633 1968 1701 igitur,
1997 1640 2054 1682 ut

458 1735 551 1800 ait,
598 1734 838 1788 restituta
885 1732 1077 1795 fuerit,
1128 1746 1386 1798 suumque
1427 1738 1627 1782 st-tum
1674 1727 1954 1794 receperit,
1988 1738 2052 1776 ex

464 1827 568 1881 huc
616 1833 842 1895 supputa
905 1823 1268 1879 hebdomades
1326 1819 1691 1889 septuaginta,
1746 1816 2059 1884 videbisqne

460 1919 598 1973 hanc
625 1917 986 1986 captivitatem
1018 1913 1251 1968 nondum
1299 1912 1540 1964 sortitam
1589 1909 1746 1962 ﬁnem
1778 1922 1918 1960 esse.
1958 1907 2056 1958 At.

461 2024 568 2079 que
599 2009 698 2064 hoc
728 2009 900 2078 ipsum
929 2006 1228 2061 evidentius
1269 2005 1429 2059 etiam
1457 2003 1727 2070 aperiens,
1756 1998 1895 2067 quod
1922 1996 2056 2050 mala

461 2099 658 2170 quibus
689 2113 829 2153 nunc
879 2105 1160 2161 tenentur,
1194 2110 1298 2148 non
1337 2097 1444 2146 sint
1485 2090 1729 2144 habitura
1779 2088 1961 2152 ﬁnem,
1991 2085 2056 2139 ad

465 2191 610 2244 hunc
659 2188 874 2242 modum
918 2186 1197 2256 loquitur:
1230 2181 1357 2236 Post
1401 2180 1734 2234 hebdomade:
1777 2187 1944 2230 autent
1982 2193 2062 2231 se-

467 2279 733 2349 ptuaginta
753 2275 1032 2331 abolebitur
1067 2275 1256 2338 unctio,
1301 2281 1347 2325 et
1368 2271 1615 2344 judicium
1657 2285 1756 2322 non
1784 2269 1874 2321 erit
1899 2267 1952 2320 in
1979 2284 2056 2332 ea,

466 2380 514 2425 et
540 2370 788 2424 civitatem
835 2376 882 2421 et
907 2375 1136 2420 sanetum
1176 2363 1383 2437 perdet,
1413 2376 1528 2414 cum
1571 2359 1712 2414 Dirce
1755 2368 1984 2422 uenturo,
2013 2365 2059 2410 et

483 2464 827 2518 concidrntur
861 2473 1112 2529 tanquam
1159 2458 1209 2509 in
1246 2457 1466 2520 diluvio,
1501 2470 1676 2523 neque
1724 2462 2055 2522 supererunt

480 2557 745 2624 reliquim,
785 2567 962 2620 neque
998 2550 1174 2608 radix.
1210 2563 1330 2618 qua:
1360 2546 1668 2616 repullulet,
1706 2554 1755 2599 et
1788 2559 1952 2614 usque
1986 2545 2054 2598 ad

480 2649 638 2717 ﬁnem
655 2645 776 2698 belli
797 2641 1091 2696 abbreviati
1113 2637 1576 2693 internecionibus.
1598 2639 1805 2692 Rursus
1827 2638 2056 2706 loquens

478 2739 545 2792 de
567 2738 666 2789 hac
684 2731 1160 2802 captivitate,dicit
1177 2748 1189 2782 :
1209 2729 1445 2783 Tolletur
1459 2729 1724 2780 incensum
1738 2737 1785 2780 et
1803 2727 2052 2789 libamen,

480 2843 543 2880 ac
559 2834 815 2893 prazterea
833 2837 988 2890 super
1013 2819 1256 2894 templum
1279 2817 1601 2870 abominatio
1619 2815 1984 2880 desolationis,
2003 2825 2054 2868 et

479 2931 645 2986 usque
665 2914 734 2967 ad
756 2911 1262 2967 consummationem
1285 2908 1533 2977 temporis
1554 2907 1939 2960 consummatio
1961 2907 2056 2959 cla-

481 3007 622 3059 bitur
640 3005 709 3058 ad
724 3003 1122 3059 desolationem.
1141 3001 1274 3056 Cum
1295 3001 1485 3055 audias
1499 3000 2053 3064 consummationem,

495 3097 626 3166 quid
653 3096 829 3150 adhuc
864 3101 1132 3164 superest,
1160 3092 1302 3162 quod
1339 3092 1660 3160 exspectes?
1685 3092 1759 3142 Ac
1780 3100 2054 3154 prwterea.

483 3186 622 3252 Quid
639 3198 817 3240 autem
831 3193 935 3248 est,
954 3183 1028 3235 Ac
1047 3181 1332 3249 prwterea?
1350 3178 1458 3232 Hoc
1473 3187 1577 3241 est,
1599 3187 1792 3248 praeter
1813 3177 1925 3232 haec
1938 3191 2061 3247 quae

481 3276 629 3332 dicta
658 3283 808 3337 sunt,
837 3280 961 3343 post
991 3271 1390 3325 sacriﬁciorum
1416 3278 1470 3321 et
1499 3269 1774 3321 iibaminis
1803 3266 2062 3322 sublatio-

493 3383 640 3430 nem,
664 3365 812 3420 aliud
850 3363 1028 3432 majus
1053 3361 1277 3415 accedet
1301 3361 1525 3413 malum.
1547 3359 1831 3425 Quodnam
1850 3360 1952 3413 hoc
1974 3358 2058 3412 di-

485 3460 566 3513 cis
580 3459 606 3510 ‘I
626 3455 795 3525 Super
816 3455 1063 3521 templum
1095 3451 1419 3506 abominatio
1434 3450 1797 3504 desolationis.
1855 3448 2052 3502 llicron

486 3552 631 3603 enim
650 3556 804 3599 vocat
817 3543 1566 3612 templum,abominationeln
1583 3551 1761 3595 autem
1776 3540 2062 3596 desolatio-

483 3640 569 3692 nis
592 3645 746 3690 vocat
782 3647 1034 3700 statuam,
1081 3651 1238 3704 quam
1270 3634 1549 3690 collocavit
1577 3635 1628 3689 in
1675 3635 1871 3704 templo
1909 3636 1954 3689 is
1981 3636 2070 3706 qui

484 3729 758 3784 exciderat
775 3739 827 3782 et
845 3736 1111 3782 everterat
1126 3727 1413 3781 civitatein.
1429 3724 1498 3779 Et
1515 3743 1670 3797 usque
1685 3727 1752 3779 ad
1768 3743 2074 3780 consumma-

485 3821 691 3882 tionem,
726 3819 914 3886 inquit,
947 3817 1208 3871 desolatio.
1240 3816 1593 3883 Quamobrem
1639 3816 1767 3870 dicit
1793 3816 2071 3884 Christus,

484 3909 574 3977 qui
619 3912 910 3963 secundum
949 3923 1162 3962 carnem
1216 3908 1311 3961 fuit
1360 3907 1620 3977 posterior
1665 3908 1924 3962 Antiocho
1957 3909 2074 3977 Epi-

487 4001 682 4069 pliane,
713 4001 1012 4054 vaticinans
1040 3999 1404 4053 imminentem
1431 3997 1577 4052 urbis
1605 4000 1984 4068 captivitatem,
2012 4015 2076 4054 ac

485 4093 766 4146 declarans
803 4093 944 4161 quod
975 4091 1042 4145 de
1086 4091 1185 4146 hac
1225 4092 1531 4161 praedixerit
1562 4092 1741 4146 Daniel
1773 4111 1786 4145 :
1817 4090 1962 4159 Cum,
1994 4080 2075 4146 in-

487 4186 624 4255 quit,
675 4185 895 4238 videritis
938 4183 1360 4237 abominationem
1404 4183 1747 4250 desolationis,
1776 4185 1838 4237 de
1875 4200 1972 4253 qua
2003 4185 2078 4238 lo-

490 4286 674 4345 quutus
699 4286 770 4329 est
798 4275 984 4329 Daniel
1009 4277 1275 4344 propheta,
1302 4283 1512 4328 stantem
1538 4275 1591 4327 in
1616 4275 1725 4328 loco
1753 4285 1927 4329 saneto
1949 4291 1968 4329 :
1991 4276 2079 4345 qui

487 4367 606 4437 legit
631 4367 877 4436 intelligat
917 4365 1128 4439 (Matth.
1174 4365 1262 4421 24.
1297 4364 1407 4438 ili).
1440 4367 1701 4432 Quoniam
1747 4365 1888 4423 enim
1918 4383 2078 4420 omne

487 4457 827 4511 simulacrum
859 4467 912 4510 et
933 4456 1162 4510 hominis
1189 4456 1392 4526 efﬁgies
1417 4457 1554 4524 apud
1583 4456 1800 4510 Judieos
1839 4456 2076 4526 appella-

488 4547 648 4602 batur
690 4547 1048 4611 abominatio,
1090 4548 1422 4617 amigmatice
1481 4548 1789 4616 signiﬁcans
1838 4555 2068 4602 statuant

492 4638 661 4702 illam,
705 4637 861 4691 simul
903 4638 1113 4707 aperuit
1155 4648 1209 4692 et
1253 4654 1358 4706 quo
1388 4646 1646 4707 tempore,
1689 4647 1795 4692 eta
1821 4653 1928 4708 quo
1956 4655 2081 4709 rege

490 4729 770 4799 captivitas
794 4739 936 4782 esset
960 4737 1201 4780 ventura.
1224 4728 1374 4794 Quod
1401 4738 1578 4782 autem
1606 4729 1670 4782 de
1695 4729 1946 4784 Romanis
1968 4730 2082 4784 hmc

491 4821 632 4875 dicta
684 4821 813 4887 sint,
857 4829 912 4873 et
961 4820 1073 4889 ipse
1120 4819 1417 4887 Joseplius,
1466 4820 1913 4888 quemadmodum
1957 4830 2081 4876 ante

493 4913 794 4977 docuimus,
827 4911 1170 4965 asseveravit.
1199 4910 1333 4978 Quid
1360 4911 1516 4980 igitur
1543 4912 1692 4967 vobis
1717 4915 1972 4985 reliquum
2001 4926 2084 4970 est

495 5005 635 5075 quod
667 5003 978 5074 loquamini,
1011 5019 1131 5056 cum
1163 5003 1397 5071 reliquas
1426 5005 1759 5072 captivitales
1785 5006 2082 5074 prtediecn-

495 5106 575 5150 tes
603 5095 897 5166 prophetm,
940 5103 1144 5148 certum
1192 5102 1245 5148 et
1287 5091 1606 5164 prmﬁnitum
1656 5106 1864 5164 tempus
1906 5097 2084 5166 expri-

497 5197 649 5241 mant
677 5204 692 5240 :
722 5186 844 5241 huic
890 5186 1095 5240 nullum
1143 5196 1352 5255 tempus
1399 5186 1715 5255 prmﬁniant,
1741 5189 1867 5258 quin
1910 5190 2084 5258 potius

498 5279 826 5332 contrarium
869 5277 1088 5344 addant,
1131 5279 1380 5332 videlicet
1415 5279 1775 5347 captivitatem
1821 5293 1988 5350 usque
2014 5281 2083 5336 ad

499 5370 1013 5426 consummationem
1059 5369 1601 5426 duraturamil’orro
1643 5369 1784 5441 quod
1829 5370 2086 5430 hactenus

499 5461 640 5516 dicta
668 5475 804 5515 vana
834 5477 940 5516 non
979 5461 1107 5529 sint,
1135 5475 1237 5531 age
1257 5476 1287 5515 a
1311 5461 1468 5518 rebus
1490 5462 1648 5517 etiam
1677 5461 1806 5532 ipsis
1829 5463 2086 5519 exhibea-

501 5568 621 5609 mus
640 5553 1026 5608 testimonium.
1056 5553 1190 5609 Nam
1219 5556 1263 5608 si
1290 5553 1458 5609 Judaei
1480 5569 1765 5626 numquam
1793 5565 2086 5612 tentassent

502 5642 772 5700 tedillcare
801 5643 1078 5713 templum,
1116 5643 1296 5699 dicere
1340 5653 1587 5716 poterant
1659 5648 1703 5701 si
1723 5648 2083 5719 voluissemus

1172 243 1230 302 S.
1271 239 1548 299 JO.\NNIS
1586 234 2060 296 CllRYSOSTOMI
2102 235 2417 295 ABClllEP.
2456 231 2996 292 CONSTANTINOP.

3635 230 3740 287 90ft

2146 355 2362 426 aggredi
2406 355 2590 428 templi
2623 357 3083 422 instaurationem,
3111 353 3330 408 omnino
3353 351 3742 423 potuissemus,

2147 457 2200 501 et
2229 447 2664 517 perfecissemus.
2694 447 2848 503 Nunc
2893 457 3068 502 autem
3105 459 3194 501 re;
3224 448 3335 515 ipsa
3365 444 3702 498 demonstrat
3726 484 3742 504 ,

2149 553 2242 592 eos
2272 555 2378 593 non
2411 539 2575 593 semel
2615 548 2707 592 aut
2732 539 2833 602 bis,
2861 537 2954 593 sed
2988 547 3070 592 ter
3111 550 3391 607 aggressos
3417 541 3472 588 et
3496 533 3744 602 repulsos

2149 646 2290 694 esse,
2319 646 2426 684 non
2450 631 2606 684 aliter
2633 646 2790 700 quam
2818 632 2880 685 ﬁt
2911 630 2960 684 in
2987 627 3368 685 certaminibus
3391 625 3726 697 Olympiacis

2150 731 2204 774 ut
2233 722 2360 776 nulli
2390 720 2607 776 dubium
2649 736 2772 776 esse
2801 721 2988 791 possit,
3017 719 3142 790 quin
3172 718 3423 773 Ecclesia:
3447 717 3517 770 sit
3546 730 3745 770 corona

2159 809 2424 866 victoriae.

2232 902 2318 956 ll.
2349 901 2652 955 Judazomm
2674 896 2882 952 rebellio
2907 897 3000 951 sub
3022 893 3453 950 Adriano.—Ubi
3475 891 3644 964 igitur
3660 905 3751 960 ag-

2156 990 2330 1062 gressi
2357 1001 2478 1045 sunt
2511 990 2607 1053 illi,
2630 989 2723 1059 qui
2752 1003 2966 1058 semper
2986 987 3250 1042 resistunt
3274 984 3500 1056 Spiritui
3532 991 3747 1045 sancto,

2158 1084 2248 1154 qui
2265 1098 2350 1137 res
2364 1099 2531 1138 novas
2547 1083 2862 1146 moliuntur,
2877 1081 2966 1151 qui
2986 1080 3279 1134 seditiones
3288 1076 3609 1134 concitant?
3626 1075 3749 1129 Post

2158 1173 2586 1229 devastationem
2608 1189 2728 1244 quae
2753 1173 2892 1227 facta
2922 1171 3022 1226 fuit
3041 1173 3141 1226 sub
3158 1171 3492 1241 Vespasiano
3519 1183 3588 1222 ac
3605 1166 3748 1231 Tito,

2159 1265 2260 1320 sub
2274 1265 2508 1321 Adriano
2522 1275 2663 1321 mota
2678 1264 3149 1329 seditione,conati
3164 1273 3294 1318 sunt
3305 1263 3597 1334 pristinam
3616 1275 3751 1314 rem-

2155 1360 2421 1429 publicam
2471 1359 2769 1414 instaurare
2801 1376 2813 1412 :
2845 1355 2982 1412 haud
3014 1371 3278 1426 quaquam
3309 1354 3672 1424 intelligentes
3699 1366 3757 1403 se

2155 1461 2340 1506 contra
2369 1450 2461 1505 Dei
2491 1450 2755 1505 calculum
2783 1448 2982 1504 bellum
3011 1462 3245 1512 movere,
3272 1446 3512 1518 iubentis
3540 1445 3595 1498 in
3628 1459 3752 1515 per-

2156 1550 2373 1612 petuum
2400 1555 2517 1596 eam
2547 1541 2820 1595 civitatem
2842 1538 3130 1594 devastari.
3159 1539 3325 1592 Porro
3355 1537 3463 1591 Deo
3490 1535 3751 1599 bellante,

2155 1648 2410 1702 superare
2454 1631 2783 1702 impossibile
2832 1639 2932 1684 est.
2967 1630 3167 1700 lmpetu
3199 1630 3355 1700 igitur
3384 1627 3524 1682 facto
3555 1628 3608 1681 in
3639 1626 3756 1680 Cm-

2158 1737 2355 1785 sarem,
2401 1738 2585 1777 rursus
2632 1738 2754 1778 eum
2799 1721 3126 1791 adegerunt,
3171 1729 3228 1774 ut
3269 1717 3505 1774 funditus
3553 1717 3755 1772 deleret

2157 1815 2451 1870 civitatem.
2503 1814 2637 1869 Nam
2685 1813 2910 1869 devictis
2956 1828 3020 1867 ac
3065 1811 3298 1867 subactis
3342 1809 3467 1874 illis,
3504 1807 3754 1863 omnibus

2160 1905 2401 1974 reliquiis
2428 1904 2662 1970 abolitis,
2691 1919 2760 1960 ne
2789 1904 2840 1957 in
2874 1913 3143 1972 posterum
3177 1900 3754 1970 possentimpudenter

2160 2012 2340 2067 agere,
2369 2006 2598 2052 statuam
2621 2012 2770 2052 suam
2794 1996 2846 2049 in
2875 1997 2993 2050 loco
3013 1994 3315 2050 collocavit.
3348 1992 3555 2047 Deinde
3585 1994 3755 2047 sciens

2162 2088 2417 2155 futurum,
2448 2100 2505 2144 ut
2549 2089 2635 2142 illa
2667 2097 2906 2158 tempore
2935 2087 3312 2149 collabcrt-tur,
3356 2101 3460 2155 quo
3493 2085 3638 2139 illius
3680 2084 3756 2137 vi-

2160 2180 2342 2234 ctoria:
2368 2189 2547 2233 notam
2596 2178 3040 2234 immedicabilem
3081 2177 3346 2239 inureret,
3398 2185 3452 2229 et
3479 2175 3627 2228 illius
3657 2174 3754 2227 im-

2163 2271 2432 2342 pudentia:
2463 2279 2890 2336 monomentnm,
2916 2285 3109 2324 nomen
3137 2283 3291 2322 suum
3321 2267 3564 2322 civitatis
3595 2264 3756 2319 ruinis

2163 2363 2434 2434 imposuit.
2475 2364 2735 2430 Quoniam
2759 2364 2902 2418 enim
2933 2363 3048 2433 ipse
3070 2363 3346 2417 dicebatur
3364 2360 3547 2417 Elius
3572 2359 3757 2415 Adria-

2163 2472 2285 2522 nus,
2311 2455 2431 2512 ideo
2455 2465 2510 2511 et
2535 2456 2734 2510 civitati
2760 2470 2953 2510 nomen
2981 2453 3316 2524 )Elizejussit
3341 2452 3545 2522 imponi
3575 2469 3591 2517 ;
3624 2449 3756 2504 unde

2165 2557 2222 2606 et
2247 2549 2386 2606 Elia
2439 2549 2634 2603 dicitur
2678 2549 2730 2602 in
2760 2547 3075 2602 hodiernum
3125 2561 3293 2616 usque
3342 2545 3508 2610 diem,
3560 2557 3754 2613 cogno-

2166 2642 2312 2696 mine
2341 2640 2558 2695 vietoris
2587 2649 2642 2694 et
2671 2639 2960 2693 eversoris.
2991 2637 3152 2692 Vides
3178 2637 3405 2706 primum
3449 2635 3754 2690 Judmorum

2166 2731 2452 2787 conatum?
2477 2730 2770 2785 Considera
2801 2740 2854 2784 et
2884 2730 3107 2783 alterum
3154 2728 3222 2781 ab
3249 2729 3367 2781 hoc.

2237 2822 2460 2877 Conatus
2486 2839 2658 2876 eorum
2681 2822 2773 2876 sub
2800 2821 3146 2876 Constantino.
3173 2850 3245 2860 -—
3269 2818 3380 2874 Sub
3401 2816 3754 2873 Constantino

2165 2912 2354 2967 eadem
2397 2912 2630 2982 aggressi
2676 2921 2821 2966 sunt.
2875 2912 2945 2965 At
2993 2912 3080 2965 ille
3109 2912 3223 2966 viso
3263 2911 3497 2979 ipsorum
3545 2915 3750 2968 conatu,

2167 3004 2453 3072 amputatis
2488 3003 2697 3057 illorum
2738 3002 2985 3056 auriculis
3005 3042 3019 3064 ,
3061 3017 3123 3056 ac
3150 3001 3454 3055 rebellionis
3479 3001 3636 3069 signo
3665 2998 3744 3049 im-

2170 3110 2354 3165 presso
2381 3095 2592 3164 corpori
2624 3095 2857 3161 illorum,
2891 3111 2984 3165 per
3004 3097 3181 3150 omnia
3208 3097 3324 3150 loca
3349 3091 3754 3148 circumferebat

2171 3187 2323 3254 illos,
2365 3201 2461 3242 ceu
2491 3186 2708 3258 fugitiva
2740 3187 3006 3257 mancipia
3033 3202 3096 3240 ac
3121 3186 3443 3241 verberones
3467 3227 3482 3250 ,
3518 3183 3753 3253 corpori-

2172 3276 2272 3331 bus
2317 3277 2574 3332 mutilatis
2615 3278 2933 3347 conspicuos
2973 3278 3094 3331 illos
3138 3276 3337 3331 faciens
3363 3277 3649 3336 omnibus,
3696 3285 3752 3325 ac

2171 3383 2266 3424 eos
2291 3367 2378 3438 qui
2405 3383 2497 3438 per
2521 3382 2709 3423 omnes
2729 3367 2974 3438 regiones
2999 3375 3151 3422 erant
3177 3366 3350 3434 sparsi
3375 3364 3656 3426 erudiens,
3688 3375 3750 3414 ne

2174 3457 2227 3512 in
2264 3465 2533 3527 posterum
2567 3457 2754 3512 eadem
2787 3465 3130 3511 conarentur.
3178 3455 3285 3510 Sed
3315 3454 3465 3519 haec,
3499 3453 3750 3522 inquient,

2175 3549 2350 3617 prisca
2380 3555 2433 3602 et
2461 3547 2721 3603 obsoleta.
2745 3546 2857 3601 lmo
2888 3547 2988 3602 hoc
3006 3547 3182 3616 potius
3204 3555 3387 3600 notum
3410 3553 3495 3600 est
3516 3545 3672 3600 etiam
3695 3543 3752 3596 iis

2175 3639 2263 3710 qui
2295 3641 2434 3694 inter
2460 3653 2555 3692 vos
2584 3646 2707 3692 sunt
2733 3639 2996 3693 seniores.

2246 3728 2414 3782 Judaei
2455 3731 2649 3800 favente
2681 3728 2892 3782 Iuliano
2917 3725 3164 3798 Apostata
3201 3726 3442 3798 templum
3479 3737 3754 3781 restaurare

2179 3821 2369 3890 {rustra
2411 3829 2682 3873 tentarunt.
2726 3849 2798 3859 —
2843 3819 2994 3886 Quod
3041 3835 3168 3874 vero
3207 3819 3316 3888 jam
3344 3819 3586 3873 dicturus
3623 3831 3750 3882 smn,

2176 3910 2338 3965 etiam
2363 3909 2647 3964 admodum
2666 3910 2945 3980 juvenibus
2971 3919 3056 3966 est
3081 3911 3283 3965 clarum
3311 3925 3374 3964 ac
3402 3912 3749 3980 perSpicqun.

2179 3996 2293 4054 Non
2340 4001 2481 4055 enim
2520 4009 2725 4070 gestant
2767 4011 2850 4057 est
2889 4001 2991 4055 sub
3016 4001 3251 4056 Adriano
3275 4009 3367 4054 aut
3393 4001 3750 4056 Constantino.

2181 4092 2274 4147 scd
2304 4092 2404 4146 sub
2434 4092 2757 4162 lmperatore
2783 4092 2872 4160 qui
2910 4091 3005 4145 fuit
3030 4102 3185 4147 anate
3225 4100 3405 4145 nostra
3439 4100 3568 4146 ante
3602 4099 3753 4142 annos

2181 4185 2383 4252 viginti.
2411 4185 2619 4239 Etenim
2647 4199 2767 4240 cum
2798 4184 3060 4251 Julianus,
3090 4185 3181 4254 qui
3205 4174 3564 4253 imperatores
3582 4190 3752 4237 otunes

2182 4276 2457 4346 superavit
2497 4277 2765 4346 impietate
2787 4316 2804 4343 ,
2847 4287 3063 4332 vocaret
3103 4277 3224 4332 illos
3261 4276 3325 4330 ad
3359 4271 3749 4331 sacriﬁcandum

2184 4366 2358 4434 idolis,
2388 4377 2442 4422 et
2469 4368 2535 4422 ad
2562 4384 2711 4423 suam
2745 4369 3070 4438 impietatem
3108 4367 3419 4438 pertrahere
3458 4374 3746 4422 conaretur.

2182 4472 2245 4512 ac
2261 4473 2386 4512 mox
2408 4458 2700 4528 objicerent
2727 4459 2826 4528 ipsi
2856 4459 3083 4528 priscum
3101 4459 3276 4513 cultus
3297 4459 3478 4518 ritum.
3497 4458 3748 4513 dicentes:

2183 4564 2215 4604 ι
2245 4551 2440 4605 noSlris
2471 4551 2759 4620 majoribus
2790 4551 2928 4606 Deus
2958 4551 3060 4606 hoc
3086 4551 3244 4606 modo
3264 4551 3438 4606 cultus
3458 4560 3577 4615 est;
3607 4546 3750 4602 etiam

2187 4641 2427 4695 nolentes
2453 4649 2561 4696 tum
2589 4641 2888 4696 fatebantur
2916 4641 3062 4707 inec,
3093 4656 3212 4710 quae
3242 4656 3338 4695 nos
3368 4655 3509 4695 nunc
3544 4640 3750 4695 demon-

2186 4732 2489 4796 stravimus,
2521 4733 2660 4803 quod
2691 4732 2768 4786 fas
2797 4748 2901 4786 non
2933 4741 3078 4788 esset
3098 4741 3247 4787 extra
3273 4732 3542 4786 civitatem
3584 4731 3752 4783 immo-

2187 4821 2298 4877 lare
2326 4824 2565 4878 vietimas
2595 4841 2609 4878 :
2640 4823 2732 4878 sed
2756 4865 2772 4888 ,
2816 4823 3124 4891 inquiehant
3143 4864 3157 4884 ,
3199 4823 3511 4893 religionem
3552 4819 3749 4874 violant,

2188 4919 2509 4986 quicumque
2538 4919 2839 4971 sacrilicant
2867 4917 2918 4970 in
2951 4925 3092 4970 terra
3121 4917 3315 4970 aliena.
3363 4914 3593 4969 Proinde
3617 4909 3656 4964 si
3686 4905 3752 4958 vis

2191 5025 2286 5063 nos
2316 5010 2494 5062 videre
2519 5009 2882 5065 sacrilicantes
2904 5050 2920 5074 ,
2951 5007 3114 5063 redde
3153 5006 3304 5061 nobis
3348 5006 3613 5060 civitatem
3632 5041 3646 5063 .
3674 5010 3752 5049 τε·

2190 5102 2351 5157 stitue
2386 5100 2640 5170 templum
2660 5137 2676 5165 ,
2705 5099 2898 5155 exhibe
2923 5099 3075 5154 nobis
3097 5108 3277 5152 sancta
3305 5105 3626 5156 sanctorum,
3650 5086 3748 5142 co!-

2190 5192 2302 5246 loca
2343 5206 2523 5258 aram,
2573 5199 2629 5246 et
2667 5191 3085 5248 sacriﬁCabimus
3134 5203 3275 5244 nunc
3326 5180 3745 5258 quemadmodum

2191 5283 2340 5336 olim.
2382 5282 2490 5336 Nec
2533 5282 2712 5351 puduit
2741 5284 3032 5338 sceleratos
3059 5289 3115 5336 et
3141 5281 3396 5336 eil‘rontes
3418 5278 3534 5334 huic
3551 5280 3747 5348 poscere

2190 5388 2222 5426 ι
2243 5372 2354 5428 viro
2381 5373 2541 5443 impio
2569 5388 2878 5445 paganoque
2897 5413 2913 5440 ,
2945 5381 2998 5427 et
3031 5371 3268 5441 impuras
3294 5370 3432 5426 illius
3461 5377 3644 5425 manus
3666 5371 3747 5410 νο·

2191 5479 2317 5520 care
2352 5463 2418 5519 ad
2444 5467 2856 5520 exstructionem
2883 5472 3188 5523 sanctorum
3209 5502 3225 5526 ,
3269 5475 3368 5516 nec
3410 5450 3747 5524 intelligebaltl

2191 5569 2252 5610 se
2278 5554 2458 5609 conari
2487 5554 2862 5625 impossibilia,
2905 5568 3077 5623 neque
3104 5550 3496 5623 perpendebant
3515 5588 3531 5616 ,
3559 5529 3746 5631 quod:i

2195 5649 2355 5704 homo
2401 5646 2487 5703 illa
2517 5646 2801 5704 demolitus
2844 5655 3015 5712 esset,
3072 5645 3330 5714 potuisset
3371 5641 3531 5696 homo
3575 5625 3670 5682 illis
3690 5625 3746 5664 εει
