  <div class='ocr_page' id='page_1' title='image "/cluster/home/n/w/nwhite01/storage/ocr_20150623/48/mdp.39015032114640/380.png"; bbox 0 0 4084 6186; ppageno 0'>
   <div class='ocr_carea' id='block_1_1' title="bbox 298 348 404 411">
    <p class='ocr_par' dir='ltr' id='par_1_1' title="bbox 298 348 404 411">
     <span class='ocr_line' id='line_1_1' title="bbox 298 348 404 411; baseline -0.019 0"><span class='ocrx_word' id='word_1_1' title='bbox 298 348 404 411; x_wconf 71' lang='lat'><strong>899</strong></span> 
     </span>
    </p>
   </div>
   <div class='ocr_carea' id='block_1_2' title="bbox 299 467 1869 547">
    <p class='ocr_par' dir='ltr' id='par_1_2' title="bbox 299 467 1869 547">
     <span class='ocr_line' id='line_1_2' title="bbox 299 467 1869 547; baseline 0.004 -25"><span class='ocrx_word' id='word_1_2' title='bbox 299 468 405 523; x_wconf 81' lang='grc' dir='ltr'>τοῦ</span> <span class='ocrx_word' id='word_1_3' title='bbox 433 467 823 537; x_wconf 75' lang='grc' dir='ltr'>οἰκοδομῆσαι</span> <span class='ocrx_word' id='word_1_4' title='bbox 858 470 1260 541; x_wconf 82' lang='grc' dir='ltr'>Ἰερουσαλήμ.</span> <span class='ocrx_word' id='word_1_5' title='bbox 1307 473 1420 527; x_wconf 76' lang='grc' dir='ltr'>οὐκ</span> <span class='ocrx_word' id='word_1_6' title='bbox 1458 476 1549 529; x_wconf 80' lang='grc' dir='ltr'>ἐπὶ</span> <span class='ocrx_word' id='word_1_7' title='bbox 1589 477 1773 547; x_wconf 83' lang='grc' dir='ltr'>Κύρου</span> <span class='ocrx_word' id='word_1_8' title='bbox 1813 476 1869 529; x_wconf 84' lang='grc' dir='ltr'>δέ</span> 
     </span>
    </p>
   </div>
   <div class='ocr_carea' id='block_1_3' title="bbox 296 551 1877 630">
    <p class='ocr_par' dir='ltr' id='par_1_3' title="bbox 296 551 1877 630">
     <span class='ocr_line' id='line_1_3' title="bbox 296 551 1877 630; baseline 0.003 -22"><span class='ocrx_word' id='word_1_9' title='bbox 296 551 641 625; x_wconf 78' lang='grc' dir='ltr'>ᾠκοδομήθη,</span> <span class='ocrx_word' id='word_1_10' title='bbox 682 553 800 607; x_wconf 80' lang='grc' dir='ltr'>ἀλλ’</span> <span class='ocrx_word' id='word_1_11' title='bbox 837 556 928 608; x_wconf 82' lang='grc' dir='ltr'>ἐπὶ</span> <span class='ocrx_word' id='word_1_12' title='bbox 972 554 1068 609; x_wconf 89' lang='grc' dir='ltr'>τοῦ</span> <span class='ocrx_word' id='word_1_13' title='bbox 1115 556 1475 629; x_wconf 76' lang='grc' dir='ltr'>Ἀρταξέρξου</span> <span class='ocrx_word' id='word_1_14' title='bbox 1518 558 1613 612; x_wconf 90' lang='grc' dir='ltr'>τοῦ</span> <span class='ocrx_word' id='word_1_15' title='bbox 1654 560 1877 630; x_wconf 86' lang='grc' dir='ltr'>Μακρό-</span> 
     </span>
    </p>
   </div>
   <div class='ocr_carea' id='block_1_4' title="bbox 297 636 1872 713">
    <p class='ocr_par' dir='ltr' id='par_1_4' title="bbox 297 636 1872 713">
     <span class='ocr_line' id='line_1_4' title="bbox 297 636 1872 713; baseline 0.005 -25"><span class='ocrx_word' id='word_1_16' title='bbox 297 652 501 707; x_wconf 87' lang='grc' dir='ltr'>χειρος.</span> <span class='ocrx_word' id='word_1_17' title='bbox 537 636 691 689; x_wconf 85' lang='grc' dir='ltr'>Μετὰ</span> <span class='ocrx_word' id='word_1_18' title='bbox 720 637 830 708; x_wconf 86' lang='grc' dir='ltr'>γὰρ</span> <span class='ocrx_word' id='word_1_19' title='bbox 857 639 958 709; x_wconf 83' lang='grc' dir='ltr'>τὴν</span> <span class='ocrx_word' id='word_1_20' title='bbox 988 638 1212 693; x_wconf 86' lang='grc' dir='ltr'>κάθοδον</span> <span class='ocrx_word' id='word_1_21' title='bbox 1242 641 1508 711; x_wconf 88' lang='grc' dir='ltr'>ἐπανῆλθε</span> <span class='ocrx_word' id='word_1_22' title='bbox 1543 642 1872 713; x_wconf 73' lang='grc' dir='ltr'>Καμϐύσης,</span> 
     </span>
    </p>
   </div>
   <div class='ocr_carea' id='block_1_5' title="bbox 295 714 1873 794">
    <p class='ocr_par' dir='ltr' id='par_1_5' title="bbox 295 714 1873 794">
     <span class='ocr_line' id='line_1_5' title="bbox 295 714 1873 794; baseline 0.004 -24"><span class='ocrx_word' id='word_1_23' title='bbox 295 714 416 771; x_wconf 81' lang='grc' dir='ltr'>εἶτα</span> <span class='ocrx_word' id='word_1_24' title='bbox 439 719 490 771; x_wconf 90' lang='grc' dir='ltr'>οἰ</span> <span class='ocrx_word' id='word_1_25' title='bbox 515 719 702 788; x_wconf 81' lang='grc' dir='ltr'>μάγοι,</span> <span class='ocrx_word' id='word_1_26' title='bbox 724 721 817 773; x_wconf 72' lang='grc' dir='ltr'>καὶ</span> <span class='ocrx_word' id='word_1_27' title='bbox 843 722 960 791; x_wconf 83' lang='grc' dir='ltr'>μετ’</span> <span class='ocrx_word' id='word_1_28' title='bbox 981 722 1224 786; x_wconf 75' lang='grc' dir='ltr'>ἐκείνους</span> <span class='ocrx_word' id='word_1_29' title='bbox 1240 725 1465 794; x_wconf 80' lang='grc' dir='ltr'>Δαρεῖος</span> <span class='ocrx_word' id='word_1_30' title='bbox 1485 727 1514 778; x_wconf 98' lang='lat'>6</span> <span class='ocrx_word' id='word_1_31' title='bbox 1543 725 1873 789; x_wconf 80' lang='grc' dir='ltr'>Ὑστάσπου,</span> 
     </span>
    </p>
   </div>
   <div class='ocr_carea' id='block_1_6' title="bbox 294 798 1874 878">
    <p class='ocr_par' dir='ltr' id='par_1_6' title="bbox 294 798 1874 878">
     <span class='ocr_line' id='line_1_6' title="bbox 294 798 1874 878; baseline 0.004 -23"><span class='ocrx_word' id='word_1_32' title='bbox 294 798 415 856; x_wconf 76' lang='grc' dir='ltr'>εἷτα</span> <span class='ocrx_word' id='word_1_33' title='bbox 445 804 474 856; x_wconf 88' lang='lat'>6</span> <span class='ocrx_word' id='word_1_34' title='bbox 502 800 710 873; x_wconf 87' lang='grc' dir='ltr'>Ξέρξης</span> <span class='ocrx_word' id='word_1_35' title='bbox 732 806 761 857; x_wconf 87' lang='grc' dir='ltr'><strong>ὁ</strong></span> <span class='ocrx_word' id='word_1_36' title='bbox 794 804 1043 876; x_wconf 82' lang='grc' dir='ltr'>Δαρείου,</span> <span class='ocrx_word' id='word_1_37' title='bbox 1078 806 1173 860; x_wconf 74' lang='grc' dir='ltr'>καὶ</span> <span class='ocrx_word' id='word_1_38' title='bbox 1211 807 1350 876; x_wconf 80' lang='grc' dir='ltr'>μετά</span> <span class='ocrx_word' id='word_1_39' title='bbox 1373 806 1563 861; x_wconf 89' lang='grc' dir='ltr'>τοῦτον</span> <span class='ocrx_word' id='word_1_40' title='bbox 1606 807 1874 878; x_wconf 76' lang='grc' dir='ltr'>Ἀρταϐά-</span> 
     </span>
    </p>
   </div>
   <div class='ocr_carea' id='block_1_7' title="bbox 296 880 1874 963">
    <p class='ocr_par' dir='ltr' id='par_1_7' title="bbox 296 880 1874 963">
     <span class='ocr_line' id='line_1_7' title="bbox 296 880 1874 963; baseline 0.003 -23"><span class='ocrx_word' id='word_1_41' title='bbox 296 902 414 957; x_wconf 79' lang='grc' dir='ltr'>νης⁶</span> <span class='ocrx_word' id='word_1_42' title='bbox 445 880 566 939; x_wconf 81' lang='grc' dir='ltr'>εἶτα</span> <span class='ocrx_word' id='word_1_43' title='bbox 613 886 753 957; x_wconf 88' lang='grc' dir='ltr'>μετά</span> <span class='ocrx_word' id='word_1_44' title='bbox 801 889 1139 962; x_wconf 76' lang='grc' dir='ltr'>Ἀρταϐάνην</span> <span class='ocrx_word' id='word_1_45' title='bbox 1185 891 1549 963; x_wconf 80' lang='grc' dir='ltr'>Ἀρταξέρξης</span> <span class='ocrx_word' id='word_1_46' title='bbox 1593 894 1622 945; x_wconf 94' lang='lat'>6</span> <span class='ocrx_word' id='word_1_47' title='bbox 1648 893 1874 963; x_wconf 80' lang='grc' dir='ltr'>Μακρό-</span> 
     </span>
    </p>
   </div>
   <div class='ocr_carea' id='block_1_8' title="bbox 294 969 1876 1046">
    <p class='ocr_par' dir='ltr' id='par_1_8' title="bbox 294 969 1876 1046">
     <span class='ocr_line' id='line_1_8' title="bbox 294 969 1876 1046; baseline 0.004 -23"><span class='ocrx_word' id='word_1_48' title='bbox 294 985 441 1040; x_wconf 86' lang='grc' dir='ltr'>χειρ,</span> <span class='ocrx_word' id='word_1_49' title='bbox 474 969 533 1033; x_wconf 83' lang='grc' dir='ltr'>ὃς</span> <span class='ocrx_word' id='word_1_50' title='bbox 567 969 883 1025; x_wconf 75' lang='grc' dir='ltr'>ἐϐασίλευσε</span> <span class='ocrx_word' id='word_1_51' title='bbox 921 974 1020 1044; x_wconf 87' lang='grc' dir='ltr'>τῆς</span> <span class='ocrx_word' id='word_1_52' title='bbox 1061 974 1341 1046; x_wconf 80' lang='grc' dir='ltr'>Περσίδος·</span> <span class='ocrx_word' id='word_1_53' title='bbox 1381 976 1475 1029; x_wconf 86' lang='grc' dir='ltr'>καὶ</span> <span class='ocrx_word' id='word_1_54' title='bbox 1500 976 1690 1030; x_wconf 87' lang='grc' dir='ltr'>τούτου</span> <span class='ocrx_word' id='word_1_55' title='bbox 1723 975 1876 1045; x_wconf 88' lang='grc' dir='ltr'>βασι-</span> 
     </span>
    </p>
   </div>
   <div class='ocr_carea' id='block_1_9' title="bbox 294 1051 1873 1129">
    <p class='ocr_par' dir='ltr' id='par_1_9' title="bbox 294 1051 1873 1129">
     <span class='ocr_line' id='line_1_9' title="bbox 294 1051 1873 1129; baseline 0.006 -23"><span class='ocrx_word' id='word_1_56' title='bbox 294 1051 567 1118; x_wconf 87' lang='grc' dir='ltr'>λεύοντος,</span> <span class='ocrx_word' id='word_1_57' title='bbox 591 1055 840 1108; x_wconf 80' lang='grc' dir='ltr'>εἰκοστοῦ</span> <span class='ocrx_word' id='word_1_58' title='bbox 879 1056 1035 1121; x_wconf 82' lang='grc' dir='ltr'>ἔτους</span> <span class='ocrx_word' id='word_1_59' title='bbox 1070 1055 1170 1129; x_wconf 88' lang='grc' dir='ltr'>τῆς</span> <span class='ocrx_word' id='word_1_60' title='bbox 1200 1059 1476 1127; x_wconf 77' lang='grc' dir='ltr'>βασιλείας</span> <span class='ocrx_word' id='word_1_61' title='bbox 1516 1062 1706 1124; x_wconf 83' lang='grc' dir='ltr'>αὐτοῦ,</span> <span class='ocrx_word' id='word_1_62' title='bbox 1733 1062 1873 1115; x_wconf 80' lang='grc' dir='ltr'>Νεε-</span> 
     </span>
    </p>
   </div>
   <div class='ocr_carea' id='block_1_10' title="bbox 298 1136 1872 1215">
    <p class='ocr_par' dir='ltr' id='par_1_10' title="bbox 298 1136 1872 1215">
     <span class='ocr_line' id='line_1_10' title="bbox 298 1136 1872 1215; baseline 0.006 -26"><span class='ocrx_word' id='word_1_63' title='bbox 298 1136 429 1206; x_wconf 88' lang='grc' dir='ltr'>μίας</span> <span class='ocrx_word' id='word_1_64' title='bbox 467 1136 709 1191; x_wconf 84' lang='grc' dir='ltr'>ἀνελθὼν</span> <span class='ocrx_word' id='word_1_65' title='bbox 748 1140 846 1209; x_wconf 80' lang='grc' dir='ltr'>τὴν</span> <span class='ocrx_word' id='word_1_66' title='bbox 892 1139 1047 1193; x_wconf 88' lang='grc' dir='ltr'>πόλιν</span> <span class='ocrx_word' id='word_1_67' title='bbox 1098 1142 1415 1215; x_wconf 82' lang='grc' dir='ltr'>ἀνέστησεν.</span> <span class='ocrx_word' id='word_1_68' title='bbox 1464 1145 1575 1197; x_wconf 86' lang='lat' dir='ltr'>Kal</span> <span class='ocrx_word' id='word_1_69' title='bbox 1616 1144 1790 1198; x_wconf 90' lang='grc' dir='ltr'>ταῦτα</span> <span class='ocrx_word' id='word_1_70' title='bbox 1842 1146 1872 1198; x_wconf 91' lang='lat'>6</span> 
     </span>
    </p>
   </div>
   <div class='ocr_carea' id='block_1_11' title="bbox 300 1221 1872 1297">
    <p class='ocr_par' dir='ltr' id='par_1_11' title="bbox 300 1221 1872 1297">
     <span class='ocr_line' id='line_1_11' title="bbox 300 1221 1872 1297; baseline 0.005 -23"><span class='ocrx_word' id='word_1_71' title='bbox 300 1221 535 1294; x_wconf 80' lang='grc' dir='ltr'>Ἔσδρας</span> <span class='ocrx_word' id='word_1_72' title='bbox 565 1223 697 1294; x_wconf 78' lang='grc' dir='ltr'>ἡμῖν</span> <span class='ocrx_word' id='word_1_73' title='bbox 725 1223 969 1294; x_wconf 75' lang='grc' dir='ltr'>ἀκριϐῶς</span> <span class='ocrx_word' id='word_1_74' title='bbox 996 1225 1311 1297; x_wconf 84' lang='grc' dir='ltr'>διηγήσατο.</span> <span class='ocrx_word' id='word_1_75' title='bbox 1345 1229 1441 1281; x_wconf 77' lang='grc' dir='ltr'>Ἂν</span> <span class='ocrx_word' id='word_1_76' title='bbox 1472 1229 1651 1283; x_wconf 78' lang='grc' dir='ltr'>τοίνυν</span> <span class='ocrx_word' id='word_1_77' title='bbox 1687 1229 1872 1282; x_wconf 85' lang='grc' dir='ltr'>ἐντεῦ-</span> 
     </span>
    </p>
   </div>
   <div class='ocr_carea' id='block_1_12' title="bbox 293 1302 1872 1386">
    <p class='ocr_par' dir='ltr' id='par_1_12' title="bbox 293 1302 1872 1386">
     <span class='ocr_line' id='line_1_12' title="bbox 293 1302 1872 1386; baseline 0.007 -29"><span class='ocrx_word' id='word_1_78' title='bbox 293 1302 388 1357; x_wconf 82' lang='grc' dir='ltr'>θεν</span> <span class='ocrx_word' id='word_1_79' title='bbox 413 1308 737 1377; x_wconf 84' lang='grc' dir='ltr'>τετρακόσια</span> <span class='ocrx_word' id='word_1_80' title='bbox 767 1306 863 1361; x_wconf 72' lang='grc' dir='ltr'>καὶ</span> <span class='ocrx_word' id='word_1_81' title='bbox 890 1309 1219 1381; x_wconf 83' lang='grc' dir='ltr'>ὀγδοήκοντα</span> <span class='ocrx_word' id='word_1_82' title='bbox 1244 1313 1372 1383; x_wconf 89' lang='grc' dir='ltr'>τρία</span> <span class='ocrx_word' id='word_1_83' title='bbox 1404 1313 1498 1385; x_wconf 81' lang='grc' dir='ltr'>ἐτη</span> <span class='ocrx_word' id='word_1_84' title='bbox 1550 1307 1872 1386; x_wconf 72' lang='grc' dir='ltr'>ἀριθμήσωέ</span> 
     </span>
    </p>
   </div>
   <div class='ocr_carea' id='block_1_13' title="bbox 296 1390 1872 1468">
    <p class='ocr_par' dir='ltr' id='par_1_13' title="bbox 296 1390 1872 1468">
     <span class='ocr_line' id='line_1_13' title="bbox 296 1390 1872 1468; baseline 0.005 -28"><span class='ocrx_word' id='word_1_85' title='bbox 296 1404 419 1457; x_wconf 83' lang='grc' dir='ltr'>μεν,</span> <span class='ocrx_word' id='word_1_86' title='bbox 472 1390 685 1453; x_wconf 82' lang='grc' dir='ltr'>πάντως</span> <span class='ocrx_word' id='word_1_87' title='bbox 730 1391 935 1462; x_wconf 78' lang='grc' dir='ltr'>ἥξομεν</span> <span class='ocrx_word' id='word_1_88' title='bbox 979 1393 1074 1447; x_wconf 77' lang='grc' dir='ltr'>ἐπὶ</span> <span class='ocrx_word' id='word_1_89' title='bbox 1110 1395 1211 1466; x_wconf 84' lang='grc' dir='ltr'>τὴν</span> <span class='ocrx_word' id='word_1_90' title='bbox 1247 1396 1610 1467; x_wconf 81' lang='grc' dir='ltr'>κατασκαφὴν</span> <span class='ocrx_word' id='word_1_91' title='bbox 1646 1398 1872 1468; x_wconf 85' lang='grc' dir='ltr'>ταύτην.</span> 
     </span>
    </p>
   </div>
   <div class='ocr_carea' id='block_1_14' title="bbox 291 1471 1872 1547">
    <p class='ocr_par' dir='ltr' id='par_1_14' title="bbox 291 1471 1872 1547">
     <span class='ocr_line' id='line_1_14' title="bbox 291 1471 1872 1547; baseline 0.004 -24"><span class='ocrx_word' id='word_1_92' title='bbox 291 1471 392 1524; x_wconf 89' lang='grc' dir='ltr'>Διά</span> <span class='ocrx_word' id='word_1_93' title='bbox 432 1471 589 1525; x_wconf 89' lang='grc' dir='ltr'>τοῦτό</span> <span class='ocrx_word' id='word_1_94' title='bbox 643 1491 829 1541; x_wconf 77' lang='grc' dir='ltr'>φησιν,</span> <span class='ocrx_word' id='word_1_95' title='bbox 874 1472 1422 1547; x_wconf 78' lang='grc' dir='ltr'>Οἰκοδομηθήσεται</span> <span class='ocrx_word' id='word_1_96' title='bbox 1470 1478 1723 1533; x_wconf 82' lang='grc' dir='ltr'>πλατεῖα</span> <span class='ocrx_word' id='word_1_97' title='bbox 1773 1477 1872 1531; x_wconf 78' lang='grc' dir='ltr'>καὶ</span> 
     </span>
    </p>
   </div>
   <div class='ocr_carea' id='block_1_15' title="bbox 291 1556 1870 1634">
    <p class='ocr_par' dir='ltr' id='par_1_15' title="bbox 291 1556 1870 1634">
     <span class='ocr_line' id='line_1_15' title="bbox 291 1556 1870 1634; baseline 0.004 -26"><span class='ocrx_word' id='word_1_98' title='bbox 291 1556 647 1625; x_wconf 76' lang='grc' dir='ltr'>περίτειχος.</span> <span class='ocrx_word' id='word_1_99' title='bbox 686 1557 936 1612; x_wconf 79' lang='grc' dir='ltr'>Ἐπειδὰν</span> <span class='ocrx_word' id='word_1_100' title='bbox 967 1556 1080 1621; x_wconf 83' lang='grc' dir='ltr'>οὖν,</span> <span class='ocrx_word' id='word_1_101' title='bbox 1105 1563 1288 1632; x_wconf 74' lang='grc' dir='ltr'>φησὶν,</span> <span class='ocrx_word' id='word_1_102' title='bbox 1319 1566 1548 1634; x_wconf 78' lang='grc' dir='ltr'>ἀναστῇ,</span> <span class='ocrx_word' id='word_1_103' title='bbox 1581 1562 1676 1616; x_wconf 74' lang='grc' dir='ltr'>καὶ</span> <span class='ocrx_word' id='word_1_104' title='bbox 1710 1561 1771 1614; x_wconf 86' lang='grc' dir='ltr'>τὸ</span> <span class='ocrx_word' id='word_1_105' title='bbox 1795 1563 1870 1614; x_wconf 87' lang='grc' dir='ltr'>οἰ-</span> 
     </span>
    </p>
   </div>
   <div class='ocr_carea' id='block_1_16' title="bbox 292 1639 1873 1716">
    <p class='ocr_par' dir='ltr' id='par_1_16' title="bbox 292 1639 1873 1716">
     <span class='ocr_line' id='line_1_16' title="bbox 292 1639 1873 1716; baseline 0.004 -24"><span class='ocrx_word' id='word_1_106' title='bbox 292 1642 441 1692; x_wconf 90' lang='grc' dir='ltr'>κεῖον</span> <span class='ocrx_word' id='word_1_107' title='bbox 470 1639 719 1713; x_wconf 74' lang='grc' dir='ltr'>ἀπολάϐῃ</span> <span class='ocrx_word' id='word_1_108' title='bbox 751 1653 777 1680; x_wconf 79' lang='grc' dir='ltr'>ει</span> <span class='ocrx_word' id='word_1_109' title='bbox 815 1643 1017 1713; x_wconf 87' lang='grc' dir='ltr'>σχῆμα,</span> <span class='ocrx_word' id='word_1_110' title='bbox 1062 1646 1157 1698; x_wconf 85' lang='grc' dir='ltr'>ἀπ’</span> <span class='ocrx_word' id='word_1_111' title='bbox 1189 1647 1397 1700; x_wconf 80' lang='grc' dir='ltr'>ἐκείνου</span> <span class='ocrx_word' id='word_1_112' title='bbox 1438 1649 1537 1711; x_wconf 85' lang='grc' dir='ltr'>τάς</span> <span class='ocrx_word' id='word_1_113' title='bbox 1570 1646 1873 1716; x_wconf 78' lang='grc' dir='ltr'>ἑϐδομάδας</span> 
     </span>
    </p>
   </div>
   <div class='ocr_carea' id='block_1_17' title="bbox 290 1721 1872 1802">
    <p class='ocr_par' dir='ltr' id='par_1_17' title="bbox 290 1721 1872 1802">
     <span class='ocr_line' id='line_1_17' title="bbox 290 1721 1872 1802; baseline 0.005 -27"><span class='ocrx_word' id='word_1_114' title='bbox 290 1721 391 1787; x_wconf 83' lang='grc' dir='ltr'>τὰς</span> <span class='ocrx_word' id='word_1_115' title='bbox 420 1722 788 1792; x_wconf 76' lang='grc' dir='ltr'>ἐύδομήκοντα</span> <span class='ocrx_word' id='word_1_116' title='bbox 814 1726 1061 1797; x_wconf 87' lang='grc' dir='ltr'>ἀρίθμει,</span> <span class='ocrx_word' id='word_1_117' title='bbox 1091 1730 1184 1782; x_wconf 77' lang='grc' dir='ltr'>καὶ</span> <span class='ocrx_word' id='word_1_118' title='bbox 1217 1730 1337 1799; x_wconf 71' lang='grc' dir='ltr'>ὄψει</span> <span class='ocrx_word' id='word_1_119' title='bbox 1367 1731 1468 1802; x_wconf 82' lang='grc' dir='ltr'>τήν</span> <span class='ocrx_word' id='word_1_120' title='bbox 1496 1725 1872 1801; x_wconf 75' lang='grc' dir='ltr'>αἰχμαλωσίαν</span> 
     </span>
    </p>
   </div>
   <div class='ocr_carea' id='block_1_18' title="bbox 288 1805 1872 1882">
    <p class='ocr_par' dir='ltr' id='par_1_18' title="bbox 288 1805 1872 1882">
     <span class='ocr_line' id='line_1_18' title="bbox 288 1805 1872 1882; baseline 0.005 -24"><span class='ocrx_word' id='word_1_121' title='bbox 288 1805 495 1877; x_wconf 87' lang='grc' dir='ltr'>ταύτην</span> <span class='ocrx_word' id='word_1_122' title='bbox 531 1806 713 1859; x_wconf 82' lang='grc' dir='ltr'>οὐκέτι</span> <span class='ocrx_word' id='word_1_123' title='bbox 743 1807 896 1871; x_wconf 84' lang='grc' dir='ltr'>τέλος</span> <span class='ocrx_word' id='word_1_124' title='bbox 923 1810 1172 1880; x_wconf 75' lang='grc' dir='ltr'>ἔχουσαν.</span> <span class='ocrx_word' id='word_1_125' title='bbox 1208 1814 1321 1868; x_wconf 88' lang='lat' dir='ltr'>Kal</span> <span class='ocrx_word' id='word_1_126' title='bbox 1349 1815 1508 1868; x_wconf 90' lang='grc' dir='ltr'>τοῦτο</span> <span class='ocrx_word' id='word_1_127' title='bbox 1535 1814 1592 1868; x_wconf 75' lang='grc' dir='ltr'>δὲ</span> <span class='ocrx_word' id='word_1_128' title='bbox 1628 1813 1758 1867; x_wconf 82' lang='grc' dir='ltr'>αὐτὸ</span> <span class='ocrx_word' id='word_1_129' title='bbox 1779 1813 1872 1882; x_wconf 85' lang='grc' dir='ltr'>δη-</span> 
     </span>
    </p>
   </div>
   <div class='ocr_carea' id='block_1_19' title="bbox 286 1886 1872 1967">
    <p class='ocr_par' dir='ltr' id='par_1_19' title="bbox 286 1886 1872 1967">
     <span class='ocr_line' id='line_1_19' title="bbox 286 1886 1872 1967; baseline 0.004 -24"><span class='ocrx_word' id='word_1_130' title='bbox 286 1886 400 1943; x_wconf 86' lang='grc' dir='ltr'>λῶν</span> <span class='ocrx_word' id='word_1_131' title='bbox 421 1890 773 1960; x_wconf 77' lang='grc' dir='ltr'>σαφέστερον,</span> <span class='ocrx_word' id='word_1_132' title='bbox 797 1892 878 1944; x_wconf 85' lang='grc' dir='ltr'>ὅτι</span> <span class='ocrx_word' id='word_1_133' title='bbox 903 1894 1000 1962; x_wconf 82' lang='grc' dir='ltr'>οὐχ</span> <span class='ocrx_word' id='word_1_134' title='bbox 1022 1895 1133 1961; x_wconf 79' lang='grc' dir='ltr'>ἕξει</span> <span class='ocrx_word' id='word_1_135' title='bbox 1157 1896 1280 1950; x_wconf 91' lang='grc' dir='ltr'>τινά</span> <span class='ocrx_word' id='word_1_136' title='bbox 1309 1895 1461 1951; x_wconf 80' lang='grc' dir='ltr'>λύσιν</span> <span class='ocrx_word' id='word_1_137' title='bbox 1480 1896 1551 1950; x_wconf 90' lang='grc' dir='ltr'>τά</span> <span class='ocrx_word' id='word_1_138' title='bbox 1573 1898 1872 1967; x_wconf 84' lang='grc' dir='ltr'>κατέχοντα</span> 
     </span>
    </p>
   </div>
   <div class='ocr_carea' id='block_1_20' title="bbox 285 1972 1871 2050">
    <p class='ocr_par' dir='ltr' id='par_1_20' title="bbox 285 1972 1871 2050">
     <span class='ocr_line' id='line_1_20' title="bbox 285 1972 1871 2050; baseline 0.004 -22"><span class='ocrx_word' id='word_1_139' title='bbox 285 1974 489 2036; x_wconf 83' lang='grc' dir='ltr'>αὐτοὺς</span> <span class='ocrx_word' id='word_1_140' title='bbox 514 1972 680 2038; x_wconf 86' lang='grc' dir='ltr'>κακά,</span> <span class='ocrx_word' id='word_1_141' title='bbox 712 1972 857 2027; x_wconf 73' lang='grc' dir='ltr'>οὕτω</span> <span class='ocrx_word' id='word_1_142' title='bbox 884 1977 1038 2043; x_wconf 85' lang='grc' dir='ltr'>φησι·</span> <span class='ocrx_word' id='word_1_143' title='bbox 1068 1980 1232 2033; x_wconf 82' lang='grc' dir='ltr'>Μετὰ</span> <span class='ocrx_word' id='word_1_144' title='bbox 1259 1983 1365 2047; x_wconf 86' lang='grc' dir='ltr'>τὰς</span> <span class='ocrx_word' id='word_1_145' title='bbox 1401 1980 1733 2050; x_wconf 78' lang='grc' dir='ltr'>ἑϐδομάδας</span> <span class='ocrx_word' id='word_1_146' title='bbox 1762 1982 1871 2046; x_wconf 86' lang='grc' dir='ltr'>τὰς</span> 
     </span>
    </p>
   </div>
   <div class='ocr_carea' id='block_1_21' title="bbox 282 2057 1871 2136">
    <p class='ocr_par' dir='ltr' id='par_1_21' title="bbox 282 2057 1871 2136">
     <span class='ocr_line' id='line_1_21' title="bbox 282 2057 1871 2136; baseline 0.004 -24"><span class='ocrx_word' id='word_1_147' title='bbox 282 2057 696 2128; x_wconf 73' lang='grc' dir='ltr'>ἐϐδομήκοντα</span> <span class='ocrx_word' id='word_1_148' title='bbox 711 2062 1281 2131; x_wconf 75' lang='grc' dir='ltr'>ἐξολεθρευθήσεται</span> <span class='ocrx_word' id='word_1_149' title='bbox 1303 2066 1547 2136; x_wconf 72' lang='grc' dir='ltr'>γρῖσμα,</span> <span class='ocrx_word' id='word_1_150' title='bbox 1573 2068 1671 2122; x_wconf 80' lang='grc' dir='ltr'>καὶ</span> <span class='ocrx_word' id='word_1_151' title='bbox 1694 2066 1871 2135; x_wconf 78' lang='grc' dir='ltr'>κρῖμα</span> 
     </span>
    </p>
   </div>
   <div class='ocr_carea' id='block_1_22' title="bbox 282 2144 1858 2219">
    <p class='ocr_par' dir='ltr' id='par_1_22' title="bbox 282 2144 1858 2219">
     <span class='ocr_line' id='line_1_22' title="bbox 282 2144 1858 2219; baseline 0.004 -23"><span class='ocrx_word' id='word_1_152' title='bbox 282 2145 403 2197; x_wconf 80' lang='grc' dir='ltr'>οὐκ</span> <span class='ocrx_word' id='word_1_153' title='bbox 428 2144 598 2199; x_wconf 76' lang='grc' dir='ltr'>ἔσται</span> <span class='ocrx_word' id='word_1_154' title='bbox 626 2146 898 2215; x_wconf 75' lang='grc' dir='ltr'>ἐνμὺτῆ,</span> <span class='ocrx_word' id='word_1_155' title='bbox 922 2147 1019 2202; x_wconf 82' lang='grc' dir='ltr'>καὶ</span> <span class='ocrx_word' id='word_1_156' title='bbox 1042 2148 1158 2214; x_wconf 82' lang='grc' dir='ltr'>τὴν</span> <span class='ocrx_word' id='word_1_157' title='bbox 1177 2150 1360 2203; x_wconf 76' lang='grc' dir='ltr'>πόλιν</span> <span class='ocrx_word' id='word_1_158' title='bbox 1386 2150 1455 2203; x_wconf 85' lang='grc' dir='ltr'>δὲ</span> <span class='ocrx_word' id='word_1_159' title='bbox 1482 2150 1583 2205; x_wconf 73' lang='grc' dir='ltr'>καὶ</span> <span class='ocrx_word' id='word_1_160' title='bbox 1609 2150 1676 2204; x_wconf 86' lang='grc' dir='ltr'>τὸ</span> <span class='ocrx_word' id='word_1_161' title='bbox 1697 2150 1858 2219; x_wconf 68' lang='grc' dir='ltr'>ἅγιον</span> 
     </span>
    </p>
   </div>
   <div class='ocr_carea' id='block_1_23' title="bbox 280 2227 1863 2304">
    <p class='ocr_par' dir='ltr' id='par_1_23' title="bbox 280 2227 1863 2304">
     <span class='ocr_line' id='line_1_23' title="bbox 280 2227 1863 2304; baseline 0.008 -23"><span class='ocrx_word' id='word_1_162' title='bbox 280 2227 723 2297; x_wconf 70' lang='grc' dir='ltr'>συνδιαφθαρεῖ</span> <span class='ocrx_word' id='word_1_163' title='bbox 764 2230 792 2269; x_wconf 72' lang='grc' dir='ltr'>δ</span> <span class='ocrx_word' id='word_1_164' title='bbox 825 2230 949 2284; x_wconf 84' lang='grc' dir='ltr'>σὺν</span> <span class='ocrx_word' id='word_1_165' title='bbox 981 2229 1059 2296; x_wconf 85' lang='grc' dir='ltr'>τῷ</span> <span class='ocrx_word' id='word_1_166' title='bbox 1090 2232 1401 2301; x_wconf 76' lang='grc' dir='ltr'>ἡγουμένῳ</span> <span class='ocrx_word' id='word_1_167' title='bbox 1436 2233 1516 2299; x_wconf 85' lang='grc' dir='ltr'>τῷ</span> <span class='ocrx_word' id='word_1_168' title='bbox 1542 2233 1863 2304; x_wconf 78' lang='grc' dir='ltr'>ἐρχομένῳ.</span> 
     </span>
    </p>
   </div>
   <div class='ocr_carea' id='block_1_24' title="bbox 281 2310 1853 2387">
    <p class='ocr_par' dir='ltr' id='par_1_24' title="bbox 281 2310 1853 2387">
     <span class='ocr_line' id='line_1_24' title="bbox 281 2310 1853 2387; baseline 0.003 -24"><span class='ocrx_word' id='word_1_169' title='bbox 281 2310 386 2364; x_wconf 84' lang='grc' dir='ltr'>καί</span> <span class='ocrx_word' id='word_1_170' title='bbox 418 2311 917 2381; x_wconf 74' lang='grc' dir='ltr'>συγκοπήσονται</span> <span class='ocrx_word' id='word_1_171' title='bbox 945 2314 1026 2380; x_wconf 85' lang='grc' dir='ltr'>ὡς</span> <span class='ocrx_word' id='word_1_172' title='bbox 1052 2316 1122 2368; x_wconf 82' lang='grc' dir='ltr'>ἐν</span> <span class='ocrx_word' id='word_1_173' title='bbox 1151 2317 1574 2387; x_wconf 79' lang='grc' dir='ltr'>κατακλυσμῷ·</span> <span class='ocrx_word' id='word_1_174' title='bbox 1607 2318 1728 2371; x_wconf 82' lang='grc' dir='ltr'>ούδέ</span> <span class='ocrx_word' id='word_1_175' title='bbox 1760 2317 1853 2370; x_wconf 76' lang='grc' dir='ltr'>λεί</span> 
     </span>
    </p>
   </div>
   <div class='ocr_carea' id='block_1_25' title="bbox 275 2392 1865 2470">
    <p class='ocr_par' dir='ltr' id='par_1_25' title="bbox 275 2392 1865 2470">
     <span class='ocr_line' id='line_1_25' title="bbox 275 2392 1865 2470; baseline 0.006 -25"><span class='ocrx_word' id='word_1_176' title='bbox 275 2392 456 2462; x_wconf 74' lang='grc' dir='ltr'>ψανον</span> <span class='ocrx_word' id='word_1_177' title='bbox 484 2392 636 2447; x_wconf 84' lang='grc' dir='ltr'>ἐσται</span> <span class='ocrx_word' id='word_1_178' title='bbox 670 2395 877 2461; x_wconf 72' lang='grc' dir='ltr'>λοιπὶν,</span> <span class='ocrx_word' id='word_1_179' title='bbox 921 2398 1042 2452; x_wconf 79' lang='grc' dir='ltr'><strong>οὐδὲ</strong></span> <span class='ocrx_word' id='word_1_180' title='bbox 1074 2399 1199 2470; x_wconf 76' lang='grc' dir='ltr'>ῥίζα</span> <span class='ocrx_word' id='word_1_181' title='bbox 1238 2400 1400 2454; x_wconf 82' lang='grc' dir='ltr'>πάλιν</span> <span class='ocrx_word' id='word_1_182' title='bbox 1430 2401 1865 2456; x_wconf 81' lang='grc' dir='ltr'>ἀναϐλαστάνου-</span> 
     </span>
    </p>
   </div>
   <div class='ocr_carea' id='block_1_26' title="bbox 281 2476 1868 2556">
    <p class='ocr_par' dir='ltr' id='par_1_26' title="bbox 281 2476 1868 2556">
     <span class='ocr_line' id='line_1_26' title="bbox 281 2476 1868 2556; baseline 0.008 -27"><span class='ocrx_word' id='word_1_183' title='bbox 281 2492 379 2542; x_wconf 92' lang='grc' dir='ltr'>σα,</span> <span class='ocrx_word' id='word_1_184' title='bbox 444 2476 545 2530; x_wconf 80' lang='grc' dir='ltr'>καί</span> <span class='ocrx_word' id='word_1_185' title='bbox 599 2478 712 2545; x_wconf 77' lang='grc' dir='ltr'>ἕως</span> <span class='ocrx_word' id='word_1_186' title='bbox 763 2479 980 2548; x_wconf 81' lang='grc' dir='ltr'>τέλους</span> <span class='ocrx_word' id='word_1_187' title='bbox 1043 2485 1312 2554; x_wconf 80' lang='grc' dir='ltr'>πολέμου</span> <span class='ocrx_word' id='word_1_188' title='bbox 1374 2483 1868 2556; x_wconf 74' lang='grc' dir='ltr'>συντετρημένου</span> 
     </span>
    </p>
   </div>
   <div class='ocr_carea' id='block_1_27' title="bbox 279 2560 1856 2641">
    <p class='ocr_par' dir='ltr' id='par_1_27' title="bbox 279 2560 1856 2641">
     <span class='ocr_line' id='line_1_27' title="bbox 279 2560 1856 2641; baseline 0.005 -27"><span class='ocrx_word' id='word_1_189' title='bbox 279 2560 669 2631; x_wconf 61' lang='grc' dir='ltr'>ἀφανισμοῖς.</span> <span class='ocrx_word' id='word_1_190' title='bbox 698 2561 807 2616; x_wconf 89' lang='lat' dir='ltr'>Kal</span> <span class='ocrx_word' id='word_1_191' title='bbox 830 2564 990 2618; x_wconf 91' lang='grc' dir='ltr'>πάλιν</span> <span class='ocrx_word' id='word_1_192' title='bbox 1017 2564 1191 2635; x_wconf 83' lang='grc' dir='ltr'>λέγων</span> <span class='ocrx_word' id='word_1_193' title='bbox 1213 2567 1312 2639; x_wconf 83' lang='grc' dir='ltr'>τὴν</span> <span class='ocrx_word' id='word_1_194' title='bbox 1335 2568 1713 2641; x_wconf 81' lang='grc' dir='ltr'>αἰχμαλωσίαν</span> <span class='ocrx_word' id='word_1_195' title='bbox 1737 2563 1856 2625; x_wconf 80' lang='grc' dir='ltr'>τᾶύ·</span> 
     </span>
    </p>
   </div>
   <div class='ocr_carea' id='block_1_28' title="bbox 280 2644 1867 2723">
    <p class='ocr_par' dir='ltr' id='par_1_28' title="bbox 280 2644 1867 2723">
     <span class='ocr_line' id='line_1_28' title="bbox 280 2644 1867 2723; baseline 0.006 -26"><span class='ocrx_word' id='word_1_196' title='bbox 280 2660 388 2715; x_wconf 87' lang='grc' dir='ltr'>την</span> <span class='ocrx_word' id='word_1_197' title='bbox 418 2644 605 2714; x_wconf 79' lang='grc' dir='ltr'>φησενο</span> <span class='ocrx_word' id='word_1_198' title='bbox 652 2647 990 2717; x_wconf 82' lang='grc' dir='ltr'>Ἆρθήσεται</span> <span class='ocrx_word' id='word_1_199' title='bbox 1035 2650 1298 2721; x_wconf 77' lang='grc' dir='ltr'>θυμίαμα</span> <span class='ocrx_word' id='word_1_200' title='bbox 1335 2653 1433 2707; x_wconf 72' lang='grc' dir='ltr'>καὶ</span> <span class='ocrx_word' id='word_1_201' title='bbox 1474 2653 1739 2723; x_wconf 79' lang='grc' dir='ltr'>σπονδή⁶</span> <span class='ocrx_word' id='word_1_202' title='bbox 1766 2655 1867 2708; x_wconf 83' lang='grc' dir='ltr'>καί</span> 
     </span>
    </p>
   </div>
   <div class='ocr_carea' id='block_1_29' title="bbox 279 2728 1868 2808">
    <p class='ocr_par' dir='ltr' id='par_1_29' title="bbox 279 2728 1868 2808">
     <span class='ocr_line' id='line_1_29' title="bbox 279 2728 1868 2808; baseline 0.011 -29"><span class='ocrx_word' id='word_1_203' title='bbox 279 2728 386 2781; x_wconf 73' lang='grc' dir='ltr'>ἐπὶ</span> <span class='ocrx_word' id='word_1_204' title='bbox 426 2730 661 2797; x_wconf 83' lang='grc' dir='ltr'>τούτοις</span> <span class='ocrx_word' id='word_1_205' title='bbox 699 2730 801 2784; x_wconf 73' lang='grc' dir='ltr'>ἐπὶ</span> <span class='ocrx_word' id='word_1_206' title='bbox 845 2733 912 2786; x_wconf 87' lang='grc' dir='ltr'>τὸ</span> <span class='ocrx_word' id='word_1_207' title='bbox 953 2734 1117 2802; x_wconf 75' lang='grc' dir='ltr'>ἱερὸν</span> <span class='ocrx_word' id='word_1_208' title='bbox 1142 2735 1463 2807; x_wconf 76' lang='grc' dir='ltr'>βδέλυγμα</span> <span class='ocrx_word' id='word_1_209' title='bbox 1503 2738 1616 2806; x_wconf 84' lang='grc' dir='ltr'>τῆς</span> <span class='ocrx_word' id='word_1_210' title='bbox 1645 2738 1868 2808; x_wconf 81' lang='grc' dir='ltr'>ἐρημώ-</span> 
     </span>
    </p>
   </div>
   <div class='ocr_carea' id='block_1_30' title="bbox 278 2812 1861 2888">
    <p class='ocr_par' dir='ltr' id='par_1_30' title="bbox 278 2812 1861 2888">
     <span class='ocr_line' id='line_1_30' title="bbox 278 2812 1861 2888; baseline 0.008 -23"><span class='ocrx_word' id='word_1_211' title='bbox 278 2826 461 2876; x_wconf 86' lang='grc' dir='ltr'>σεως,</span> <span class='ocrx_word' id='word_1_212' title='bbox 490 2812 589 2867; x_wconf 80' lang='grc' dir='ltr'>καὶ</span> <span class='ocrx_word' id='word_1_213' title='bbox 615 2814 727 2881; x_wconf 82' lang='grc' dir='ltr'>ἕως</span> <span class='ocrx_word' id='word_1_214' title='bbox 753 2819 1114 2884; x_wconf 70' lang='grc' dir='ltr'>συντελείας</span> <span class='ocrx_word' id='word_1_215' title='bbox 1162 2820 1370 2888; x_wconf 79' lang='grc' dir='ltr'>καιροῦ</span> <span class='ocrx_word' id='word_1_216' title='bbox 1398 2823 1726 2877; x_wconf 79' lang='grc' dir='ltr'>συντέλεια</span> <span class='ocrx_word' id='word_1_217' title='bbox 1764 2822 1861 2877; x_wconf 74' lang='lat'><em>6‘0-</em></span> 
     </span>
    </p>
   </div>
   <div class='ocr_carea' id='block_1_31' title="bbox 276 2896 1866 2982">
    <p class='ocr_par' dir='ltr' id='par_1_31' title="bbox 276 2896 1866 2982">
     <span class='ocr_line' id='line_1_31' title="bbox 276 2896 1866 2982; baseline 0.008 -33"><span class='ocrx_word' id='word_1_218' title='bbox 276 2896 534 2982; x_wconf 67' lang='grc' dir='ltr'>ρήσεται</span> <span class='ocrx_word' id='word_1_219' title='bbox 557 2898 655 2953; x_wconf 77' lang='grc' dir='ltr'>ἐπὶ</span> <span class='ocrx_word' id='word_1_220' title='bbox 693 2898 809 2967; x_wconf 82' lang='grc' dir='ltr'>τὴν</span> <span class='ocrx_word' id='word_1_221' title='bbox 849 2901 1172 2972; x_wconf 79' lang='grc' dir='ltr'>ἐρήμωσιν.</span> <span class='ocrx_word' id='word_1_222' title='bbox 1216 2904 1383 2960; x_wconf 81' lang='grc' dir='ltr'>Ὅταν</span> <span class='ocrx_word' id='word_1_223' title='bbox 1419 2905 1476 2960; x_wconf 86' lang='grc' dir='ltr'>δὲ</span> <span class='ocrx_word' id='word_1_224' title='bbox 1517 2906 1779 2982; x_wconf 83' lang='grc' dir='ltr'>ἀκούσῃς,</span> <span class='ocrx_word' id='word_1_225' title='bbox 1819 2901 1866 2962; x_wconf 80' lang='grc' dir='ltr'><strong>ὧ</strong></span> 
     </span>
    </p>
   </div>
   <div class='ocr_carea' id='block_1_32' title="bbox 290 2979 1861 3062">
    <p class='ocr_par' dir='ltr' id='par_1_32' title="bbox 290 2979 1861 3062">
     <span class='ocr_line' id='line_1_32' title="bbox 290 2979 1861 3062; baseline 0.02 -30"><span class='ocrx_word' id='word_1_226' title='bbox 290 2979 539 3046; x_wconf 83' lang='grc' dir='ltr'>Ἰουδαῖε,</span> <span class='ocrx_word' id='word_1_227' title='bbox 583 2983 910 3047; x_wconf 72' lang='grc' dir='ltr'>συντέλειαν,</span> <span class='ocrx_word' id='word_1_228' title='bbox 964 2986 1016 3039; x_wconf 92' lang='grc' dir='ltr'>τί</span> <span class='ocrx_word' id='word_1_229' title='bbox 1057 2986 1242 3042; x_wconf 83' lang='grc' dir='ltr'>λοιπὸν</span> <span class='ocrx_word' id='word_1_230' title='bbox 1285 2989 1471 3059; x_wconf 78' lang='grc' dir='ltr'>ἓτερον</span> <span class='ocrx_word' id='word_1_231' title='bbox 1524 2979 1861 3062; x_wconf 66' lang='grc' dir='ltr'>πρσσδόκᾷξξ</span> 
     </span>
    </p>
   </div>
   <div class='ocr_carea' id='block_1_33' title="bbox 277 3063 1868 3139">
    <p class='ocr_par' dir='ltr' id='par_1_33' title="bbox 277 3063 1868 3139">
     <span class='ocr_line' id='line_1_33' title="bbox 277 3063 1868 3139; baseline 0.007 -22"><span class='ocrx_word' id='word_1_232' title='bbox 277 3063 397 3118; x_wconf 75' lang='grc' dir='ltr'>Καὶ</span> <span class='ocrx_word' id='word_1_233' title='bbox 423 3063 525 3117; x_wconf 76' lang='grc' dir='ltr'>ἐπὶ</span> <span class='ocrx_word' id='word_1_234' title='bbox 549 3065 802 3131; x_wconf 86' lang='grc' dir='ltr'>τούτοις.</span> <span class='ocrx_word' id='word_1_235' title='bbox 829 3067 893 3120; x_wconf 89' lang='grc' dir='ltr'>Τί</span> <span class='ocrx_word' id='word_1_236' title='bbox 922 3068 979 3121; x_wconf 88' lang='grc' dir='ltr'>δέ</span> <span class='ocrx_word' id='word_1_237' title='bbox 1008 3071 1178 3133; x_wconf 90' lang='grc' dir='ltr'>ἐστιν,</span> <span class='ocrx_word' id='word_1_238' title='bbox 1216 3070 1349 3124; x_wconf 82' lang='grc' dir='ltr'>Ἕπί</span> <span class='ocrx_word' id='word_1_239' title='bbox 1376 3074 1609 3139; x_wconf 77' lang='grc' dir='ltr'>τούτοις</span> <span class='ocrx_word' id='word_1_240' title='bbox 1631 3091 1651 3139; x_wconf 88' lang='grc'><strong><em>;</em></strong></span> <span class='ocrx_word' id='word_1_241' title='bbox 1692 3075 1868 3128; x_wconf 78' lang='grc' dir='ltr'>Τουτ-</span> 
     </span>
    </p>
   </div>
   <div class='ocr_carea' id='block_1_34' title="bbox 277 3146 1867 3227">
    <p class='ocr_par' dir='ltr' id='par_1_34' title="bbox 277 3146 1867 3227">
     <span class='ocr_line' id='line_1_34' title="bbox 277 3146 1867 3227; baseline 0.004 -24"><span class='ocrx_word' id='word_1_242' title='bbox 277 3148 426 3213; x_wconf 64' lang='grc' dir='ltr'>ἐστι,</span> <span class='ocrx_word' id='word_1_243' title='bbox 468 3146 607 3221; x_wconf 82' lang='grc' dir='ltr'>πρὸς</span> <span class='ocrx_word' id='word_1_244' title='bbox 652 3148 864 3215; x_wconf 89' lang='grc' dir='ltr'>τούτοις</span> <span class='ocrx_word' id='word_1_245' title='bbox 905 3154 1020 3214; x_wconf 88' lang='grc' dir='ltr'>τοῖς</span> <span class='ocrx_word' id='word_1_246' title='bbox 1066 3153 1397 3224; x_wconf 86' lang='grc' dir='ltr'>εἰρημένοις,</span> <span class='ocrx_word' id='word_1_247' title='bbox 1446 3158 1510 3225; x_wconf 75' lang='grc' dir='ltr'>τῇ</span> <span class='ocrx_word' id='word_1_248' title='bbox 1540 3157 1641 3227; x_wconf 87' lang='grc' dir='ltr'>τῆς</span> <span class='ocrx_word' id='word_1_249' title='bbox 1674 3156 1867 3220; x_wconf 82' lang='grc' dir='ltr'>θυσίας</span> 
     </span>
    </p>
   </div>
   <div class='ocr_carea' id='block_1_35' title="bbox 277 3230 1865 3311">
    <p class='ocr_par' dir='ltr' id='par_1_35' title="bbox 277 3230 1865 3311">
     <span class='ocr_line' id='line_1_35' title="bbox 277 3230 1865 3311; baseline 0.006 -26"><span class='ocrx_word' id='word_1_250' title='bbox 277 3230 562 3303; x_wconf 71' lang='grc' dir='ltr'>ἀναιρέσει</span> <span class='ocrx_word' id='word_1_251' title='bbox 614 3234 708 3286; x_wconf 65' lang='grc' dir='ltr'>καί¹</span> <span class='ocrx_word' id='word_1_252' title='bbox 766 3233 868 3304; x_wconf 84' lang='grc' dir='ltr'>τῆς</span> <span class='ocrx_word' id='word_1_253' title='bbox 900 3234 1151 3306; x_wconf 88' lang='grc' dir='ltr'>σπονδῆς,</span> <span class='ocrx_word' id='word_1_254' title='bbox 1190 3236 1377 3308; x_wconf 74' lang='grc' dir='ltr'>ἕτερον</span> <span class='ocrx_word' id='word_1_255' title='bbox 1407 3237 1559 3292; x_wconf 83' lang='grc' dir='ltr'>ἐσται</span> <span class='ocrx_word' id='word_1_256' title='bbox 1597 3258 1652 3294; x_wconf 87' lang='grc' dir='ltr'>τι</span> <span class='ocrx_word' id='word_1_257' title='bbox 1678 3241 1865 3311; x_wconf 78' lang='grc' dir='ltr'>μεῖζον</span> 
     </span>
    </p>
   </div>
   <div class='ocr_carea' id='block_1_36' title="bbox 279 3315 1866 3396">
    <p class='ocr_par' dir='ltr' id='par_1_36' title="bbox 279 3315 1866 3396">
     <span class='ocr_line' id='line_1_36' title="bbox 279 3315 1866 3396; baseline 0.006 -25"><span class='ocrx_word' id='word_1_258' title='bbox 279 3315 473 3371; x_wconf 82' lang='grc' dir='ltr'>κακόν.</span> <span class='ocrx_word' id='word_1_259' title='bbox 521 3316 681 3369; x_wconf 83' lang='grc' dir='ltr'>Ποῖον</span> <span class='ocrx_word' id='word_1_260' title='bbox 731 3317 795 3389; x_wconf 84' lang='grc' dir='ltr'>δὴ</span> <span class='ocrx_word' id='word_1_261' title='bbox 838 3317 1032 3387; x_wconf 89' lang='grc' dir='ltr'>τοῦτο;</span> <span class='ocrx_word' id='word_1_262' title='bbox 1087 3320 1213 3372; x_wconf 75' lang='grc' dir='ltr'>Ἐπὶ</span> <span class='ocrx_word' id='word_1_263' title='bbox 1246 3320 1315 3374; x_wconf 86' lang='grc' dir='ltr'>τὸ</span> <span class='ocrx_word' id='word_1_264' title='bbox 1346 3323 1507 3391; x_wconf 84' lang='grc' dir='ltr'>ἱερὸν</span> <span class='ocrx_word' id='word_1_265' title='bbox 1544 3323 1866 3396; x_wconf 73' lang='grc' dir='ltr'>,βδέλυγμα</span> 
     </span>
    </p>
   </div>
   <div class='ocr_carea' id='block_1_37' title="bbox 276 3398 1864 3480">
    <p class='ocr_par' dir='ltr' id='par_1_37' title="bbox 276 3398 1864 3480">
     <span class='ocr_line' id='line_1_37' title="bbox 276 3398 1864 3480; baseline 0.007 -29"><span class='ocrx_word' id='word_1_266' title='bbox 276 3398 395 3468; x_wconf 82' lang='grc' dir='ltr'>τῆς</span> <span class='ocrx_word' id='word_1_267' title='bbox 433 3399 801 3468; x_wconf 71' lang='grc' dir='ltr'>ἐρημώσεως*</span> <span class='ocrx_word' id='word_1_268' title='bbox 849 3401 993 3473; x_wconf 77' lang='grc' dir='ltr'>ἱερὸν</span> <span class='ocrx_word' id='word_1_269' title='bbox 1038 3402 1127 3455; x_wconf 75' lang='grc' dir='ltr'>τὸν</span> <span class='ocrx_word' id='word_1_270' title='bbox 1175 3403 1302 3458; x_wconf 81' lang='grc' dir='ltr'>ναὸν</span> <span class='ocrx_word' id='word_1_271' title='bbox 1339 3405 1539 3471; x_wconf 82' lang='grc' dir='ltr'>καλῶν,</span> <span class='ocrx_word' id='word_1_272' title='bbox 1588 3407 1864 3480; x_wconf 70' lang='grc' dir='ltr'>βδέλυγμα</span> 
     </span>
    </p>
   </div>
   <div class='ocr_carea' id='block_1_38' title="bbox 274 3483 1863 3564">
    <p class='ocr_par' dir='ltr' id='par_1_38' title="bbox 274 3483 1863 3564">
     <span class='ocr_line' id='line_1_38' title="bbox 274 3483 1863 3564; baseline 0.008 -28"><span class='ocrx_word' id='word_1_273' title='bbox 274 3483 340 3537; x_wconf 82' lang='grc' dir='ltr'>δὲ</span> <span class='ocrx_word' id='word_1_274' title='bbox 378 3483 711 3557; x_wconf 79' lang='grc' dir='ltr'>ἐρημώσεως</span> <span class='ocrx_word' id='word_1_275' title='bbox 738 3485 829 3537; x_wconf 85' lang='grc' dir='ltr'>τὸν</span> <span class='ocrx_word' id='word_1_276' title='bbox 857 3486 1172 3558; x_wconf 77' lang='grc' dir='ltr'>ἀνδριάντα,</span> <span class='ocrx_word' id='word_1_277' title='bbox 1196 3488 1255 3541; x_wconf 85' lang='grc' dir='ltr'>ὃν</span> <span class='ocrx_word' id='word_1_278' title='bbox 1277 3489 1503 3559; x_wconf 77' lang='grc' dir='ltr'>ἔστησεν</span> <span class='ocrx_word' id='word_1_279' title='bbox 1534 3493 1562 3545; x_wconf 89' lang='lat'>6</span> <span class='ocrx_word' id='word_1_280' title='bbox 1589 3492 1687 3564; x_wconf 79' lang='grc' dir='ltr'>τὴν</span> <span class='ocrx_word' id='word_1_281' title='bbox 1712 3494 1863 3549; x_wconf 85' lang='grc' dir='ltr'>πόλιν</span> 
     </span>
    </p>
   </div>
   <div class='ocr_carea' id='block_1_39' title="bbox 276 3565 1859 3645">
    <p class='ocr_par' dir='ltr' id='par_1_39' title="bbox 276 3565 1859 3645">
     <span class='ocr_line' id='line_1_39' title="bbox 276 3565 1859 3645; baseline 0.007 -24"><span class='ocrx_word' id='word_1_282' title='bbox 276 3565 528 3621; x_wconf 85' lang='grc' dir='ltr'>καθελὼν</span> <span class='ocrx_word' id='word_1_283' title='bbox 571 3567 718 3620; x_wconf 76' lang='grc' dir='ltr'>ἔνδον</span> <span class='ocrx_word' id='word_1_284' title='bbox 765 3568 831 3621; x_wconf 72' lang='grc' dir='ltr'>ἐν’</span> <span class='ocrx_word' id='word_1_285' title='bbox 869 3569 948 3639; x_wconf 81' lang='grc' dir='ltr'>τῷ</span> <span class='ocrx_word' id='word_1_286' title='bbox 993 3568 1129 3640; x_wconf 86' lang='grc' dir='ltr'>ναῷ.</span> <span class='ocrx_word' id='word_1_287' title='bbox 1156 3572 1266 3625; x_wconf 78' lang='grc' dir='ltr'>Καὶ</span> <span class='ocrx_word' id='word_1_288' title='bbox 1311 3571 1465 3645; x_wconf 70' lang='grc' dir='ltr'>[διε]</span> <span class='ocrx_word' id='word_1_289' title='bbox 1493 3574 1605 3641; x_wconf 80' lang='grc' dir='ltr'>ἕως</span> <span class='ocrx_word' id='word_1_290' title='bbox 1641 3592 1859 3631; x_wconf 82' lang='grc' dir='ltr'>συντε-</span> 
     </span>
    </p>
   </div>
   <div class='ocr_carea' id='block_1_40' title="bbox 273 3651 1865 3733">
    <p class='ocr_par' dir='ltr' id='par_1_40' title="bbox 273 3651 1865 3733">
     <span class='ocr_line' id='line_1_40' title="bbox 273 3651 1865 3733; baseline 0.006 -28"><span class='ocrx_word' id='word_1_291' title='bbox 273 3651 473 3717; x_wconf 77' lang='grc' dir='ltr'>λείας,</span> <span class='ocrx_word' id='word_1_292' title='bbox 523 3653 710 3722; x_wconf 72' lang='grc' dir='ltr'>φησὶν,</span> <span class='ocrx_word' id='word_1_293' title='bbox 758 3652 1077 3721; x_wconf 75' lang='grc' dir='ltr'>ἐρήμωσις.</span> <span class='ocrx_word' id='word_1_294' title='bbox 1121 3655 1219 3709; x_wconf 89' lang='grc' dir='ltr'>Διά</span> <span class='ocrx_word' id='word_1_295' title='bbox 1262 3656 1421 3710; x_wconf 90' lang='grc' dir='ltr'>τοῦτό</span> <span class='ocrx_word' id='word_1_296' title='bbox 1450 3661 1629 3728; x_wconf 85' lang='grc' dir='ltr'>’φησιν</span> <span class='ocrx_word' id='word_1_297' title='bbox 1673 3661 1702 3712; x_wconf 91' lang='lat'>6</span> <span class='ocrx_word' id='word_1_298' title='bbox 1736 3662 1865 3733; x_wconf 85' lang='grc' dir='ltr'>Χρι-</span> 
     </span>
    </p>
   </div>
   <div class='ocr_carea' id='block_1_41' title="bbox 276 3734 1863 3814">
    <p class='ocr_par' dir='ltr' id='par_1_41' title="bbox 276 3734 1863 3814">
     <span class='ocr_line' id='line_1_41' title="bbox 276 3734 1863 3814; baseline 0.006 -27"><span class='ocrx_word' id='word_1_299' title='bbox 276 3734 429 3798; x_wconf 81' lang='grc' dir='ltr'>στὸς,</span> <span class='ocrx_word' id='word_1_300' title='bbox 471 3735 611 3806; x_wconf 84' lang='grc' dir='ltr'>μετὰ</span> <span class='ocrx_word' id='word_1_301' title='bbox 649 3736 919 3808; x_wconf 83' lang='grc' dir='ltr'>Ἀντίοχον</span> <span class='ocrx_word' id='word_1_302' title='bbox 954 3736 1045 3790; x_wconf 84' lang='grc' dir='ltr'>τὸν</span> <span class='ocrx_word' id='word_1_303' title='bbox 1100 3738 1370 3810; x_wconf 82' lang='grc' dir='ltr'>Ἐπιφανῆ</span> <span class='ocrx_word' id='word_1_304' title='bbox 1419 3743 1863 3814; x_wconf 74' lang='grc' dir='ltr'>παραγενόμενος</span> 
     </span>
    </p>
   </div>
   <div class='ocr_carea' id='block_1_42' title="bbox 272 3810 1862 3895">
    <p class='ocr_par' dir='ltr' id='par_1_42' title="bbox 272 3810 1862 3895">
     <span class='ocr_line' id='line_1_42' title="bbox 272 3810 1862 3895; baseline 0.007 -25"><span class='ocrx_word' id='word_1_305' title='bbox 272 3817 342 3871; x_wconf 82' lang='grc' dir='ltr'>τὸ</span> <span class='ocrx_word' id='word_1_306' title='bbox 398 3817 539 3871; x_wconf 89' lang='grc' dir='ltr'>κατά</span> <span class='ocrx_word' id='word_1_307' title='bbox 582 3818 780 3889; x_wconf 84' lang='grc' dir='ltr'>σάρκα,</span> <span class='ocrx_word' id='word_1_308' title='bbox 829 3819 922 3873; x_wconf 78' lang='grc' dir='ltr'>καὶ</span> <span class='ocrx_word' id='word_1_309' title='bbox 964 3823 1374 3891; x_wconf 78' lang='grc' dir='ltr'>προαναφωνῶν</span> <span class='ocrx_word' id='word_1_310' title='bbox 1423 3810 1523 3895; x_wconf 80' lang='grc' dir='ltr'>τὴν</span> <span class='ocrx_word' id='word_1_311' title='bbox 1555 3810 1862 3895; x_wconf 70' lang='grc' dir='ltr'>μέλλουσαν</span> 
     </span>
    </p>
   </div>
   <div class='ocr_carea' id='block_1_43' title="bbox 274 3900 1863 3981">
    <p class='ocr_par' dir='ltr' id='par_1_43' title="bbox 274 3900 1863 3981">
     <span class='ocr_line' id='line_1_43' title="bbox 274 3900 1863 3981; baseline 0.008 -27"><span class='ocrx_word' id='word_1_312' title='bbox 274 3900 503 3956; x_wconf 76' lang='grc' dir='ltr'>ἔσεσθαι</span> <span class='ocrx_word' id='word_1_313' title='bbox 545 3903 939 3973; x_wconf 85' lang='grc' dir='ltr'>αἰχμαλωσίαν,</span> <span class='ocrx_word' id='word_1_314' title='bbox 973 3906 1068 3959; x_wconf 78' lang='grc' dir='ltr'>καὶ</span> <span class='ocrx_word' id='word_1_315' title='bbox 1095 3905 1310 3970; x_wconf 70' lang='grc' dir='ltr'>δεικνὺς</span> <span class='ocrx_word' id='word_1_316' title='bbox 1349 3906 1431 3960; x_wconf 86' lang='grc' dir='ltr'>ὅτι</span> <span class='ocrx_word' id='word_1_317' title='bbox 1465 3909 1592 3977; x_wconf 85' lang='grc' dir='ltr'>περί</span> <span class='ocrx_word' id='word_1_318' title='bbox 1622 3908 1795 3981; x_wconf 76' lang='grc' dir='ltr'>αὐτῆς</span> <span class='ocrx_word' id='word_1_319' title='bbox 1833 3914 1863 3966; x_wconf 91' lang='lat'>6</span> 
     </span>
    </p>
   </div>
   <div class='ocr_carea' id='block_1_44' title="bbox 273 3985 1854 4059">
    <p class='ocr_par' dir='ltr' id='par_1_44' title="bbox 273 3985 1854 4059">
     <span class='ocr_line' id='line_1_44' title="bbox 273 3985 1854 4059; baseline 0.006 -20"><span class='ocrx_word' id='word_1_320' title='bbox 273 3985 479 4056; x_wconf 82' lang='grc' dir='ltr'>Δανιὴλ</span> <span class='ocrx_word' id='word_1_321' title='bbox 510 3987 906 4057; x_wconf 83' lang='grc' dir='ltr'>προεφήτευσε,</span> <span class='ocrx_word' id='word_1_322' title='bbox 941 3990 1125 4059; x_wconf 87' lang='grc' dir='ltr'>φησίν·</span> <span class='ocrx_word' id='word_1_323' title='bbox 1155 3990 1345 4044; x_wconf 85' lang='grc' dir='ltr'>Ὅταν</span> <span class='ocrx_word' id='word_1_324' title='bbox 1392 3990 1557 4057; x_wconf 73' lang='grc' dir='ltr'>ἴδητε</span> <span class='ocrx_word' id='word_1_325' title='bbox 1610 3994 1675 4046; x_wconf 86' lang='grc' dir='ltr'>τὸ</span> <span class='ocrx_word' id='word_1_326' title='bbox 1711 3994 1854 4058; x_wconf 76' lang='grc' dir='ltr'>,Βδέ-</span> 
     </span>
    </p>
   </div>
   <div class='ocr_carea' id='block_1_45' title="bbox 271 4069 1862 4148">
    <p class='ocr_par' dir='ltr' id='par_1_45' title="bbox 271 4069 1862 4148">
     <span class='ocr_line' id='line_1_45' title="bbox 271 4069 1862 4148; baseline -0.006 -18"><span class='ocrx_word' id='word_1_327' title='bbox 271 4073 483 4139; x_wconf 75' lang='grc' dir='ltr'>λυγμα</span> <span class='ocrx_word' id='word_1_328' title='bbox 512 4069 622 4138; x_wconf 83' lang='grc' dir='ltr'>τῆς</span> <span class='ocrx_word' id='word_1_329' title='bbox 649 4070 1019 4139; x_wconf 83' lang='grc' dir='ltr'>ἐρημώσεως,</span> <span class='ocrx_word' id='word_1_330' title='bbox 1065 4072 1097 4125; x_wconf 85' lang='grc' dir='ltr'>ὃ</span> <span class='ocrx_word' id='word_1_331' title='bbox 1125 4069 1257 4127; x_wconf 76' lang='grc' dir='ltr'>εἰπε</span> <span class='ocrx_word' id='word_1_332' title='bbox 1288 4073 1514 4141; x_wconf 82' lang='grc' dir='ltr'>Δανιὴλ</span> <span class='ocrx_word' id='word_1_333' title='bbox 1560 4078 1594 4129; x_wconf 87' lang='grc' dir='ltr'>ό</span> <span class='ocrx_word' id='word_1_334' title='bbox 1628 4079 1862 4148; x_wconf 63' lang='grc' dir='ltr'>προφιξ.</span> 
     </span>
    </p>
   </div>
   <div class='ocr_carea' id='block_1_46' title="bbox 272 4152 1875 4233">
    <p class='ocr_par' dir='ltr' id='par_1_46' title="bbox 272 4152 1875 4233">
     <span class='ocr_line' id='line_1_46' title="bbox 272 4152 1875 4233; baseline 0.006 -28"><span class='ocrx_word' id='word_1_335' title='bbox 272 4170 410 4221; x_wconf 81' lang='grc' dir='ltr'>της,</span> <span class='ocrx_word' id='word_1_336' title='bbox 447 4152 639 4218; x_wconf 79' lang='grc' dir='ltr'>ἑστὼς</span> <span class='ocrx_word' id='word_1_337' title='bbox 678 4153 748 4207; x_wconf 83' lang='grc' dir='ltr'>ἐν</span> <span class='ocrx_word' id='word_1_338' title='bbox 773 4154 936 4221; x_wconf 81' lang='grc' dir='ltr'>τόπῳ</span> <span class='ocrx_word' id='word_1_339' title='bbox 959 4156 1125 4226; x_wconf 64' lang='grc' dir='ltr'>ἁγίῳ</span> <span class='ocrx_word' id='word_1_340' title='bbox 1166 4160 1199 4211; x_wconf 85' lang='grc' dir='ltr'>ό</span> <span class='ocrx_word' id='word_1_341' title='bbox 1243 4156 1672 4229; x_wconf 78' lang='grc' dir='ltr'>ἀναγινώσκων</span> <span class='ocrx_word' id='word_1_342' title='bbox 1702 4166 1875 4233; x_wconf 45' lang='lat' dir='ltr'>rogi;</span> 
     </span>
    </p>
   </div>
   <div class='ocr_carea' id='block_1_47' title="bbox 272 4232 1861 4317">
    <p class='ocr_par' dir='ltr' id='par_1_47' title="bbox 272 4232 1861 4317">
     <span class='ocr_line' id='line_1_47' title="bbox 272 4232 1861 4317; baseline 0.008 -29"><span class='ocrx_word' id='word_1_343' title='bbox 272 4251 378 4289; x_wconf 84' lang='grc' dir='ltr'>τω.</span> <span class='ocrx_word' id='word_1_344' title='bbox 430 4235 648 4306; x_wconf 78' lang='grc' dir='ltr'>Ἐπειδὴ</span> <span class='ocrx_word' id='word_1_345' title='bbox 699 4237 808 4307; x_wconf 89' lang='grc' dir='ltr'>γάρ</span> <span class='ocrx_word' id='word_1_346' title='bbox 852 4236 998 4291; x_wconf 76' lang='grc' dir='ltr'>ἅπαν</span> <span class='ocrx_word' id='word_1_347' title='bbox 1047 4239 1285 4304; x_wconf 69' lang='grc' dir='ltr'>εἴδωλον,</span> <span class='ocrx_word' id='word_1_348' title='bbox 1333 4242 1427 4295; x_wconf 77' lang='grc' dir='ltr'>καὶ</span> <span class='ocrx_word' id='word_1_349' title='bbox 1470 4243 1578 4294; x_wconf 84' lang='grc' dir='ltr'>πᾶν</span> <span class='ocrx_word' id='word_1_350' title='bbox 1623 4232 1861 4317; x_wconf 57' lang='lat' dir='ltr'>rma</span> 
     </span>
    </p>
   </div>
   <div class='ocr_carea' id='block_1_48' title="bbox 270 4317 1858 4396">
    <p class='ocr_par' dir='ltr' id='par_1_48' title="bbox 270 4317 1858 4396">
     <span class='ocr_line' id='line_1_48' title="bbox 270 4317 1858 4396; baseline 0.01 -28"><span class='ocrx_word' id='word_1_351' title='bbox 270 4317 574 4389; x_wconf 86' lang='grc' dir='ltr'>ἀνθρώπου</span> <span class='ocrx_word' id='word_1_352' title='bbox 617 4320 769 4390; x_wconf 83' lang='grc' dir='ltr'>παρά</span> <span class='ocrx_word' id='word_1_353' title='bbox 807 4322 918 4385; x_wconf 86' lang='grc' dir='ltr'>τοῖς</span> <span class='ocrx_word' id='word_1_354' title='bbox 965 4322 1238 4387; x_wconf 83' lang='grc' dir='ltr'>Ἰουδαίοις</span> <span class='ocrx_word' id='word_1_355' title='bbox 1270 4324 1544 4396; x_wconf 84' lang='grc' dir='ltr'>βδέλυγμα</span> <span class='ocrx_word' id='word_1_356' title='bbox 1589 4329 1858 4394; x_wconf 87' lang='grc' dir='ltr'>ἐκαλεῖτο,</span> 
     </span>
    </p>
   </div>
   <div class='ocr_carea' id='block_1_49' title="bbox 270 4401 1858 4485">
    <p class='ocr_par' dir='ltr' id='par_1_49' title="bbox 270 4401 1858 4485">
     <span class='ocr_line' id='line_1_49' title="bbox 270 4401 1858 4485; baseline 0.008 -29"><span class='ocrx_word' id='word_1_357' title='bbox 270 4401 698 4473; x_wconf 77' lang='grc' dir='ltr'>αἰνιγματωδῶς</span> <span class='ocrx_word' id='word_1_358' title='bbox 729 4402 1008 4485; x_wconf 74' lang='grc' dir='ltr'>ἐμφαίνων</span> <span class='ocrx_word' id='word_1_359' title='bbox 1036 4405 1127 4459; x_wconf 81' lang='grc' dir='ltr'>τὸν</span> <span class='ocrx_word' id='word_1_360' title='bbox 1152 4406 1442 4479; x_wconf 85' lang='grc' dir='ltr'>ἀνδριάντα</span> <span class='ocrx_word' id='word_1_361' title='bbox 1464 4412 1691 4477; x_wconf 82' lang='grc' dir='ltr'>ἐκεῖνον,</span> <span class='ocrx_word' id='word_1_362' title='bbox 1720 4414 1858 4485; x_wconf 87' lang='grc' dir='ltr'>ὁμοῦ</span> 
     </span>
    </p>
   </div>
   <div class='ocr_carea' id='block_1_50' title="bbox 270 4483 1859 4569">
    <p class='ocr_par' dir='ltr' id='par_1_50' title="bbox 270 4483 1859 4569">
     <span class='ocr_line' id='line_1_50' title="bbox 270 4483 1859 4569; baseline 0.006 -27"><span class='ocrx_word' id='word_1_363' title='bbox 270 4486 375 4542; x_wconf 72' lang='lat' dir='ltr'><strong><em>xal</em></strong></span> <span class='ocrx_word' id='word_1_364' title='bbox 421 4485 554 4569; x_wconf 85' lang='grc' dir='ltr'>πότε</span> <span class='ocrx_word' id='word_1_365' title='bbox 605 4485 700 4539; x_wconf 72' lang='grc' dir='ltr'>καὶ</span> <span class='ocrx_word' id='word_1_366' title='bbox 735 4483 839 4540; x_wconf 83' lang='grc' dir='ltr'>ὑπὸ</span> <span class='ocrx_word' id='word_1_367' title='bbox 884 4487 1094 4559; x_wconf 83' lang='grc' dir='ltr'>τίνοςή</span> <span class='ocrx_word' id='word_1_368' title='bbox 1129 4490 1474 4560; x_wconf 85' lang='grc' dir='ltr'>αἰχμαλωσία</span> <span class='ocrx_word' id='word_1_369' title='bbox 1509 4494 1683 4559; x_wconf 79' lang='grc' dir='ltr'>ἔσται,</span> <span class='ocrx_word' id='word_1_370' title='bbox 1727 4483 1859 4569; x_wconf 71' lang='grc' dir='ltr'>προσ</span> 
     </span>
    </p>
   </div>
   <div class='ocr_carea' id='block_1_51' title="bbox 271 4568 1855 4652">
    <p class='ocr_par' dir='ltr' id='par_1_51' title="bbox 271 4568 1855 4652">
     <span class='ocr_line' id='line_1_51' title="bbox 271 4568 1855 4652; baseline 0.007 -29"><span class='ocrx_word' id='word_1_371' title='bbox 271 4568 650 4641; x_wconf 83' lang='grc' dir='ltr'>ανεφώνησεν.</span> <span class='ocrx_word' id='word_1_372' title='bbox 682 4570 803 4623; x_wconf 87' lang='grc' dir='ltr'>Ὅτι</span> <span class='ocrx_word' id='word_1_373' title='bbox 831 4570 888 4624; x_wconf 86' lang='grc' dir='ltr'>δέ</span> <span class='ocrx_word' id='word_1_374' title='bbox 924 4572 1051 4644; x_wconf 84' lang='grc' dir='ltr'>περὶ</span> <span class='ocrx_word' id='word_1_375' title='bbox 1097 4573 1381 4643; x_wconf 86' lang='grc' dir='ltr'>Ῥωμαίων</span> <span class='ocrx_word' id='word_1_376' title='bbox 1414 4577 1587 4630; x_wconf 87' lang='grc' dir='ltr'>ταῦτα</span> <span class='ocrx_word' id='word_1_377' title='bbox 1620 4568 1855 4652; x_wconf 72' lang='grc' dir='ltr'>εἴρηται,</span> 
     </span>
    </p>
   </div>
   <div class='ocr_carea' id='block_1_52' title="bbox 271 4652 1859 4735">
    <p class='ocr_par' dir='ltr' id='par_1_52' title="bbox 271 4652 1859 4735">
     <span class='ocr_line' id='line_1_52' title="bbox 271 4652 1859 4735; baseline 0.006 -26"><span class='ocrx_word' id='word_1_378' title='bbox 271 4656 375 4709; x_wconf 73' lang='grc' dir='ltr'>καὶ</span> <span class='ocrx_word' id='word_1_379' title='bbox 410 4655 440 4705; x_wconf 91' lang='lat'>6</span> <span class='ocrx_word' id='word_1_380' title='bbox 480 4652 801 4735; x_wconf 85' lang='grc' dir='ltr'>Ἰώσηππος,</span> <span class='ocrx_word' id='word_1_381' title='bbox 840 4654 1093 4727; x_wconf 86' lang='grc' dir='ltr'>καθάπερ</span> <span class='ocrx_word' id='word_1_382' title='bbox 1140 4656 1448 4729; x_wconf 78' lang='grc' dir='ltr'>ἔμπροσθεν</span> <span class='ocrx_word' id='word_1_383' title='bbox 1495 4661 1859 4735; x_wconf 81' lang='grc' dir='ltr'>ἀπεδείξαμεν</span> 
     </span>
    </p>
   </div>
   <div class='ocr_carea' id='block_1_53' title="bbox 272 4734 1856 4818">
    <p class='ocr_par' dir='ltr' id='par_1_53' title="bbox 272 4734 1856 4818">
     <span class='ocr_line' id='line_1_53' title="bbox 272 4734 1856 4818; baseline 0.006 -27"><span class='ocrx_word' id='word_1_384' title='bbox 272 4739 521 4809; x_wconf 79' lang='grc' dir='ltr'>εἴρηκεν.</span> <span class='ocrx_word' id='word_1_385' title='bbox 589 4737 686 4802; x_wconf 89' lang='grc' dir='ltr'>Τίς</span> <span class='ocrx_word' id='word_1_386' title='bbox 736 4734 829 4793; x_wconf 82' lang='grc' dir='ltr'>οῦν</span> <span class='ocrx_word' id='word_1_387' title='bbox 878 4741 1007 4810; x_wconf 85' lang='grc' dir='ltr'>ὑμῖν</span> <span class='ocrx_word' id='word_1_388' title='bbox 1046 4740 1231 4795; x_wconf 81' lang='grc' dir='ltr'>λοιπὸν</span> <span class='ocrx_word' id='word_1_389' title='bbox 1264 4741 1642 4800; x_wconf 81' lang='grc' dir='ltr'>ὑπολέλειπται</span> <span class='ocrx_word' id='word_1_390' title='bbox 1678 4734 1856 4818; x_wconf 83' lang='grc' dir='ltr'>λόγος,</span> 
     </span>
    </p>
   </div>
   <div class='ocr_carea' id='block_1_54' title="bbox 274 4821 1855 4900">
    <p class='ocr_par' dir='ltr' id='par_1_54' title="bbox 274 4821 1855 4900">
     <span class='ocr_line' id='line_1_54' title="bbox 274 4821 1855 4900; baseline 0.006 -25"><span class='ocrx_word' id='word_1_391' title='bbox 274 4823 407 4875; x_wconf 83' lang='grc' dir='ltr'>ὅταν</span> <span class='ocrx_word' id='word_1_392' title='bbox 466 4821 567 4886; x_wconf 88' lang='grc' dir='ltr'>τάς</span> <span class='ocrx_word' id='word_1_393' title='bbox 621 4822 720 4894; x_wconf 78' lang='grc' dir='ltr'>μὲν</span> <span class='ocrx_word' id='word_1_394' title='bbox 780 4823 945 4888; x_wconf 83' lang='grc' dir='ltr'>ἄλλας</span> <span class='ocrx_word' id='word_1_395' title='bbox 1003 4824 1302 4895; x_wconf 84' lang='grc' dir='ltr'>φαίνωνται</span> <span class='ocrx_word' id='word_1_396' title='bbox 1364 4828 1742 4900; x_wconf 86' lang='grc' dir='ltr'>αἰχμαλωσίας</span> <span class='ocrx_word' id='word_1_397' title='bbox 1804 4834 1855 4886; x_wconf 86' lang='grc' dir='ltr'>οἰ</span> 
     </span>
    </p>
   </div>
   <div class='ocr_carea' id='block_1_55' title="bbox 275 4904 1854 4988">
    <p class='ocr_par' dir='ltr' id='par_1_55' title="bbox 275 4904 1854 4988">
     <span class='ocr_line' id='line_1_55' title="bbox 275 4904 1854 4988; baseline 0.007 -30"><span class='ocrx_word' id='word_1_398' title='bbox 275 4904 558 4977; x_wconf 81' lang='grc' dir='ltr'>προφῆται</span> <span class='ocrx_word' id='word_1_399' title='bbox 591 4905 730 4977; x_wconf 88' lang='grc' dir='ltr'>μετά</span> <span class='ocrx_word' id='word_1_400' title='bbox 758 4907 1128 4980; x_wconf 86' lang='grc' dir='ltr'>διωρισμένων</span> <span class='ocrx_word' id='word_1_401' title='bbox 1156 4910 1364 4981; x_wconf 85' lang='grc' dir='ltr'>χρόνων</span> <span class='ocrx_word' id='word_1_402' title='bbox 1390 4906 1656 4979; x_wconf 89' lang='grc' dir='ltr'>εἰπόντες,</span> <span class='ocrx_word' id='word_1_403' title='bbox 1683 4915 1854 4988; x_wconf 85' lang='grc' dir='ltr'>ταύτῃ</span> 
     </span>
    </p>
   </div>
   <div class='ocr_carea' id='block_1_56' title="bbox 274 4989 1857 5064">
    <p class='ocr_par' dir='ltr' id='par_1_56' title="bbox 274 4989 1857 5064">
     <span class='ocr_line' id='line_1_56' title="bbox 274 4989 1857 5064; baseline 0.006 -20"><span class='ocrx_word' id='word_1_404' title='bbox 274 4990 337 5044; x_wconf 78' lang='grc' dir='ltr'>δὲ</span> <span class='ocrx_word' id='word_1_405' title='bbox 377 4989 581 5060; x_wconf 85' lang='grc' dir='ltr'>μηδένα</span> <span class='ocrx_word' id='word_1_406' title='bbox 622 4990 814 5062; x_wconf 87' lang='grc' dir='ltr'>χρόνον</span> <span class='ocrx_word' id='word_1_407' title='bbox 852 4992 1156 5064; x_wconf 84' lang='grc' dir='ltr'>ὁρίσαντες,</span> <span class='ocrx_word' id='word_1_408' title='bbox 1193 4994 1330 5049; x_wconf 87' lang='grc' dir='ltr'>ἀλλά</span> <span class='ocrx_word' id='word_1_409' title='bbox 1374 4996 1467 5049; x_wconf 78' lang='grc' dir='ltr'>καὶ</span> <span class='ocrx_word' id='word_1_410' title='bbox 1499 4997 1561 5050; x_wconf 82' lang='grc' dir='ltr'>τὸ</span> <span class='ocrx_word' id='word_1_411' title='bbox 1613 5000 1857 5054; x_wconf 86' lang='grc' dir='ltr'>ἐναντίον</span> 
     </span>
    </p>
   </div>
   <div class='ocr_carea' id='block_1_57' title="bbox 275 5073 1854 5154">
    <p class='ocr_par' dir='ltr' id='par_1_57' title="bbox 275 5073 1854 5154">
     <span class='ocr_line' id='line_1_57' title="bbox 275 5073 1854 5154; baseline 0.007 -28"><span class='ocrx_word' id='word_1_412' title='bbox 275 5073 688 5144; x_wconf 83' lang='grc' dir='ltr'>προσειπόντες,</span> <span class='ocrx_word' id='word_1_413' title='bbox 720 5075 802 5128; x_wconf 78' lang='grc' dir='ltr'>ὄτι</span> <span class='ocrx_word' id='word_1_414' title='bbox 822 5076 927 5139; x_wconf 73' lang='grc' dir='ltr'>ἓως</span> <span class='ocrx_word' id='word_1_415' title='bbox 950 5076 1260 5143; x_wconf 88' lang='grc' dir='ltr'>συντελείας</span> <span class='ocrx_word' id='word_1_416' title='bbox 1290 5078 1444 5133; x_wconf 82' lang='grc' dir='ltr'>ἔσται</span> <span class='ocrx_word' id='word_1_417' title='bbox 1475 5084 1508 5152; x_wconf 80' lang='grc' dir='ltr'><strong>ἡ</strong></span> <span class='ocrx_word' id='word_1_418' title='bbox 1538 5082 1854 5154; x_wconf 85' lang='grc' dir='ltr'>ἐρήμωσις;</span> 
     </span>
    </p>
   </div>
   <div class='ocr_carea' id='block_1_58' title="bbox 273 5158 1857 5238">
    <p class='ocr_par' dir='ltr' id='par_1_58' title="bbox 273 5158 1857 5238">
     <span class='ocr_line' id='line_1_58' title="bbox 273 5158 1857 5238; baseline 0.005 -26"><span class='ocrx_word' id='word_1_419' title='bbox 273 5158 387 5212; x_wconf 85' lang='lat' dir='ltr'>Kal</span> <span class='ocrx_word' id='word_1_420' title='bbox 425 5159 507 5213; x_wconf 84' lang='grc' dir='ltr'>ὅτι</span> <span class='ocrx_word' id='word_1_421' title='bbox 554 5159 617 5211; x_wconf 83' lang='grc' dir='ltr'><strong>οὐ</strong></span> <span class='ocrx_word' id='word_1_422' title='bbox 647 5158 841 5229; x_wconf 77' lang='grc' dir='ltr'>ψεῦδος</span> <span class='ocrx_word' id='word_1_423' title='bbox 885 5159 951 5214; x_wconf 88' lang='grc' dir='ltr'>τά</span> <span class='ocrx_word' id='word_1_424' title='bbox 982 5160 1269 5232; x_wconf 87' lang='grc' dir='ltr'>εἰρημένα,</span> <span class='ocrx_word' id='word_1_425' title='bbox 1302 5163 1435 5235; x_wconf 85' lang='grc' dir='ltr'>φέρε</span> <span class='ocrx_word' id='word_1_426' title='bbox 1473 5165 1568 5218; x_wconf 79' lang='grc' dir='ltr'>καὶ</span> <span class='ocrx_word' id='word_1_427' title='bbox 1610 5166 1709 5238; x_wconf 79' lang='grc' dir='ltr'>τήν</span> <span class='ocrx_word' id='word_1_428' title='bbox 1749 5168 1857 5221; x_wconf 78' lang='grc' dir='ltr'>ἀπὸ</span> 
     </span>
    </p>
   </div>
   <div class='ocr_carea' id='block_1_59' title="bbox 216 5240 1855 5321">
    <p class='ocr_par' dir='ltr' id='par_1_59' title="bbox 216 5240 1855 5321">
     <span class='ocr_line' id='line_1_59' title="bbox 216 5240 1855 5321; baseline 0.006 -28"><span class='ocrx_word' id='word_1_429' title='bbox 216 5276 222 5286; x_wconf 76' lang='grc'>.</span> <span class='ocrx_word' id='word_1_430' title='bbox 272 5240 386 5294; x_wconf 81' lang='grc' dir='ltr'>τῶν</span> <span class='ocrx_word' id='word_1_431' title='bbox 417 5241 759 5313; x_wconf 83' lang='grc' dir='ltr'>πραγμάτων</span> <span class='ocrx_word' id='word_1_432' title='bbox 796 5242 974 5296; x_wconf 80' lang='grc' dir='ltr'>αὐτῶν</span> <span class='ocrx_word' id='word_1_433' title='bbox 1014 5245 1386 5318; x_wconf 83' lang='grc' dir='ltr'>παράσχωμεν</span> <span class='ocrx_word' id='word_1_434' title='bbox 1428 5250 1760 5321; x_wconf 86' lang='grc' dir='ltr'>μαρτυρίαν.</span> <span class='ocrx_word' id='word_1_435' title='bbox 1792 5251 1855 5303; x_wconf 86' lang='grc' dir='ltr'>Εἰ</span> 
     </span>
    </p>
   </div>
   <div class='ocr_carea' id='block_1_60' title="bbox 276 5324 1856 5402">
    <p class='ocr_par' dir='ltr' id='par_1_60' title="bbox 276 5324 1856 5402">
     <span class='ocr_line' id='line_1_60' title="bbox 276 5324 1856 5402; baseline 0.008 -26"><span class='ocrx_word' id='word_1_436' title='bbox 276 5325 369 5396; x_wconf 77' lang='grc' dir='ltr'>μὲι.</span> <span class='ocrx_word' id='word_1_437' title='bbox 412 5324 521 5394; x_wconf 82' lang='grc' dir='ltr'>γὰρ</span> <span class='ocrx_word' id='word_1_438' title='bbox 564 5325 638 5397; x_wconf 86' lang='grc' dir='ltr'>μὴ</span> <span class='ocrx_word' id='word_1_439' title='bbox 671 5326 1032 5397; x_wconf 86' lang='grc' dir='ltr'>ἐπεχείρησαν</span> <span class='ocrx_word' id='word_1_440' title='bbox 1071 5329 1421 5402; x_wconf 90' lang='grc' dir='ltr'>οἰκοδομῆσαι</span> <span class='ocrx_word' id='word_1_441' title='bbox 1465 5332 1559 5387; x_wconf 82' lang='grc' dir='ltr'>τὸν</span> <span class='ocrx_word' id='word_1_442' title='bbox 1594 5333 1743 5397; x_wconf 77' lang='grc' dir='ltr'>ναὸν,</span> <span class='ocrx_word' id='word_1_443' title='bbox 1780 5330 1856 5389; x_wconf 82' lang='grc' dir='ltr'>εἷ·-</span> 
     </span>
    </p>
   </div>
   <div class='ocr_carea' id='block_1_61' title="bbox 272 5408 1854 5489">
    <p class='ocr_par' dir='ltr' id='par_1_61' title="bbox 272 5408 1854 5489">
     <span class='ocr_line' id='line_1_61' title="bbox 272 5408 1854 5489; baseline 0.006 -26"><span class='ocrx_word' id='word_1_444' title='bbox 272 5426 372 5482; x_wconf 87' lang='grc' dir='ltr'>χον</span> <span class='ocrx_word' id='word_1_445' title='bbox 417 5408 482 5464; x_wconf 73' lang='grc' dir='ltr'>ἂν</span> <span class='ocrx_word' id='word_1_446' title='bbox 524 5408 722 5479; x_wconf 87' lang='grc' dir='ltr'>λέγειν,</span> <span class='ocrx_word' id='word_1_447' title='bbox 753 5410 835 5464; x_wconf 78' lang='grc' dir='ltr'>ὅτι</span> <span class='ocrx_word' id='word_1_448' title='bbox 887 5409 953 5463; x_wconf 77' lang='grc' dir='ltr'>Εἴ</span> <span class='ocrx_word' id='word_1_449' title='bbox 973 5428 1035 5478; x_wconf 85' lang='grc' dir='ltr'>γε</span> <span class='ocrx_word' id='word_1_450' title='bbox 1078 5411 1460 5486; x_wconf 76' lang='grc' dir='ltr'>ήδουλήθημεν</span> <span class='ocrx_word' id='word_1_451' title='bbox 1507 5418 1854 5489; x_wconf 84' lang='grc' dir='ltr'>ἐπιχειρῆσαι</span> 
     </span>
    </p>
   </div>
   <div class='ocr_carea' id='block_1_62' title="bbox 272 5492 1857 5574">
    <p class='ocr_par' dir='ltr' id='par_1_62' title="bbox 272 5492 1857 5574">
     <span class='ocr_line' id='line_1_62' title="bbox 272 5492 1857 5574; baseline 0.004 -26"><span class='ocrx_word' id='word_1_452' title='bbox 272 5493 371 5549; x_wconf 70' lang='grc' dir='ltr'>καὶ</span> <span class='ocrx_word' id='word_1_453' title='bbox 428 5492 534 5565; x_wconf 86' lang='grc' dir='ltr'>τῆς</span> <span class='ocrx_word' id='word_1_454' title='bbox 589 5493 878 5565; x_wconf 78' lang='grc' dir='ltr'>οἰκοδομῆς</span> <span class='ocrx_word' id='word_1_455' title='bbox 926 5494 1187 5564; x_wconf 72' lang='grc' dir='ltr'>ἅψασθαι,</span> <span class='ocrx_word' id='word_1_456' title='bbox 1242 5497 1461 5563; x_wconf 85' lang='grc' dir='ltr'>πάντως</span> <span class='ocrx_word' id='word_1_457' title='bbox 1516 5500 1582 5554; x_wconf 83' lang='grc' dir='ltr'>ἂν</span> <span class='ocrx_word' id='word_1_458' title='bbox 1633 5502 1857 5574; x_wconf 84' lang='grc' dir='ltr'>ἰσχύσα-</span> 
     </span>
    </p>
   </div>
   <div class='ocr_carea' id='block_1_63' title="bbox 273 5575 1855 5659">
    <p class='ocr_par' dir='ltr' id='par_1_63' title="bbox 273 5575 1855 5659">
     <span class='ocr_line' id='line_1_63' title="bbox 273 5575 1855 5659; baseline 0.006 -30"><span class='ocrx_word' id='word_1_459' title='bbox 273 5592 379 5649; x_wconf 82' lang='grc' dir='ltr'>μεν</span> <span class='ocrx_word' id='word_1_460' title='bbox 419 5576 518 5631; x_wconf 63' lang='grc' dir='ltr'>καὶ⁷</span> <span class='ocrx_word' id='word_1_461' title='bbox 580 5575 877 5648; x_wconf 75' lang='grc' dir='ltr'>ἠνύσαμεν·</span> <span class='ocrx_word' id='word_1_462' title='bbox 932 5579 1048 5631; x_wconf 84' lang='grc' dir='ltr'>νυνί</span> <span class='ocrx_word' id='word_1_463' title='bbox 1097 5576 1155 5631; x_wconf 89' lang='grc' dir='ltr'>δέ</span> <span class='ocrx_word' id='word_1_464' title='bbox 1206 5581 1402 5647; x_wconf 75' lang='grc' dir='ltr'>αὐτοὺς</span> <span class='ocrx_word' id='word_1_465' title='bbox 1460 5582 1710 5658; x_wconf 86' lang='grc' dir='ltr'>δείκνυμι</span> <span class='ocrx_word' id='word_1_466' title='bbox 1757 5586 1855 5659; x_wconf 69' lang='grc' dir='ltr'>οὐχ</span> 
     </span>
    </p>
   </div>
   <div class='ocr_carea' id='block_1_64' title="bbox 341 5786 1851 5863">
    <p class='ocr_par' dir='ltr' id='par_1_64' title="bbox 341 5786 1851 5863">
     <span class='ocr_line' id='line_1_64' title="bbox 341 5786 1851 5863; baseline 0.008 -23"><span class='ocrx_word' id='word_1_467' title='bbox 341 5786 360 5863; x_wconf 62' lang='grc' dir='ltr'><strong><em>ξ</em></strong></span> <span class='ocrx_word' id='word_1_468' title='bbox 394 5788 940 5863; x_wconf 38' lang='grc' dir='ltr'>Αἰξί-ἄπολάδῃιίηιιμὶι</span> <span class='ocrx_word' id='word_1_469' title='bbox 961 5793 1152 5863; x_wconf 48' lang='grc' dir='ltr'>βοηιῖη</span> <span class='ocrx_word' id='word_1_470' title='bbox 1174 5797 1259 5863; x_wconf 66' lang='grc' dir='ltr'>ιιμί</span> <span class='ocrx_word' id='word_1_471' title='bbox 1285 5796 1534 5863; x_wconf 60' lang='lat' dir='ltr'>scribebat</span> <span class='ocrx_word' id='word_1_472' title='bbox 1553 5799 1692 5863; x_wconf 69' lang='grc' dir='ltr'>λάϐῃ.</span> <span class='ocrx_word' id='word_1_473' title='bbox 1720 5801 1851 5852; x_wconf 70' lang='lat' dir='ltr'>Enn.</span> 
     </span>
    </p>
   </div>
   <div class='ocr_carea' id='block_1_65' title="bbox 340 5855 1855 5935">
    <p class='ocr_par' dir='ltr' id='par_1_65' title="bbox 340 5855 1855 5935">
     <span class='ocr_line' id='line_1_65' title="bbox 340 5855 1855 5935; baseline 0.007 -32"><span class='ocrx_word' id='word_1_474' title='bbox 340 5855 592 5935; x_wconf 36' lang='lat' dir='ltr'>{algidam</span> <span class='ocrx_word' id='word_1_475' title='bbox 615 5855 729 5928; x_wconf 61' lang='grc' dir='ltr'>ποειτ’.</span> <span class='ocrx_word' id='word_1_476' title='bbox 753 5855 1000 5935; x_wconf 54' lang='grc' dir='ltr'>διαφθερεῖ.</span> <span class='ocrx_word' id='word_1_477' title='bbox 1014 5856 1155 5935; x_wconf 46' lang='lat' dir='ltr'>‘Ipfra</span> <span class='ocrx_word' id='word_1_478' title='bbox 1179 5855 1577 5935; x_wconf 55' lang='lat' dir='ltr'>Morel.uolépou_</span> <span class='ocrx_word' id='word_1_479' title='bbox 1594 5855 1855 5935; x_wconf 60' lang='grc' dir='ltr'>συντεκμη-</span> 
     </span>
    </p>
   </div>
   <div class='ocr_carea' id='block_1_66' title="bbox 271 5913 1853 5995">
    <p class='ocr_par' dir='ltr' id='par_1_66' title="bbox 271 5913 1853 5995">
     <span class='ocr_line' id='line_1_66' title="bbox 271 5913 1853 5995; baseline 0.008 -34"><span class='ocrx_word' id='word_1_480' title='bbox 271 5913 731 5995; x_wconf 20' lang='grc' dir='ltr'>μ-έχουλάψσμοῖς,</span> <span class='ocrx_word' id='word_1_481' title='bbox 776 5913 927 5993; x_wconf 56' lang='grc' dir='ltr'>ειν]ιὶ</span> <span class='ocrx_word' id='word_1_482' title='bbox 947 5921 1159 5981; x_wconf 85' lang='grc' dir='ltr'>πολέμου</span> <span class='ocrx_word' id='word_1_483' title='bbox 1182 5913 1534 5984; x_wconf 71' lang='grc' dir='ltr'>συντιτμημὲνα</span> <span class='ocrx_word' id='word_1_484' title='bbox 1555 5913 1853 5990; x_wconf 63' lang='grc' dir='ltr'>ἀφανισμῗῦν,</span> 
     </span>
    </p>
   </div>
   <div class='ocr_carea' id='block_1_67' title="bbox 272 5987 908 6043">
    <p class='ocr_par' dir='ltr' id='par_1_67' title="bbox 272 5987 908 6043">
     <span class='ocr_line' id='line_1_67' title="bbox 272 5987 908 6043; baseline 0.005 -16"><span class='ocrx_word' id='word_1_485' title='bbox 272 5987 479 6036; x_wconf 68' lang='lat' dir='ltr'>quatuor</span> <span class='ocrx_word' id='word_1_486' title='bbox 503 5990 617 6026; x_wconf 81' lang='lat' dir='ltr'>mss.</span> <span class='ocrx_word' id='word_1_487' title='bbox 640 5987 908 6043; x_wconf 70' lang='grc' dir='ltr'>ἀφανισμῷ.</span> 
     </span>
    </p>
   </div>
   <div class='ocr_carea' id='block_1_68' title="bbox 597 6073 1357 6124">
    <p class='ocr_par' dir='ltr' id='par_1_68' title="bbox 597 6073 1357 6124">
     <span class='ocr_line' id='line_1_68' title="bbox 597 6073 1357 6124; baseline 0 0"><span class='ocrx_word' id='word_1_488' title='bbox 597 6073 863 6124; x_wconf 70' lang='grc' dir='ltr'>ΡΑτιιοι.</span> <span class='ocrx_word' id='word_1_489' title='bbox 914 6074 1028 6124; x_wconf 71' lang='lat' dir='ltr'>Gn-</span> <span class='ocrx_word' id='word_1_490' title='bbox 1080 6078 1126 6124; x_wconf 60' lang='grc' dir='ltr'><strong>Χ</strong></span> <span class='ocrx_word' id='word_1_491' title='bbox 1150 6077 1357 6124; x_wconf 60' lang='lat' dir='ltr'>LVIII,</span> 
     </span>
    </p>
   </div>
   <div class='ocr_carea' id='block_1_69' title="bbox 1562 353 2382 417">
    <p class='ocr_par' dir='ltr' id='par_1_69' title="bbox 1562 353 2382 417">
     <span class='ocr_line' id='line_1_69' title="bbox 1562 353 2382 417; baseline 0.001 -7"><span class='ocrx_word' id='word_1_492' title='bbox 1562 353 1929 415; x_wconf 76' lang='lat' dir='ltr'>ADVERSUS</span> <span class='ocrx_word' id='word_1_493' title='bbox 1964 355 2274 417; x_wconf 55' lang='lat' dir='ltr'>JUDIEOS.</span> <span class='ocrx_word' id='word_1_494' title='bbox 2321 356 2382 412; x_wconf 80' lang='grc' dir='ltr'>ν.</span> 
     </span>
    </p>
   </div>
   <div class='ocr_carea' id='block_1_70' title="bbox 3445 356 3551 410">
    <p class='ocr_par' dir='ltr' id='par_1_70' title="bbox 3445 356 3551 410">
     <span class='ocr_line' id='line_1_70' title="bbox 3445 356 3551 410; baseline 0 -1"><span class='ocrx_word' id='word_1_495' title='bbox 3445 356 3551 410; x_wconf 79' lang='lat'><em>900</em></span> 
     </span>
    </p>
   </div>
   <div class='ocr_carea' id='block_1_71' title="bbox 1983 471 3558 545">
    <p class='ocr_par' dir='ltr' id='par_1_71' title="bbox 1983 471 3558 545">
     <span class='ocr_line' id='line_1_71' title="bbox 1983 471 3558 545; baseline -0.006 -14"><span class='ocrx_word' id='word_1_496' title='bbox 1983 476 2158 541; x_wconf 67' lang='grc' dir='ltr'>ἅπαξ,</span> <span class='ocrx_word' id='word_1_497' title='bbox 2195 476 2316 530; x_wconf 79' lang='grc' dir='ltr'>οὑδέ</span> <span class='ocrx_word' id='word_1_498' title='bbox 2362 475 2463 539; x_wconf 67' lang='grc' dir='ltr'>δὶς,</span> <span class='ocrx_word' id='word_1_499' title='bbox 2502 473 2636 528; x_wconf 87' lang='grc' dir='ltr'>ἀλλά</span> <span class='ocrx_word' id='word_1_500' title='bbox 2689 474 2780 527; x_wconf 77' lang='grc' dir='ltr'>καὶ</span> <span class='ocrx_word' id='word_1_501' title='bbox 2818 474 2935 545; x_wconf 76' lang='grc' dir='ltr'>τρὶς</span> <span class='ocrx_word' id='word_1_502' title='bbox 2970 471 3423 543; x_wconf 78' lang='grc' dir='ltr'>ἐπιχειρήσαντας</span> <span class='ocrx_word' id='word_1_503' title='bbox 3462 487 3558 523; x_wconf 80' lang='grc' dir='ltr'>και</span> 
     </span>
    </p>
   </div>
   <div class='ocr_carea' id='block_1_72' title="bbox 1980 553 3554 629">
    <p class='ocr_par' dir='ltr' id='par_1_72' title="bbox 1980 553 3554 629">
     <span class='ocr_line' id='line_1_72' title="bbox 1980 553 3554 629; baseline -0.003 -17"><span class='ocrx_word' id='word_1_504' title='bbox 1980 560 2264 627; x_wconf 82' lang='grc' dir='ltr'>ραγέντας,</span> <span class='ocrx_word' id='word_1_505' title='bbox 2322 558 2573 629; x_wconf 85' lang='grc' dir='ltr'>καθάπερ</span> <span class='ocrx_word' id='word_1_506' title='bbox 2625 559 2681 610; x_wconf 87' lang='grc' dir='ltr'>ἐν</span> <span class='ocrx_word' id='word_1_507' title='bbox 2730 558 2839 621; x_wconf 84' lang='grc' dir='ltr'>τοῖς</span> <span class='ocrx_word' id='word_1_508' title='bbox 2887 556 3277 627; x_wconf 85' lang='grc' dir='ltr'>Ὀλυμπιακοις</span> <span class='ocrx_word' id='word_1_509' title='bbox 3306 553 3554 622; x_wconf 83' lang='grc' dir='ltr'>ἀγῶσιν,</span> 
     </span>
    </p>
   </div>
   <div class='ocr_carea' id='block_1_73' title="bbox 1975 633 3560 713">
    <p class='ocr_par' dir='ltr' id='par_1_73' title="bbox 1975 633 3560 713">
     <span class='ocr_line' id='line_1_73' title="bbox 1975 633 3560 713; baseline -0.004 -19"><span class='ocrx_word' id='word_1_510' title='bbox 1975 641 2116 694; x_wconf 85' lang='grc' dir='ltr'>ὥστε</span> <span class='ocrx_word' id='word_1_511' title='bbox 2146 640 2630 713; x_wconf 79' lang='grc' dir='ltr'>ἀναμφισϐήτητον</span> <span class='ocrx_word' id='word_1_512' title='bbox 2655 635 2795 694; x_wconf 76' lang='grc' dir='ltr'>εἶναι</span> <span class='ocrx_word' id='word_1_513' title='bbox 2821 640 2923 709; x_wconf 91' lang='grc' dir='ltr'>τῆς</span> <span class='ocrx_word' id='word_1_514' title='bbox 2957 638 3282 709; x_wconf 85' lang='grc' dir='ltr'>Ἐκκλησίας</span> <span class='ocrx_word' id='word_1_515' title='bbox 3310 637 3404 690; x_wconf 78' lang='grc' dir='ltr'>τὸν</span> <span class='ocrx_word' id='word_1_516' title='bbox 3434 633 3560 688; x_wconf 81' lang='grc' dir='ltr'>στέ-</span> 
     </span>
    </p>
   </div>
   <div class='ocr_carea' id='block_1_74' title="bbox 1979 740 2170 792">
    <p class='ocr_par' dir='ltr' id='par_1_74' title="bbox 1979 740 2170 792">
     <span class='ocr_line' id='line_1_74' title="bbox 1979 740 2170 792; baseline 0 -15"><span class='ocrx_word' id='word_1_517' title='bbox 1979 740 2170 792; x_wconf 86' lang='grc' dir='ltr'>φανον.</span> 
     </span>
    </p>
   </div>
   <div class='ocr_carea' id='block_1_75' title="bbox 2049 800 3556 878">
    <p class='ocr_par' dir='ltr' id='par_1_75' title="bbox 2049 800 3556 878">
     <span class='ocr_line' id='line_1_75' title="bbox 2049 800 3556 878; baseline -0.005 -17"><span class='ocrx_word' id='word_1_518' title='bbox 2049 814 2137 861; x_wconf 90' lang='grc' dir='ltr'>ια’.</span> <span class='ocrx_word' id='word_1_519' title='bbox 2158 809 2306 861; x_wconf 89' lang='grc' dir='ltr'>Ποῖοι</span> <span class='ocrx_word' id='word_1_520' title='bbox 2327 817 2349 846; x_wconf 77' lang='lat'><strong>°</strong></span> <span class='ocrx_word' id='word_1_521' title='bbox 2372 807 2556 861; x_wconf 86' lang='grc' dir='ltr'>τοίνυν</span> <span class='ocrx_word' id='word_1_522' title='bbox 2586 806 2949 878; x_wconf 83' lang='grc' dir='ltr'>ἐπεχείρησαν</span> <span class='ocrx_word' id='word_1_523' title='bbox 2969 822 2983 871; x_wconf 88' lang='grc'><strong>;</strong></span> <span class='ocrx_word' id='word_1_524' title='bbox 3001 806 3065 859; x_wconf 75' lang='lat' dir='ltr'><strong><em>Ol</em></strong></span> <span class='ocrx_word' id='word_1_525' title='bbox 3083 803 3168 858; x_wconf 74' lang='grc' dir='ltr'>ἀεὶ</span> <span class='ocrx_word' id='word_1_526' title='bbox 3187 801 3265 873; x_wconf 84' lang='grc' dir='ltr'>τῷ</span> <span class='ocrx_word' id='word_1_527' title='bbox 3281 800 3556 872; x_wconf 79' lang='grc' dir='ltr'>Πνεύματι</span> 
     </span>
    </p>
   </div>
   <div class='ocr_carea' id='block_1_76' title="bbox 1974 884 3552 963">
    <p class='ocr_par' dir='ltr' id='par_1_76' title="bbox 1974 884 3552 963">
     <span class='ocr_line' id='line_1_76' title="bbox 1974 884 3552 963; baseline -0.005 -18"><span class='ocrx_word' id='word_1_528' title='bbox 1974 891 2051 963; x_wconf 84' lang='grc' dir='ltr'>τῷ</span> <span class='ocrx_word' id='word_1_529' title='bbox 2063 892 2200 962; x_wconf 82' lang='grc' dir='ltr'>ἁγίῳ</span> <span class='ocrx_word' id='word_1_530' title='bbox 2214 892 2647 956; x_wconf 83' lang='grc' dir='ltr'>ἀντιπίπτοντες,</span> <span class='ocrx_word' id='word_1_531' title='bbox 2660 892 2710 944; x_wconf 87' lang='grc' dir='ltr'>οἰ</span> <span class='ocrx_word' id='word_1_532' title='bbox 2719 890 3101 962; x_wconf 73' lang='grc' dir='ltr'>νεωτεροποιοὶ</span> <span class='ocrx_word' id='word_1_533' title='bbox 3111 889 3203 943; x_wconf 74' lang='grc' dir='ltr'>καὶ</span> <span class='ocrx_word' id='word_1_534' title='bbox 3215 884 3552 940; x_wconf 88' lang='grc' dir='ltr'>στασιασταί·</span> 
     </span>
    </p>
   </div>
   <div class='ocr_carea' id='block_1_77' title="bbox 1979 968 3556 1046">
    <p class='ocr_par' dir='ltr' id='par_1_77' title="bbox 1979 968 3556 1046">
     <span class='ocr_line' id='line_1_77' title="bbox 1979 968 3556 1046; baseline -0.004 -20"><span class='ocrx_word' id='word_1_535' title='bbox 1979 975 2118 1043; x_wconf 85' lang='grc' dir='ltr'>μετὰ</span> <span class='ocrx_word' id='word_1_536' title='bbox 2161 973 2272 1045; x_wconf 88' lang='grc' dir='ltr'>γάρ</span> <span class='ocrx_word' id='word_1_537' title='bbox 2326 975 2425 1046; x_wconf 86' lang='grc' dir='ltr'>τὴν</span> <span class='ocrx_word' id='word_1_538' title='bbox 2461 973 2871 1028; x_wconf 81' lang='grc' dir='ltr'>Οὐεσπασιανοῦ</span> <span class='ocrx_word' id='word_1_539' title='bbox 2912 975 3008 1026; x_wconf 73' lang='grc' dir='ltr'>καὶ</span> <span class='ocrx_word' id='word_1_540' title='bbox 3054 972 3213 1025; x_wconf 91' lang='grc' dir='ltr'>Τίτου</span> <span class='ocrx_word' id='word_1_541' title='bbox 3255 968 3556 1039; x_wconf 80' lang='grc' dir='ltr'>γενομένην</span> 
     </span>
    </p>
   </div>
   <div class='ocr_carea' id='block_1_78' title="bbox 1973 1048 3557 1127">
    <p class='ocr_par' dir='ltr' id='par_1_78' title="bbox 1973 1048 3557 1127">
     <span class='ocr_line' id='line_1_78' title="bbox 1973 1048 3557 1127; baseline -0.003 -20"><span class='ocrx_word' id='word_1_542' title='bbox 1973 1056 2251 1127; x_wconf 77' lang='grc' dir='ltr'>ἐρήμωσιν</span> <span class='ocrx_word' id='word_1_543' title='bbox 2280 1054 2308 1094; x_wconf 72' lang='grc' dir='ltr'><strong>ά</strong></span> <span class='ocrx_word' id='word_1_544' title='bbox 2360 1057 2452 1109; x_wconf 79' lang='grc' dir='ltr'>ἐπὶ</span> <span class='ocrx_word' id='word_1_545' title='bbox 2500 1055 2779 1127; x_wconf 80' lang='grc' dir='ltr'>Ἀδριανοῦ</span> <span class='ocrx_word' id='word_1_546' title='bbox 2814 1056 3109 1115; x_wconf 85' lang='grc' dir='ltr'>συστάντες</span> <span class='ocrx_word' id='word_1_547' title='bbox 3150 1048 3294 1108; x_wconf 76' lang='grc' dir='ltr'>οὗτοι</span> <span class='ocrx_word' id='word_1_548' title='bbox 3337 1055 3385 1105; x_wconf 89' lang='grc' dir='ltr'>οἰ</span> <span class='ocrx_word' id='word_1_549' title='bbox 3428 1051 3557 1104; x_wconf 86' lang='grc' dir='ltr'>Ἰου-</span> 
     </span>
    </p>
   </div>
   <div class='ocr_carea' id='block_1_79' title="bbox 1972 1136 3555 1211">
    <p class='ocr_par' dir='ltr' id='par_1_79' title="bbox 1972 1136 3555 1211">
     <span class='ocr_line' id='line_1_79' title="bbox 1972 1136 3555 1211; baseline -0.003 -18"><span class='ocrx_word' id='word_1_550' title='bbox 1972 1140 2111 1193; x_wconf 86' lang='grc' dir='ltr'>δαῖοι</span> <span class='ocrx_word' id='word_1_551' title='bbox 2143 1138 2479 1203; x_wconf 78' lang='grc' dir='ltr'>ἐσπούδαζον</span> <span class='ocrx_word' id='word_1_552' title='bbox 2515 1140 2611 1192; x_wconf 78' lang='grc' dir='ltr'>ἐπὶ</span> <span class='ocrx_word' id='word_1_553' title='bbox 2639 1138 2739 1210; x_wconf 85' lang='grc' dir='ltr'>τὴν</span> <span class='ocrx_word' id='word_1_554' title='bbox 2777 1139 3050 1211; x_wconf 83' lang='grc' dir='ltr'>προτέραν</span> <span class='ocrx_word' id='word_1_555' title='bbox 3079 1137 3356 1191; x_wconf 84' lang='grc' dir='ltr'>πολιτείαν</span> <span class='ocrx_word' id='word_1_556' title='bbox 3390 1136 3555 1189; x_wconf 62' lang='grc' dir='ltr'>ἐπανη</span> 
     </span>
    </p>
   </div>
   <div class='ocr_carea' id='block_1_80' title="bbox 1973 1221 3556 1293">
    <p class='ocr_par' dir='ltr' id='par_1_80' title="bbox 1973 1221 3556 1293">
     <span class='ocr_line' id='line_1_80' title="bbox 1973 1221 3556 1293; baseline -0.003 -17"><span class='ocrx_word' id='word_1_557' title='bbox 1973 1223 2170 1287; x_wconf 87' lang='grc' dir='ltr'>ελθεῖν,</span> <span class='ocrx_word' id='word_1_558' title='bbox 2221 1225 2321 1277; x_wconf 84' lang='grc' dir='ltr'>οὐκ</span> <span class='ocrx_word' id='word_1_559' title='bbox 2370 1222 2572 1287; x_wconf 85' lang='grc' dir='ltr'>εἰδότες</span> <span class='ocrx_word' id='word_1_560' title='bbox 2613 1223 2695 1277; x_wconf 85' lang='grc' dir='ltr'>ὅτι</span> <span class='ocrx_word' id='word_1_561' title='bbox 2738 1222 2903 1293; x_wconf 73' lang='grc' dir='ltr'>ψήφῳ</span> <span class='ocrx_word' id='word_1_562' title='bbox 2943 1221 3076 1274; x_wconf 85' lang='grc' dir='ltr'>Θεοῦ</span> <span class='ocrx_word' id='word_1_563' title='bbox 3111 1221 3429 1290; x_wconf 84' lang='grc' dir='ltr'>πολεμοῦσι,</span> <span class='ocrx_word' id='word_1_564' title='bbox 3466 1237 3556 1272; x_wconf 86' lang='grc' dir='ltr'>κε-</span> 
     </span>
    </p>
   </div>
   <div class='ocr_carea' id='block_1_81' title="bbox 1972 1302 3556 1379">
    <p class='ocr_par' dir='ltr' id='par_1_81' title="bbox 1972 1302 3556 1379">
     <span class='ocr_line' id='line_1_81' title="bbox 1972 1302 3556 1379; baseline -0.003 -19"><span class='ocrx_word' id='word_1_565' title='bbox 1972 1305 2205 1379; x_wconf 81' lang='grc' dir='ltr'>λευούσῃ</span> <span class='ocrx_word' id='word_1_566' title='bbox 2252 1305 2342 1359; x_wconf 84' lang='grc' dir='ltr'>διά</span> <span class='ocrx_word' id='word_1_567' title='bbox 2395 1304 2598 1369; x_wconf 84' lang='grc' dir='ltr'>παντὸς</span> <span class='ocrx_word' id='word_1_568' title='bbox 2645 1304 2985 1378; x_wconf 73' lang='grc' dir='ltr'>ἐρημοῦσθαι</span> <span class='ocrx_word' id='word_1_569' title='bbox 3029 1305 3128 1376; x_wconf 82' lang='grc' dir='ltr'>τὴν</span> <span class='ocrx_word' id='word_1_570' title='bbox 3167 1304 3340 1356; x_wconf 77' lang='grc' dir='ltr'>πόλινο</span> <span class='ocrx_word' id='word_1_571' title='bbox 3372 1303 3463 1355; x_wconf 82' lang='grc' dir='ltr'>τὸν</span> <span class='ocrx_word' id='word_1_572' title='bbox 3499 1302 3556 1355; x_wconf 80' lang='grc' dir='ltr'>δὲ</span> 
     </span>
    </p>
   </div>
   <div class='ocr_carea' id='block_1_82' title="bbox 1972 1384 3555 1460">
    <p class='ocr_par' dir='ltr' id='par_1_82' title="bbox 1972 1384 3555 1460">
     <span class='ocr_line' id='line_1_82' title="bbox 1972 1384 3555 1460; baseline -0.011 -15"><span class='ocrx_word' id='word_1_573' title='bbox 1972 1384 2090 1460; x_wconf 79' lang='grc' dir='ltr'>Θεῷ</span> <span class='ocrx_word' id='word_1_574' title='bbox 2129 1389 2470 1460; x_wconf 82' lang='grc' dir='ltr'>πολεμοῦντα</span> <span class='ocrx_word' id='word_1_575' title='bbox 2503 1400 2527 1429; x_wconf 78' lang='grc' dir='ltr'><strong>ο</strong></span> <span class='ocrx_word' id='word_1_576' title='bbox 2568 1387 2953 1460; x_wconf 83' lang='grc' dir='ltr'>περιγενέσθαι</span> <span class='ocrx_word' id='word_1_577' title='bbox 2992 1388 3295 1459; x_wconf 86' lang='grc' dir='ltr'>ἀμήχανον.</span> <span class='ocrx_word' id='word_1_578' title='bbox 3343 1386 3555 1457; x_wconf 74' lang='grc' dir='ltr'>Συρῤή-</span> 
     </span>
    </p>
   </div>
   <div class='ocr_carea' id='block_1_83' title="bbox 1975 1469 3555 1544">
    <p class='ocr_par' dir='ltr' id='par_1_83' title="bbox 1975 1469 3555 1544">
     <span class='ocr_line' id='line_1_83' title="bbox 1975 1469 3555 1544; baseline -0.005 -16"><span class='ocrx_word' id='word_1_579' title='bbox 1975 1474 2167 1539; x_wconf 79' lang='grc' dir='ltr'>ξαντες</span> <span class='ocrx_word' id='word_1_580' title='bbox 2203 1474 2385 1527; x_wconf 89' lang='grc' dir='ltr'>τοίνυν</span> <span class='ocrx_word' id='word_1_581' title='bbox 2411 1473 2490 1544; x_wconf 81' lang='grc' dir='ltr'>τῷ</span> <span class='ocrx_word' id='word_1_582' title='bbox 2521 1473 2750 1544; x_wconf 89' lang='grc' dir='ltr'>βασιλεῖ,</span> <span class='ocrx_word' id='word_1_583' title='bbox 2779 1472 2943 1527; x_wconf 89' lang='grc' dir='ltr'>πάλιν</span> <span class='ocrx_word' id='word_1_584' title='bbox 2978 1473 3059 1535; x_wconf 87' lang='grc' dir='ltr'>εἰς</span> <span class='ocrx_word' id='word_1_585' title='bbox 3109 1470 3354 1540; x_wconf 85' lang='grc' dir='ltr'>ἀνάγκην</span> <span class='ocrx_word' id='word_1_586' title='bbox 3395 1469 3555 1521; x_wconf 70' lang='grc' dir='ltr'>αὐτὸν</span> 
     </span>
    </p>
   </div>
   <div class='ocr_carea' id='block_1_84' title="bbox 1972 1552 3556 1628">
    <p class='ocr_par' dir='ltr' id='par_1_84' title="bbox 1972 1552 3556 1628">
     <span class='ocr_line' id='line_1_84' title="bbox 1972 1552 3556 1628; baseline -0.004 -17"><span class='ocrx_word' id='word_1_587' title='bbox 1972 1559 2317 1628; x_wconf 83' lang='grc' dir='ltr'>κατέστησαν</span> <span class='ocrx_word' id='word_1_588' title='bbox 2340 1555 2640 1619; x_wconf 85' lang='grc' dir='ltr'>παντελοῦς</span> <span class='ocrx_word' id='word_1_589' title='bbox 2661 1554 3014 1627; x_wconf 84' lang='grc' dir='ltr'>ἐρημώσεως.</span> <span class='ocrx_word' id='word_1_590' title='bbox 3042 1552 3302 1608; x_wconf 81' lang='grc' dir='ltr'>Καθελὼν</span> <span class='ocrx_word' id='word_1_591' title='bbox 3331 1553 3439 1624; x_wconf 83' lang='grc' dir='ltr'>γὰρ</span> <span class='ocrx_word' id='word_1_592' title='bbox 3468 1552 3556 1604; x_wconf 84' lang='grc' dir='ltr'>αύ-</span> 
     </span>
    </p>
   </div>
   <div class='ocr_carea' id='block_1_85' title="bbox 1970 1636 3558 1713">
    <p class='ocr_par' dir='ltr' id='par_1_85' title="bbox 1970 1636 3558 1713">
     <span class='ocr_line' id='line_1_85' title="bbox 1970 1636 3558 1713; baseline -0.003 -20"><span class='ocrx_word' id='word_1_593' title='bbox 1970 1643 2096 1704; x_wconf 83' lang='grc' dir='ltr'>τοὺς</span> <span class='ocrx_word' id='word_1_594' title='bbox 2127 1645 2354 1707; x_wconf 87' lang='grc' dir='ltr'>ἐκεῖνος,</span> <span class='ocrx_word' id='word_1_595' title='bbox 2379 1642 2476 1695; x_wconf 74' lang='grc' dir='ltr'>καὶ</span> <span class='ocrx_word' id='word_1_596' title='bbox 2500 1640 2925 1713; x_wconf 86' lang='grc' dir='ltr'>χειρωσάμενος,</span> <span class='ocrx_word' id='word_1_597' title='bbox 2954 1638 3049 1692; x_wconf 77' lang='grc' dir='ltr'>καὶ</span> <span class='ocrx_word' id='word_1_598' title='bbox 3079 1638 3148 1691; x_wconf 87' lang='grc' dir='ltr'>τά</span> <span class='ocrx_word' id='word_1_599' title='bbox 3167 1636 3391 1706; x_wconf 68' lang='grc' dir='ltr'>λείψανα</span> <span class='ocrx_word' id='word_1_600' title='bbox 3415 1638 3558 1705; x_wconf 77' lang='grc' dir='ltr'>ἀφα-</span> 
     </span>
    </p>
   </div>
   <div class='ocr_carea' id='block_1_86' title="bbox 1971 1720 3554 1795">
    <p class='ocr_par' dir='ltr' id='par_1_86' title="bbox 1971 1720 3554 1795">
     <span class='ocr_line' id='line_1_86' title="bbox 1971 1720 3554 1795; baseline -0.003 -19"><span class='ocrx_word' id='word_1_601' title='bbox 1971 1726 2127 1788; x_wconf 86' lang='grc' dir='ltr'>νίσας</span> <span class='ocrx_word' id='word_1_602' title='bbox 2180 1725 2382 1789; x_wconf 85' lang='grc' dir='ltr'>πάντα,</span> <span class='ocrx_word' id='word_1_603' title='bbox 2441 1726 2529 1779; x_wconf 82' lang='grc' dir='ltr'>ἴνα</span> <span class='ocrx_word' id='word_1_604' title='bbox 2573 1723 2708 1795; x_wconf 88' lang='grc' dir='ltr'>μηδέ</span> <span class='ocrx_word' id='word_1_605' title='bbox 2747 1724 3125 1792; x_wconf 85' lang='grc' dir='ltr'>ἀναισχυντεῖν</span> <span class='ocrx_word' id='word_1_606' title='bbox 3156 1721 3319 1791; x_wconf 80' lang='grc' dir='ltr'>ἔχωσι</span> <span class='ocrx_word' id='word_1_607' title='bbox 3349 1720 3554 1781; x_wconf 80' lang='grc' dir='ltr'>λοιπὸν,</span> 
     </span>
    </p>
   </div>
   <div class='ocr_carea' id='block_1_87' title="bbox 1970 1802 3556 1880">
    <p class='ocr_par' dir='ltr' id='par_1_87' title="bbox 1970 1802 3556 1880">
     <span class='ocr_line' id='line_1_87' title="bbox 1970 1802 3556 1880; baseline -0.003 -21"><span class='ocrx_word' id='word_1_608' title='bbox 1970 1808 2063 1860; x_wconf 77' lang='grc' dir='ltr'>τὸν</span> <span class='ocrx_word' id='word_1_609' title='bbox 2106 1808 2398 1880; x_wconf 86' lang='grc' dir='ltr'>ἀνδριάντα</span> <span class='ocrx_word' id='word_1_610' title='bbox 2431 1808 2629 1878; x_wconf 77' lang='grc' dir='ltr'>ἔστησε</span> <span class='ocrx_word' id='word_1_611' title='bbox 2662 1808 2756 1859; x_wconf 82' lang='grc' dir='ltr'>τὸν</span> <span class='ocrx_word' id='word_1_612' title='bbox 2784 1805 3000 1858; x_wconf 73' lang='grc' dir='ltr'>ἐαυτοῦο</span> <span class='ocrx_word' id='word_1_613' title='bbox 3034 1802 3154 1858; x_wconf 77' lang='grc' dir='ltr'>εἶτα</span> <span class='ocrx_word' id='word_1_614' title='bbox 3189 1803 3433 1863; x_wconf 85' lang='grc' dir='ltr'>συνιδὼν,</span> <span class='ocrx_word' id='word_1_615' title='bbox 3474 1803 3556 1856; x_wconf 82' lang='grc' dir='ltr'>ὅτι</span> 
     </span>
    </p>
   </div>
   <div class='ocr_carea' id='block_1_88' title="bbox 1973 1888 3556 1964">
    <p class='ocr_par' dir='ltr' id='par_1_88' title="bbox 1973 1888 3556 1964">
     <span class='ocr_line' id='line_1_88' title="bbox 1973 1888 3556 1964; baseline -0.004 -19"><span class='ocrx_word' id='word_1_616' title='bbox 1973 1892 2262 1963; x_wconf 76' lang='grc' dir='ltr'>συμϐαίνει</span> <span class='ocrx_word' id='word_1_617' title='bbox 2325 1893 2502 1964; x_wconf 87' lang='grc' dir='ltr'>χρόνῳ</span> <span class='ocrx_word' id='word_1_618' title='bbox 2557 1891 2690 1945; x_wconf 88' lang='grc' dir='ltr'>ποτέ</span> <span class='ocrx_word' id='word_1_619' title='bbox 2748 1890 2939 1943; x_wconf 89' lang='grc' dir='ltr'>τοῦτον</span> <span class='ocrx_word' id='word_1_620' title='bbox 2996 1892 3349 1954; x_wconf 77' lang='grc' dir='ltr'>καταπεσεῖν,</span> <span class='ocrx_word' id='word_1_621' title='bbox 3416 1888 3556 1942; x_wconf 78' lang='grc' dir='ltr'>ὥστε</span> 
     </span>
    </p>
   </div>
   <div class='ocr_carea' id='block_1_89' title="bbox 1972 1971 3552 2045">
    <p class='ocr_par' dir='ltr' id='par_1_89' title="bbox 1972 1971 3552 2045">
     <span class='ocr_line' id='line_1_89' title="bbox 1972 1971 3552 2045; baseline 0.002 -17"><span class='ocrx_word' id='word_1_622' title='bbox 1972 1975 2154 2038; x_wconf 77' lang='grc' dir='ltr'>αὐτοῖς</span> <span class='ocrx_word' id='word_1_623' title='bbox 2188 1974 2422 2029; x_wconf 84' lang='grc' dir='ltr'>ἐνθεῖναι</span> <span class='ocrx_word' id='word_1_624' title='bbox 2452 1975 2703 2045; x_wconf 83' lang='grc' dir='ltr'>καυτῆρα</span> <span class='ocrx_word' id='word_1_625' title='bbox 2738 1974 2957 2027; x_wconf 87' lang='grc' dir='ltr'>ἀνίατον</span> <span class='ocrx_word' id='word_1_626' title='bbox 2986 1975 3085 2044; x_wconf 82' lang='grc' dir='ltr'>τῆς</span> <span class='ocrx_word' id='word_1_627' title='bbox 3122 1974 3294 2044; x_wconf 83' lang='grc' dir='ltr'>’ήττης</span> <span class='ocrx_word' id='word_1_628' title='bbox 3333 1973 3427 2025; x_wconf 72' lang='grc' dir='ltr'>καὶ</span> <span class='ocrx_word' id='word_1_629' title='bbox 3453 1971 3552 2040; x_wconf 72' lang='grc' dir='ltr'>τῆς</span> 
     </span>
    </p>
   </div>
   <div class='ocr_carea' id='block_1_90' title="bbox 1970 2052 3552 2129">
    <p class='ocr_par' dir='ltr' id='par_1_90' title="bbox 1970 2052 3552 2129">
     <span class='ocr_line' id='line_1_90' title="bbox 1970 2052 3552 2129; baseline -0.004 -18"><span class='ocrx_word' id='word_1_630' title='bbox 1970 2059 2356 2129; x_wconf 88' lang='grc' dir='ltr'>ἀναισχυντίας</span> <span class='ocrx_word' id='word_1_631' title='bbox 2395 2059 2612 2128; x_wconf 82' lang='grc' dir='ltr'>ἐκείνης</span> <span class='ocrx_word' id='word_1_632' title='bbox 2651 2058 2895 2128; x_wconf 77' lang='grc' dir='ltr'>ἔλεγχον,</span> <span class='ocrx_word' id='word_1_633' title='bbox 2938 2060 3001 2110; x_wconf 87' lang='grc' dir='ltr'>τὺ</span> <span class='ocrx_word' id='word_1_634' title='bbox 3044 2057 3216 2128; x_wconf 76' lang='grc' dir='ltr'>ὄνομα</span> <span class='ocrx_word' id='word_1_635' title='bbox 3258 2056 3320 2109; x_wconf 86' lang='grc' dir='ltr'>τὸ</span> <span class='ocrx_word' id='word_1_636' title='bbox 3363 2052 3552 2109; x_wconf 81' lang='grc' dir='ltr'>ἑαυτοῦ</span> 
     </span>
    </p>
   </div>
   <div class='ocr_carea' id='block_1_91' title="bbox 1968 2134 3554 2211">
    <p class='ocr_par' dir='ltr' id='par_1_91' title="bbox 1968 2134 3554 2211">
     <span class='ocr_line' id='line_1_91' title="bbox 1968 2134 3554 2211; baseline -0.004 -18"><span class='ocrx_word' id='word_1_637' title='bbox 1968 2144 2080 2205; x_wconf 86' lang='grc' dir='ltr'>τοῖς</span> <span class='ocrx_word' id='word_1_638' title='bbox 2107 2143 2206 2211; x_wconf 89' lang='grc' dir='ltr'>τῆς</span> <span class='ocrx_word' id='word_1_639' title='bbox 2233 2142 2442 2205; x_wconf 88' lang='grc' dir='ltr'>πόλεως</span> <span class='ocrx_word' id='word_1_640' title='bbox 2473 2141 2713 2211; x_wconf 76' lang='grc' dir='ltr'>ἐπέθηκε</span> <span class='ocrx_word' id='word_1_641' title='bbox 2747 2140 3042 2211; x_wconf 78' lang='grc' dir='ltr'>λειψάνοις.</span> <span class='ocrx_word' id='word_1_642' title='bbox 3085 2140 3300 2208; x_wconf 81' lang='grc' dir='ltr'>Ἐπειδὴ</span> <span class='ocrx_word' id='word_1_643' title='bbox 3333 2136 3441 2207; x_wconf 83' lang='grc' dir='ltr'>γὰρ</span> <span class='ocrx_word' id='word_1_644' title='bbox 3462 2134 3554 2188; x_wconf 78' lang='grc' dir='ltr'>Λῖ-</span> 
     </span>
    </p>
   </div>
   <div class='ocr_carea' id='block_1_92' title="bbox 1969 2210 3558 2296">
    <p class='ocr_par' dir='ltr' id='par_1_92' title="bbox 1969 2210 3558 2296">
     <span class='ocr_line' id='line_1_92' title="bbox 1969 2210 3558 2296; baseline -0.002 -20"><span class='ocrx_word' id='word_1_645' title='bbox 1969 2223 2083 2288; x_wconf 91' lang='grc' dir='ltr'>λιος</span> <span class='ocrx_word' id='word_1_646' title='bbox 2117 2210 2393 2296; x_wconf 79' lang='grc' dir='ltr'>Ἀδριανὸς</span> <span class='ocrx_word' id='word_1_647' title='bbox 2421 2210 2812 2296; x_wconf 72' lang='grc' dir='ltr'>ἐχρημάτιζεν,</span> <span class='ocrx_word' id='word_1_648' title='bbox 2848 2210 2991 2277; x_wconf 74' lang='grc' dir='ltr'>οὕτω</span> <span class='ocrx_word' id='word_1_649' title='bbox 3016 2223 3108 2276; x_wconf 76' lang='grc' dir='ltr'>καὶ</span> <span class='ocrx_word' id='word_1_650' title='bbox 3143 2222 3239 2292; x_wconf 81' lang='grc' dir='ltr'>τὴν</span> <span class='ocrx_word' id='word_1_651' title='bbox 3274 2221 3427 2273; x_wconf 88' lang='grc' dir='ltr'>πόλιν</span> <span class='ocrx_word' id='word_1_652' title='bbox 3458 2236 3558 2273; x_wconf 83' lang='grc' dir='ltr'>κα-</span> 
     </span>
    </p>
   </div>
   <div class='ocr_carea' id='block_1_93' title="bbox 1967 2300 3555 2378">
    <p class='ocr_par' dir='ltr' id='par_1_93' title="bbox 1967 2300 3555 2378">
     <span class='ocr_line' id='line_1_93' title="bbox 1967 2300 3555 2378; baseline -0.004 -19"><span class='ocrx_word' id='word_1_653' title='bbox 1967 2305 2177 2361; x_wconf 86' lang='grc' dir='ltr'>λεῖσθαι</span> <span class='ocrx_word' id='word_1_654' title='bbox 2205 2307 2618 2378; x_wconf 83' lang='grc' dir='ltr'>ἐνομοθέτησεν,</span> <span class='ocrx_word' id='word_1_655' title='bbox 2647 2306 2859 2360; x_wconf 82' lang='grc' dir='ltr'>ἐκεῖθέν</span> <span class='ocrx_word' id='word_1_656' title='bbox 2883 2323 2944 2358; x_wconf 87' lang='grc' dir='ltr'>τε</span> <span class='ocrx_word' id='word_1_657' title='bbox 2974 2305 3131 2358; x_wconf 77' lang='grc' dir='ltr'>Αἰλία</span> <span class='ocrx_word' id='word_1_658' title='bbox 3155 2305 3316 2375; x_wconf 84' lang='grc' dir='ltr'>μέχρι</span> <span class='ocrx_word' id='word_1_659' title='bbox 3342 2300 3436 2355; x_wconf 89' lang='grc' dir='ltr'>τοῦ</span> <span class='ocrx_word' id='word_1_660' title='bbox 3458 2301 3555 2355; x_wconf 85' lang='grc' dir='ltr'>νῦν</span> 
     </span>
    </p>
   </div>
   <div class='ocr_carea' id='block_1_94' title="bbox 1967 2386 3557 2462">
    <p class='ocr_par' dir='ltr' id='par_1_94' title="bbox 1967 2386 3557 2462">
     <span class='ocr_line' id='line_1_94' title="bbox 1967 2386 3557 2462; baseline -0.004 -18"><span class='ocrx_word' id='word_1_661' title='bbox 1967 2391 2291 2462; x_wconf 79' lang='grc' dir='ltr'>ὀνομάζεται</span> <span class='ocrx_word' id='word_1_662' title='bbox 2326 2392 2433 2446; x_wconf 84' lang='grc' dir='ltr'>ἀπὸ</span> <span class='ocrx_word' id='word_1_663' title='bbox 2457 2391 2557 2461; x_wconf 87' lang='grc' dir='ltr'>τῆς</span> <span class='ocrx_word' id='word_1_664' title='bbox 2584 2390 2904 2462; x_wconf 78' lang='grc' dir='ltr'>ἐπωνυμίας</span> <span class='ocrx_word' id='word_1_665' title='bbox 2933 2387 3028 2442; x_wconf 88' lang='grc' dir='ltr'>τοῦ</span> <span class='ocrx_word' id='word_1_666' title='bbox 3056 2390 3432 2460; x_wconf 85' lang='grc' dir='ltr'>κρατήσαντος</span> <span class='ocrx_word' id='word_1_667' title='bbox 3460 2386 3557 2438; x_wconf 76' lang='grc' dir='ltr'>καὶ</span> 
     </span>
    </p>
   </div>
   <div class='ocr_carea' id='block_1_95' title="bbox 1968 2470 3556 2548">
    <p class='ocr_par' dir='ltr' id='par_1_95' title="bbox 1968 2470 3556 2548">
     <span class='ocr_line' id='line_1_95' title="bbox 1968 2470 3556 2548; baseline -0.005 -18"><span class='ocrx_word' id='word_1_668' title='bbox 1968 2476 2291 2538; x_wconf 77' lang='grc' dir='ltr'>καθελόντος</span> <span class='ocrx_word' id='word_1_669' title='bbox 2334 2476 2528 2548; x_wconf 80' lang='grc' dir='ltr'>αὐτήν.</span> <span class='ocrx_word' id='word_1_670' title='bbox 2584 2474 2750 2547; x_wconf 77' lang='grc' dir='ltr'>Ὁρᾷς</span> <span class='ocrx_word' id='word_1_671' title='bbox 2798 2474 2894 2545; x_wconf 83' lang='grc' dir='ltr'>τὴν</span> <span class='ocrx_word' id='word_1_672' title='bbox 2944 2472 3169 2544; x_wconf 81' lang='grc' dir='ltr'>πρώτην</span> <span class='ocrx_word' id='word_1_673' title='bbox 3215 2470 3556 2543; x_wconf 84' lang='grc' dir='ltr'>ἐπιχείρησιν</span> 
     </span>
    </p>
   </div>
   <div class='ocr_carea' id='block_1_96' title="bbox 1968 2553 3555 2630">
    <p class='ocr_par' dir='ltr' id='par_1_96' title="bbox 1968 2553 3555 2630">
     <span class='ocr_line' id='line_1_96' title="bbox 1968 2553 3555 2630; baseline -0.005 -17"><span class='ocrx_word' id='word_1_674' title='bbox 1968 2560 2077 2614; x_wconf 85' lang='grc' dir='ltr'>τῶν</span> <span class='ocrx_word' id='word_1_675' title='bbox 2134 2559 2509 2630; x_wconf 85' lang='grc' dir='ltr'>ἀναισχύντων</span> <span class='ocrx_word' id='word_1_676' title='bbox 2568 2557 2869 2624; x_wconf 89' lang='grc' dir='ltr'>Ἰουδαίων;</span> <span class='ocrx_word' id='word_1_677' title='bbox 2911 2557 3086 2610; x_wconf 86' lang='grc' dir='ltr'>Βλέπε</span> <span class='ocrx_word' id='word_1_678' title='bbox 3135 2556 3230 2610; x_wconf 79' lang='grc' dir='ltr'>καὶ</span> <span class='ocrx_word' id='word_1_679' title='bbox 3278 2555 3380 2626; x_wconf 85' lang='grc' dir='ltr'>τὴν</span> <span class='ocrx_word' id='word_1_680' title='bbox 3436 2553 3555 2623; x_wconf 81' lang='grc' dir='ltr'>μετ’</span> 
     </span>
    </p>
   </div>
   <div class='ocr_carea' id='block_1_97' title="bbox 1968 2643 2208 2700">
    <p class='ocr_par' dir='ltr' id='par_1_97' title="bbox 1968 2643 2208 2700">
     <span class='ocr_line' id='line_1_97' title="bbox 1968 2643 2208 2700; baseline 0.008 -3"><span class='ocrx_word' id='word_1_681' title='bbox 1968 2643 2208 2700; x_wconf 69' lang='grc' dir='ltr'>ἐκείνην.</span> 
     </span>
    </p>
   </div>
   <div class='ocr_carea' id='block_1_98' title="bbox 2039 2662 3552 2794">
    <p class='ocr_par' dir='ltr' id='par_1_98' title="bbox 2039 2662 3552 2794">
     <span class='ocr_line' id='line_1_98' title="bbox 2039 2662 3552 2794; baseline -0.006 -12"><span class='ocrx_word' id='word_1_682' title='bbox 2237 2726 2333 2780; x_wconf 82' lang='grc' dir='ltr'>ἐπὶ</span> <span class='ocrx_word' id='word_1_683' title='bbox 2366 2725 2779 2779; x_wconf 85' lang='grc' dir='ltr'>Κωνσταντίνου</span> <span class='ocrx_word' id='word_1_684' title='bbox 2806 2727 2919 2789; x_wconf 88' lang='grc' dir='ltr'>τοῖς</span> <span class='ocrx_word' id='word_1_685' title='bbox 2946 2725 3132 2789; x_wconf 80' lang='grc' dir='ltr'>αὐτοῖς</span> <span class='ocrx_word' id='word_1_686' title='bbox 3162 2723 3552 2794; x_wconf 81' lang='grc' dir='ltr'>ἐπεχείρησαν.</span> 
     </span>
    </p>
   </div>
   <div class='ocr_carea' id='block_1_99' title="bbox 1980 2804 3557 2884">
    <p class='ocr_par' dir='ltr' id='par_1_99' title="bbox 1980 2804 3557 2884">
     <span class='ocr_line' id='line_1_99' title="bbox 1980 2804 3557 2884; baseline -0.006 -17"><span class='ocrx_word' id='word_1_687' title='bbox 1980 2810 2038 2867; x_wconf 89' lang='lat'><strong>&#39;0</strong></span> <span class='ocrx_word' id='word_1_688' title='bbox 2087 2813 2143 2867; x_wconf 85' lang='grc' dir='ltr'>δέ</span> <span class='ocrx_word' id='word_1_689' title='bbox 2178 2811 2459 2884; x_wconf 78' lang='grc' dir='ltr'>[βασιλεὺς</span> <span class='ocrx_word' id='word_1_690' title='bbox 2504 2808 2629 2864; x_wconf 88' lang='grc' dir='ltr'>ἰδὼν</span> <span class='ocrx_word' id='word_1_691' title='bbox 2674 2810 2776 2881; x_wconf 79' lang='grc' dir='ltr'>τὴν</span> <span class='ocrx_word' id='word_1_692' title='bbox 2825 2809 3173 2881; x_wconf 85' lang='grc' dir='ltr'>ἐπιχείρησιν</span> <span class='ocrx_word' id='word_1_693' title='bbox 3210 2804 3441 2878; x_wconf 85' lang='grc' dir='ltr'>αύτῶν,]</span> <span class='ocrx_word' id='word_1_694' title='bbox 3487 2805 3557 2857; x_wconf 81' lang='grc' dir='ltr'>τά</span> 
     </span>
    </p>
   </div>
   <div class='ocr_carea' id='block_1_100' title="bbox 1967 2888 3556 2965">
    <p class='ocr_par' dir='ltr' id='par_1_100' title="bbox 1967 2888 3556 2965">
     <span class='ocr_line' id='line_1_100' title="bbox 1967 2888 3556 2965; baseline -0.007 -13"><span class='ocrx_word' id='word_1_695' title='bbox 1967 2893 2082 2953; x_wconf 81' lang='grc' dir='ltr'>ὦτα</span> <span class='ocrx_word' id='word_1_696' title='bbox 2125 2896 2305 2951; x_wconf 82' lang='grc' dir='ltr'>αὐτῶν</span> <span class='ocrx_word' id='word_1_697' title='bbox 2356 2893 2652 2965; x_wconf 74' lang='grc' dir='ltr'>ἀπστεμὼν</span> <span class='ocrx_word' id='word_1_698' title='bbox 2703 2894 2799 2948; x_wconf 82' lang='grc' dir='ltr'>καὶ</span> <span class='ocrx_word' id='word_1_699' title='bbox 2845 2894 2908 2947; x_wconf 78' lang='grc' dir='ltr'>τὸ</span> <span class='ocrx_word' id='word_1_700' title='bbox 2949 2894 3051 2965; x_wconf 88' lang='grc' dir='ltr'>τῆς</span> <span class='ocrx_word' id='word_1_701' title='bbox 3091 2891 3381 2964; x_wconf 85' lang='grc' dir='ltr'>παρακοῆς</span> <span class='ocrx_word' id='word_1_702' title='bbox 3418 2888 3556 2960; x_wconf 89' lang='grc' dir='ltr'>σύμ-</span> 
     </span>
    </p>
   </div>
   <div class='ocr_carea' id='block_1_101' title="bbox 1968 2971 3554 3049">
    <p class='ocr_par' dir='ltr' id='par_1_101' title="bbox 1968 2971 3554 3049">
     <span class='ocr_line' id='line_1_101' title="bbox 1968 2971 3554 3049; baseline -0.008 -12"><span class='ocrx_word' id='word_1_703' title='bbox 1968 2983 2125 3037; x_wconf 78' lang='grc' dir='ltr'>ὅολον</span> <span class='ocrx_word' id='word_1_704' title='bbox 2170 2980 2345 3044; x_wconf 75' lang='grc' dir='ltr'>ἐνθεὶς</span> <span class='ocrx_word' id='word_1_705' title='bbox 2376 2977 2664 3049; x_wconf 82' lang='grc' dir='ltr'>αὐτῶντῷ</span> <span class='ocrx_word' id='word_1_706' title='bbox 2698 2976 2910 3048; x_wconf 88' lang='grc' dir='ltr'>σώματι</span> <span class='ocrx_word' id='word_1_707' title='bbox 2929 3017 2943 3042; x_wconf 93' lang='grc'>,</span> <span class='ocrx_word' id='word_1_708' title='bbox 2995 2974 3273 3047; x_wconf 87' lang='grc' dir='ltr'>πανταχοῦ</span> <span class='ocrx_word' id='word_1_709' title='bbox 3321 2971 3554 3046; x_wconf 85' lang='grc' dir='ltr'>περιῆγε</span> 
     </span>
    </p>
   </div>
   <div class='ocr_carea' id='block_1_102' title="bbox 1968 3057 3555 3139">
    <p class='ocr_par' dir='ltr' id='par_1_102' title="bbox 1968 3057 3555 3139">
     <span class='ocr_line' id='line_1_102' title="bbox 1968 3057 3555 3139; baseline -0.008 -16"><span class='ocrx_word' id='word_1_710' title='bbox 1968 3067 2222 3139; x_wconf 84' lang='grc' dir='ltr'>καθάπερ</span> <span class='ocrx_word' id='word_1_711' title='bbox 2244 3065 2398 3129; x_wconf 90' lang='grc' dir='ltr'>τινάς</span> <span class='ocrx_word' id='word_1_712' title='bbox 2429 3062 2705 3137; x_wconf 80' lang='grc' dir='ltr'>δραπέτας</span> <span class='ocrx_word' id='word_1_713' title='bbox 2739 3062 2835 3116; x_wconf 79' lang='grc' dir='ltr'>καὶ</span> <span class='ocrx_word' id='word_1_714' title='bbox 2871 3061 3187 3132; x_wconf 83' lang='grc' dir='ltr'>μαστιγίας,</span> <span class='ocrx_word' id='word_1_715' title='bbox 3210 3058 3300 3113; x_wconf 87' lang='grc' dir='ltr'>διά</span> <span class='ocrx_word' id='word_1_716' title='bbox 3327 3059 3425 3129; x_wconf 88' lang='grc' dir='ltr'>τῆς</span> <span class='ocrx_word' id='word_1_717' title='bbox 3457 3057 3555 3110; x_wconf 84' lang='grc' dir='ltr'>τοῦ</span> 
     </span>
    </p>
   </div>
   <div class='ocr_carea' id='block_1_103' title="bbox 1970 3141 3555 3222">
    <p class='ocr_par' dir='ltr' id='par_1_103' title="bbox 1970 3141 3555 3222">
     <span class='ocr_line' id='line_1_103' title="bbox 1970 3141 3555 3222; baseline -0.008 -17"><span class='ocrx_word' id='word_1_718' title='bbox 1970 3149 2224 3222; x_wconf 89' lang='grc' dir='ltr'>σώματος</span> <span class='ocrx_word' id='word_1_719' title='bbox 2259 3147 2564 3220; x_wconf 85' lang='grc' dir='ltr'>πηρώσεως</span> <span class='ocrx_word' id='word_1_720' title='bbox 2610 3145 2784 3200; x_wconf 79' lang='grc' dir='ltr'>ἅπασι</span> <span class='ocrx_word' id='word_1_721' title='bbox 2839 3145 3178 3215; x_wconf 87' lang='grc' dir='ltr'>καταδήλους</span> <span class='ocrx_word' id='word_1_722' title='bbox 3230 3141 3424 3205; x_wconf 84' lang='grc' dir='ltr'>ποιῶν,</span> <span class='ocrx_word' id='word_1_723' title='bbox 3458 3143 3555 3193; x_wconf 72' lang='grc' dir='ltr'>καὶ</span> 
     </span>
    </p>
   </div>
   <div class='ocr_carea' id='block_1_104' title="bbox 1966 3227 3554 3306">
    <p class='ocr_par' dir='ltr' id='par_1_104' title="bbox 1966 3227 3554 3306">
     <span class='ocr_line' id='line_1_104' title="bbox 1966 3227 3554 3306; baseline -0.008 -18"><span class='ocrx_word' id='word_1_724' title='bbox 1966 3238 2091 3300; x_wconf 84' lang='grc' dir='ltr'>τοὺς</span> <span class='ocrx_word' id='word_1_725' title='bbox 2117 3234 2397 3306; x_wconf 87' lang='grc' dir='ltr'>πανταχοῦ</span> <span class='ocrx_word' id='word_1_726' title='bbox 2434 3233 2454 3276; x_wconf 74' lang='grc' dir='ltr'>ί</span> <span class='ocrx_word' id='word_1_727' title='bbox 2497 3230 2875 3304; x_wconf 77' lang='grc' dir='ltr'>σωφρονίζων,</span> <span class='ocrx_word' id='word_1_728' title='bbox 2933 3230 3132 3300; x_wconf 84' lang='grc' dir='ltr'>μηκέτι</span> <span class='ocrx_word' id='word_1_729' title='bbox 3188 3230 3302 3291; x_wconf 85' lang='grc' dir='ltr'>τοῖς</span> <span class='ocrx_word' id='word_1_730' title='bbox 3368 3227 3554 3288; x_wconf 80' lang='grc' dir='ltr'>αὐτοῖς</span> 
     </span>
    </p>
   </div>
   <div class='ocr_carea' id='block_1_105' title="bbox 1966 3310 3551 3390">
    <p class='ocr_par' dir='ltr' id='par_1_105' title="bbox 1966 3310 3551 3390">
     <span class='ocr_line' id='line_1_105' title="bbox 1966 3310 3551 3390; baseline -0.005 -20"><span class='ocrx_word' id='word_1_731' title='bbox 1966 3321 2265 3390; x_wconf 86' lang='grc' dir='ltr'>ἐπιχειρεῖν</span> <span class='ocrx_word' id='word_1_732' title='bbox 2294 3317 2635 3389; x_wconf 88' lang='grc' dir='ltr'>πράγμασιν.</span> <span class='ocrx_word' id='word_1_733' title='bbox 2676 3314 2838 3368; x_wconf 84' lang='grc' dir='ltr'>Ἀλλὰ</span> <span class='ocrx_word' id='word_1_734' title='bbox 2865 3312 3042 3369; x_wconf 88' lang='grc' dir='ltr'>ταῦτα</span> <span class='ocrx_word' id='word_1_735' title='bbox 3078 3313 3179 3385; x_wconf 83' lang='grc' dir='ltr'>μὲν</span> <span class='ocrx_word' id='word_1_736' title='bbox 3208 3314 3415 3384; x_wconf 88' lang='grc' dir='ltr'>ἀρχαῖα</span> <span class='ocrx_word' id='word_1_737' title='bbox 3453 3310 3551 3364; x_wconf 75' lang='grc' dir='ltr'>καὶ</span> 
     </span>
    </p>
   </div>
   <div class='ocr_carea' id='block_1_106' title="bbox 1967 3395 3552 3473">
    <p class='ocr_par' dir='ltr' id='par_1_106' title="bbox 1967 3395 3552 3473">
     <span class='ocr_line' id='line_1_106' title="bbox 1967 3395 3552 3473; baseline -0.004 -18"><span class='ocrx_word' id='word_1_738' title='bbox 1967 3400 2203 3455; x_wconf 87' lang='grc' dir='ltr'>παλαιά·</span> <span class='ocrx_word' id='word_1_739' title='bbox 2241 3401 2441 3473; x_wconf 81' lang='grc' dir='ltr'>μᾶλλον</span> <span class='ocrx_word' id='word_1_740' title='bbox 2465 3399 2523 3453; x_wconf 82' lang='grc' dir='ltr'>δὲ</span> <span class='ocrx_word' id='word_1_741' title='bbox 2556 3399 2714 3453; x_wconf 91' lang='grc' dir='ltr'>τοῦτο</span> <span class='ocrx_word' id='word_1_742' title='bbox 2748 3399 2846 3468; x_wconf 86' lang='grc' dir='ltr'>μὲν</span> <span class='ocrx_word' id='word_1_743' title='bbox 2879 3400 2992 3463; x_wconf 85' lang='grc' dir='ltr'>τοῖς</span> <span class='ocrx_word' id='word_1_744' title='bbox 3022 3397 3105 3451; x_wconf 71' lang='grc' dir='ltr'>ἔτι</span> <span class='ocrx_word' id='word_1_745' title='bbox 3154 3395 3552 3469; x_wconf 81' lang='grc' dir='ltr'>πρεσὸυτέροις</span> 
     </span>
    </p>
   </div>
   <div class='ocr_carea' id='block_1_107' title="bbox 1966 3481 2992 3555">
    <p class='ocr_par' dir='ltr' id='par_1_107' title="bbox 1966 3481 2992 3555">
     <span class='ocr_line' id='line_1_107' title="bbox 1966 3481 2992 3555; baseline -0.001 -18"><span class='ocrx_word' id='word_1_746' title='bbox 1966 3485 2060 3537; x_wconf 76' lang='grc' dir='ltr'>καὶ</span> <span class='ocrx_word' id='word_1_747' title='bbox 2087 3485 2338 3555; x_wconf 87' lang='grc' dir='ltr'>γέρουσιν</span> <span class='ocrx_word' id='word_1_748' title='bbox 2362 3482 2519 3555; x_wconf 84' lang='grc' dir='ltr'>ἡμῶν</span> <span class='ocrx_word' id='word_1_749' title='bbox 2547 3485 2661 3537; x_wconf 87' lang='grc' dir='ltr'>ἐστι</span> <span class='ocrx_word' id='word_1_750' title='bbox 2690 3481 2992 3554; x_wconf 83' lang='grc' dir='ltr'>γνώριμον.</span> 
     </span>
    </p>
   </div>
   <div class='ocr_carea' id='block_1_108' title="bbox 2043 3564 3555 3639">
    <p class='ocr_par' dir='ltr' id='par_1_108' title="bbox 2043 3564 3555 3639">
     <span class='ocr_line' id='line_1_108' title="bbox 2043 3564 3555 3639; baseline -0.003 -18"><span class='ocrx_word' id='word_1_751' title='bbox 2043 3571 2109 3622; x_wconf 88' lang='grc' dir='ltr'><em>Ὃ</em></span> <span class='ocrx_word' id='word_1_752' title='bbox 2154 3569 2212 3621; x_wconf 84' lang='grc' dir='ltr'>δέ</span> <span class='ocrx_word' id='word_1_753' title='bbox 2258 3568 2443 3639; x_wconf 87' lang='grc' dir='ltr'>μέλλω</span> <span class='ocrx_word' id='word_1_754' title='bbox 2488 3567 2585 3621; x_wconf 91' lang='grc' dir='ltr'>νῦν</span> <span class='ocrx_word' id='word_1_755' title='bbox 2630 3569 2796 3638; x_wconf 82' lang='grc' dir='ltr'>ἐρεῖν,</span> <span class='ocrx_word' id='word_1_756' title='bbox 2846 3566 2941 3620; x_wconf 80' lang='grc' dir='ltr'>καὶ</span> <span class='ocrx_word' id='word_1_757' title='bbox 2985 3568 3101 3630; x_wconf 85' lang='grc' dir='ltr'>τοῖς</span> <span class='ocrx_word' id='word_1_758' title='bbox 3149 3564 3355 3637; x_wconf 84' lang='grc' dir='ltr'>σφόδρα</span> <span class='ocrx_word' id='word_1_759' title='bbox 3408 3564 3555 3625; x_wconf 89' lang='grc' dir='ltr'>νέοις</span> 
     </span>
    </p>
   </div>
   <div class='ocr_carea' id='block_1_109' title="bbox 1964 3648 3553 3723">
    <p class='ocr_par' dir='ltr' id='par_1_109' title="bbox 1964 3648 3553 3723">
     <span class='ocr_line' id='line_1_109' title="bbox 1964 3648 3553 3723; baseline -0.003 -18"><span class='ocrx_word' id='word_1_760' title='bbox 1964 3651 2124 3721; x_wconf 84' lang='grc' dir='ltr'>δῆλόν</span> <span class='ocrx_word' id='word_1_761' title='bbox 2180 3654 2295 3705; x_wconf 85' lang='grc' dir='ltr'>ἐστι</span> <span class='ocrx_word' id='word_1_762' title='bbox 2352 3652 2448 3704; x_wconf 80' lang='grc' dir='ltr'>καὶ</span> <span class='ocrx_word' id='word_1_763' title='bbox 2492 3651 2824 3721; x_wconf 85' lang='grc' dir='ltr'>καταφανές.</span> <span class='ocrx_word' id='word_1_764' title='bbox 2877 3650 3028 3723; x_wconf 76' lang='grc'>[646]</span> <span class='ocrx_word' id='word_1_765' title='bbox 3085 3650 3222 3705; x_wconf 84' lang='grc' dir='ltr'>Ούδέ</span> <span class='ocrx_word' id='word_1_766' title='bbox 3287 3650 3398 3722; x_wconf 89' lang='grc' dir='ltr'>γάρ</span> <span class='ocrx_word' id='word_1_767' title='bbox 3458 3648 3553 3701; x_wconf 81' lang='grc' dir='ltr'>ἐπὶ</span> 
     </span>
    </p>
   </div>
   <div class='ocr_carea' id='block_1_110' title="bbox 1979 3734 3553 3807">
    <p class='ocr_par' dir='ltr' id='par_1_110' title="bbox 1979 3734 3553 3807">
     <span class='ocr_line' id='line_1_110' title="bbox 1979 3734 3553 3807; baseline -0.001 -18"><span class='ocrx_word' id='word_1_768' title='bbox 1979 3735 2257 3807; x_wconf 87' lang='grc' dir='ltr'>Ἀδριανοῦ</span> <span class='ocrx_word' id='word_1_769' title='bbox 2292 3737 2387 3789; x_wconf 76' lang='grc' dir='ltr'>καὶ</span> <span class='ocrx_word' id='word_1_770' title='bbox 2422 3734 2832 3789; x_wconf 81' lang='grc' dir='ltr'>Κωνσταντίνου</span> <span class='ocrx_word' id='word_1_771' title='bbox 2887 3736 3129 3805; x_wconf 88' lang='grc' dir='ltr'>γέγονεν,</span> <span class='ocrx_word' id='word_1_772' title='bbox 3160 3734 3274 3788; x_wconf 88' lang='grc' dir='ltr'>ἀλλ’</span> <span class='ocrx_word' id='word_1_773' title='bbox 3316 3735 3411 3788; x_wconf 72' lang='grc' dir='ltr'>ἐπὶ</span> <span class='ocrx_word' id='word_1_774' title='bbox 3457 3734 3553 3805; x_wconf 86' lang='grc' dir='ltr'>βα-</span> 
     </span>
    </p>
   </div>
   <div class='ocr_carea' id='block_1_111' title="bbox 1966 3818 3551 3892">
    <p class='ocr_par' dir='ltr' id='par_1_111' title="bbox 1966 3818 3551 3892">
     <span class='ocr_line' id='line_1_111' title="bbox 1966 3818 3551 3892; baseline 0 -20"><span class='ocrx_word' id='word_1_775' title='bbox 1966 3818 2159 3883; x_wconf 87' lang='grc' dir='ltr'>σιλέως</span> <span class='ocrx_word' id='word_1_776' title='bbox 2188 3818 2294 3889; x_wconf 83' lang='grc' dir='ltr'>πρὸ</span> <span class='ocrx_word' id='word_1_777' title='bbox 2320 3819 2493 3873; x_wconf 83' lang='grc' dir='ltr'>εἴκοσι</span> <span class='ocrx_word' id='word_1_778' title='bbox 2527 3818 2666 3872; x_wconf 86' lang='grc' dir='ltr'>ἐτῶν</span> <span class='ocrx_word' id='word_1_779' title='bbox 2699 3820 3072 3892; x_wconf 88' lang='grc' dir='ltr'>γεγενημένου</span> <span class='ocrx_word' id='word_1_780' title='bbox 3108 3821 3203 3873; x_wconf 72' lang='grc' dir='ltr'>ἐπὶ</span> <span class='ocrx_word' id='word_1_781' title='bbox 3228 3820 3329 3891; x_wconf 88' lang='grc' dir='ltr'>τῆς</span> <span class='ocrx_word' id='word_1_782' title='bbox 3356 3822 3551 3887; x_wconf 82' lang='grc' dir='ltr'>γενεᾶς</span> 
     </span>
    </p>
   </div>
   <div class='ocr_carea' id='block_1_112' title="bbox 1961 3896 3552 3976">
    <p class='ocr_par' dir='ltr' id='par_1_112' title="bbox 1961 3896 3552 3976">
     <span class='ocr_line' id='line_1_112' title="bbox 1961 3896 3552 3976; baseline 0 -20"><span class='ocrx_word' id='word_1_783' title='bbox 1961 3896 2062 3973; x_wconf 82' lang='grc' dir='ltr'>τῆς</span> <span class='ocrx_word' id='word_1_784' title='bbox 2099 3903 2394 3975; x_wconf 81' lang='grc' dir='ltr'>ἡμετέρας.</span> <span class='ocrx_word' id='word_1_785' title='bbox 2430 3904 2716 3957; x_wconf 86' lang='grc' dir='ltr'>Ἰουλιανοῦ</span> <span class='ocrx_word' id='word_1_786' title='bbox 2746 3906 2878 3976; x_wconf 78' lang='grc' dir='ltr'>γὰρ,</span> <span class='ocrx_word' id='word_1_787' title='bbox 2919 3904 3016 3957; x_wconf 89' lang='grc' dir='ltr'>τοῦ</span> <span class='ocrx_word' id='word_1_788' title='bbox 3063 3905 3276 3968; x_wconf 88' lang='grc' dir='ltr'>πάντας</span> <span class='ocrx_word' id='word_1_789' title='bbox 3323 3905 3552 3975; x_wconf 73' lang='grc' dir='ltr'>ἀσεϐείᾳ</span> 
     </span>
    </p>
   </div>
   <div class='ocr_carea' id='block_1_113' title="bbox 1960 3986 3551 4060">
    <p class='ocr_par' dir='ltr' id='par_1_113' title="bbox 1960 3986 3551 4060">
     <span class='ocr_line' id='line_1_113' title="bbox 1960 3986 3551 4060; baseline -0.001 -20"><span class='ocrx_word' id='word_1_790' title='bbox 1960 3988 2087 4051; x_wconf 80' lang='grc' dir='ltr'>τοὺς</span> <span class='ocrx_word' id='word_1_791' title='bbox 2138 3986 2396 4056; x_wconf 78' lang='grc' dir='ltr'>βασιλέας</span> <span class='ocrx_word' id='word_1_792' title='bbox 2451 3990 2771 4058; x_wconf 84' lang='grc' dir='ltr'>νικήσαντος</span> <span class='ocrx_word' id='word_1_793' title='bbox 2800 3987 3147 4060; x_wconf 60' lang='grc' dir='ltr'>ηκαλοῦντος</span> <span class='ocrx_word' id='word_1_794' title='bbox 3203 3989 3403 4050; x_wconf 80' lang='grc' dir='ltr'>αὐτοὺς</span> <span class='ocrx_word' id='word_1_795' title='bbox 3456 3987 3551 4039; x_wconf 77' lang='grc' dir='ltr'>ἐπὶ</span> 
     </span>
    </p>
   </div>
   <div class='ocr_carea' id='block_1_114' title="bbox 1961 4069 3544 4143">
    <p class='ocr_par' dir='ltr' id='par_1_114' title="bbox 1961 4069 3544 4143">
     <span class='ocr_line' id='line_1_114' title="bbox 1961 4069 3544 4143; baseline 0.001 -22"><span class='ocrx_word' id='word_1_796' title='bbox 1961 4069 2060 4133; x_wconf 91' lang='grc' dir='ltr'>τάς</span> <span class='ocrx_word' id='word_1_797' title='bbox 2087 4069 2194 4123; x_wconf 83' lang='grc' dir='ltr'>τῶν</span> <span class='ocrx_word' id='word_1_798' title='bbox 2225 4071 2462 4124; x_wconf 82' lang='grc' dir='ltr'>εἰδώλων</span> <span class='ocrx_word' id='word_1_799' title='bbox 2491 4070 2705 4136; x_wconf 87' lang='grc' dir='ltr'>θυσίας,</span> <span class='ocrx_word' id='word_1_800' title='bbox 2730 4072 2825 4123; x_wconf 76' lang='grc' dir='ltr'>καὶ</span> <span class='ocrx_word' id='word_1_801' title='bbox 2851 4071 3243 4142; x_wconf 84' lang='grc' dir='ltr'>ἐπισπωμένου</span> <span class='ocrx_word' id='word_1_802' title='bbox 3277 4071 3414 4143; x_wconf 78' lang='grc' dir='ltr'>πρὸς</span> <span class='ocrx_word' id='word_1_803' title='bbox 3442 4072 3544 4142; x_wconf 78' lang='grc' dir='ltr'>τὴν</span> 
     </span>
    </p>
   </div>
   <div class='ocr_carea' id='block_1_115' title="bbox 1962 4151 3550 4228">
    <p class='ocr_par' dir='ltr' id='par_1_115' title="bbox 1962 4151 3550 4228">
     <span class='ocr_line' id='line_1_115' title="bbox 1962 4151 3550 4228; baseline 0.003 -23"><span class='ocrx_word' id='word_1_804' title='bbox 1962 4154 2168 4208; x_wconf 88' lang='grc' dir='ltr'>οἰκείαν</span> <span class='ocrx_word' id='word_1_805' title='bbox 2200 4155 2487 4209; x_wconf 74' lang='grc' dir='ltr'>ἀσέϐειανο</span> <span class='ocrx_word' id='word_1_806' title='bbox 2527 4151 2646 4208; x_wconf 72' lang='grc' dir='ltr'>εἶτα</span> <span class='ocrx_word' id='word_1_807' title='bbox 2696 4152 2787 4207; x_wconf 78' lang='grc' dir='ltr'>τὸν</span> <span class='ocrx_word' id='word_1_808' title='bbox 2840 4155 3070 4209; x_wconf 84' lang='grc' dir='ltr'>παλαιὸν</span> <span class='ocrx_word' id='word_1_809' title='bbox 3121 4157 3220 4228; x_wconf 83' lang='grc' dir='ltr'>τῆς</span> <span class='ocrx_word' id='word_1_810' title='bbox 3252 4156 3550 4228; x_wconf 88' lang='grc' dir='ltr'>θεραπείας</span> 
     </span>
    </p>
   </div>
   <div class='ocr_carea' id='block_1_116' title="bbox 1962 4236 3546 4308">
    <p class='ocr_par' dir='ltr' id='par_1_116' title="bbox 1962 4236 3546 4308">
     <span class='ocr_line' id='line_1_116' title="bbox 1962 4236 3546 4308; baseline 0.003 -19"><span class='ocrx_word' id='word_1_811' title='bbox 1962 4236 2399 4308; x_wconf 76' lang='grc' dir='ltr'>προϐαλλομένου</span> <span class='ocrx_word' id='word_1_812' title='bbox 2449 4238 2671 4308; x_wconf 89' lang='grc' dir='ltr'>τρόπον,</span> <span class='ocrx_word' id='word_1_813' title='bbox 2708 4237 2801 4292; x_wconf 73' lang='grc' dir='ltr'>καὶ</span> <span class='ocrx_word' id='word_1_814' title='bbox 2848 4237 3099 4307; x_wconf 86' lang='grc' dir='ltr'>λέγοντος</span> <span class='ocrx_word' id='word_1_815' title='bbox 3120 4281 3134 4300; x_wconf 85' lang='grc'>,</span> <span class='ocrx_word' id='word_1_816' title='bbox 3181 4241 3264 4294; x_wconf 85' lang='grc' dir='ltr'>ὅτι</span> <span class='ocrx_word' id='word_1_817' title='bbox 3296 4241 3405 4295; x_wconf 86' lang='lat' dir='ltr'>Kal</span> <span class='ocrx_word' id='word_1_818' title='bbox 3451 4242 3546 4293; x_wconf 72' lang='grc' dir='ltr'>ἐπὶ</span> 
     </span>
    </p>
   </div>
   <div class='ocr_carea' id='block_1_117' title="bbox 1960 4321 3550 4398">
    <p class='ocr_par' dir='ltr' id='par_1_117' title="bbox 1960 4321 3550 4398">
     <span class='ocr_line' id='line_1_117' title="bbox 1960 4321 3550 4398; baseline 0.003 -24"><span class='ocrx_word' id='word_1_819' title='bbox 1960 4321 2070 4374; x_wconf 86' lang='grc' dir='ltr'>τῶν</span> <span class='ocrx_word' id='word_1_820' title='bbox 2114 4322 2396 4395; x_wconf 87' lang='grc' dir='ltr'>προγόνων</span> <span class='ocrx_word' id='word_1_821' title='bbox 2440 4322 2551 4377; x_wconf 83' lang='grc' dir='ltr'>τῶν</span> <span class='ocrx_word' id='word_1_822' title='bbox 2579 4323 2860 4395; x_wconf 81' lang='grc' dir='ltr'>ὑμετέρων</span> <span class='ocrx_word' id='word_1_823' title='bbox 2901 4323 3075 4387; x_wconf 73' lang='grc' dir='ltr'>οὕτως</span> <span class='ocrx_word' id='word_1_824' title='bbox 3106 4324 3135 4376; x_wconf 85' lang='lat'>6</span> <span class='ocrx_word' id='word_1_825' title='bbox 3162 4323 3295 4388; x_wconf 85' lang='grc' dir='ltr'>Θεὸς</span> <span class='ocrx_word' id='word_1_826' title='bbox 3355 4324 3550 4398; x_wconf 88' lang='grc' dir='ltr'>ἐθερα-</span> 
     </span>
    </p>
   </div>
   <div class='ocr_carea' id='block_1_118' title="bbox 1963 4404 3549 4481">
    <p class='ocr_par' dir='ltr' id='par_1_118' title="bbox 1963 4404 3549 4481">
     <span class='ocr_line' id='line_1_118' title="bbox 1963 4404 3549 4481; baseline 0.003 -23"><span class='ocrx_word' id='word_1_827' title='bbox 1963 4405 2182 4468; x_wconf 86' lang='grc' dir='ltr'>πεύετο,</span> <span class='ocrx_word' id='word_1_828' title='bbox 2228 4406 2323 4459; x_wconf 73' lang='grc' dir='ltr'>καὶ</span> <span class='ocrx_word' id='word_1_829' title='bbox 2378 4404 2603 4470; x_wconf 78' lang='grc' dir='ltr'>ἄκοντες</span> <span class='ocrx_word' id='word_1_830' title='bbox 2647 4407 2957 4476; x_wconf 87' lang='grc' dir='ltr'>ὡμολόγουν</span> <span class='ocrx_word' id='word_1_831' title='bbox 3002 4407 3121 4461; x_wconf 82' lang='grc' dir='ltr'>τότε</span> <span class='ocrx_word' id='word_1_832' title='bbox 3156 4406 3358 4474; x_wconf 89' lang='grc' dir='ltr'>ταῦτα,</span> <span class='ocrx_word' id='word_1_833' title='bbox 3405 4409 3549 4481; x_wconf 83' lang='grc' dir='ltr'>ἀπερ</span> 
     </span>
    </p>
   </div>
   <div class='ocr_carea' id='block_1_119' title="bbox 1963 4490 3550 4562">
    <p class='ocr_par' dir='ltr' id='par_1_119' title="bbox 1963 4490 3550 4562">
     <span class='ocr_line' id='line_1_119' title="bbox 1963 4490 3550 4562; baseline 0.003 -19"><span class='ocrx_word' id='word_1_834' title='bbox 1963 4492 2125 4562; x_wconf 80' lang='grc' dir='ltr'>ἡμεῖς</span> <span class='ocrx_word' id='word_1_835' title='bbox 2171 4490 2536 4562; x_wconf 82' lang='grc' dir='ltr'>ἀπεδείξαμεν</span> <span class='ocrx_word' id='word_1_836' title='bbox 2576 4490 2693 4556; x_wconf 91' lang='grc' dir='ltr'>νῦν,</span> <span class='ocrx_word' id='word_1_837' title='bbox 2731 4493 2814 4545; x_wconf 85' lang='grc' dir='ltr'>ὅτι</span> <span class='ocrx_word' id='word_1_838' title='bbox 2855 4492 2956 4562; x_wconf 89' lang='grc' dir='ltr'>τῆς</span> <span class='ocrx_word' id='word_1_839' title='bbox 3003 4492 3212 4557; x_wconf 88' lang='grc' dir='ltr'>πόλεως</span> <span class='ocrx_word' id='word_1_840' title='bbox 3246 4492 3354 4558; x_wconf 74' lang='grc' dir='ltr'>ἔξω</span> <span class='ocrx_word' id='word_1_841' title='bbox 3399 4493 3550 4548; x_wconf 87' lang='grc' dir='ltr'>θύειν</span> 
     </span>
    </p>
   </div>
   <div class='ocr_carea' id='block_1_120' title="bbox 1960 4574 3549 4647">
    <p class='ocr_par' dir='ltr' id='par_1_120' title="bbox 1960 4574 3549 4647">
     <span class='ocr_line' id='line_1_120' title="bbox 1960 4574 3549 4647; baseline 0.004 -20"><span class='ocrx_word' id='word_1_842' title='bbox 1960 4576 2063 4629; x_wconf 88' lang='grc' dir='ltr'>ούκ</span> <span class='ocrx_word' id='word_1_843' title='bbox 2095 4574 2197 4639; x_wconf 77' lang='grc' dir='ltr'>ἔνι,</span> <span class='ocrx_word' id='word_1_844' title='bbox 2231 4574 2368 4629; x_wconf 84' lang='grc' dir='ltr'>ἀλλά</span> <span class='ocrx_word' id='word_1_845' title='bbox 2406 4576 2784 4647; x_wconf 86' lang='grc' dir='ltr'>παρανομοῦσι</span> <span class='ocrx_word' id='word_1_846' title='bbox 2816 4578 2927 4630; x_wconf 80' lang='grc' dir='ltr'>πᾶν</span> <span class='ocrx_word' id='word_1_847' title='bbox 2953 4577 3131 4645; x_wconf 81' lang='grc' dir='ltr'>ὁτιοῦν</span> <span class='ocrx_word' id='word_1_848' title='bbox 3170 4579 3549 4644; x_wconf 86' lang='grc' dir='ltr'>ἐπιτελοῦντες</span> 
     </span>
    </p>
   </div>
   <div class='ocr_carea' id='block_1_121' title="bbox 1962 4659 3548 4733">
    <p class='ocr_par' dir='ltr' id='par_1_121' title="bbox 1962 4659 3548 4733">
     <span class='ocr_line' id='line_1_121' title="bbox 1962 4659 3548 4733; baseline 0.004 -21"><span class='ocrx_word' id='word_1_849' title='bbox 1962 4660 2056 4713; x_wconf 78' lang='grc' dir='ltr'>ἐπὶ</span> <span class='ocrx_word' id='word_1_850' title='bbox 2095 4660 2199 4732; x_wconf 85' lang='grc' dir='ltr'>γῆς</span> <span class='ocrx_word' id='word_1_851' title='bbox 2230 4659 2537 4732; x_wconf 85' lang='grc' dir='ltr'>ἀλλοτρίας.</span> <span class='ocrx_word' id='word_1_852' title='bbox 2572 4660 2734 4713; x_wconf 82' lang='grc' dir='ltr'>’Ὥστε</span> <span class='ocrx_word' id='word_1_853' title='bbox 2780 4662 2830 4714; x_wconf 88' lang='grc' dir='ltr'>εί</span> <span class='ocrx_word' id='word_1_854' title='bbox 2872 4660 3090 4731; x_wconf 86' lang='grc' dir='ltr'>βούλει,</span> <span class='ocrx_word' id='word_1_855' title='bbox 3137 4661 3364 4731; x_wconf 75' lang='grc' dir='ltr'>ἔφασαν,</span> <span class='ocrx_word' id='word_1_856' title='bbox 3400 4664 3548 4733; x_wconf 71' lang='grc' dir='ltr'>ἡμᾶς</span> 
     </span>
    </p>
   </div>
   <div class='ocr_carea' id='block_1_122' title="bbox 1962 4745 3544 4819">
    <p class='ocr_par' dir='ltr' id='par_1_122' title="bbox 1962 4745 3544 4819">
     <span class='ocr_line' id='line_1_122' title="bbox 1962 4745 3544 4819; baseline 0.001 -21"><span class='ocrx_word' id='word_1_857' title='bbox 1962 4745 2189 4811; x_wconf 85' lang='grc' dir='ltr'>θύοντας</span> <span class='ocrx_word' id='word_1_858' title='bbox 2243 4746 2391 4809; x_wconf 85' lang='grc' dir='ltr'>ἰδεῖν,</span> <span class='ocrx_word' id='word_1_859' title='bbox 2435 4747 2635 4810; x_wconf 87' lang='grc' dir='ltr'>ἀπόδος</span> <span class='ocrx_word' id='word_1_860' title='bbox 2685 4746 2816 4818; x_wconf 82' lang='grc' dir='ltr'>ἡμῖν</span> <span class='ocrx_word' id='word_1_861' title='bbox 2867 4747 2965 4818; x_wconf 85' lang='grc' dir='ltr'>τὴν</span> <span class='ocrx_word' id='word_1_862' title='bbox 3021 4748 3196 4814; x_wconf 87' lang='grc' dir='ltr'>πόλιν,</span> <span class='ocrx_word' id='word_1_863' title='bbox 3238 4749 3544 4819; x_wconf 88' lang='grc' dir='ltr'>ἀνάστησον</span> 
     </span>
    </p>
   </div>
   <div class='ocr_carea' id='block_1_123' title="bbox 1959 4829 3544 4901">
    <p class='ocr_par' dir='ltr' id='par_1_123' title="bbox 1959 4829 3544 4901">
     <span class='ocr_line' id='line_1_123' title="bbox 1959 4829 3544 4901; baseline 0.001 -20"><span class='ocrx_word' id='word_1_864' title='bbox 1959 4829 2050 4883; x_wconf 82' lang='grc' dir='ltr'>τὸν</span> <span class='ocrx_word' id='word_1_865' title='bbox 2083 4829 2230 4895; x_wconf 82' lang='grc' dir='ltr'>ναὸν,</span> <span class='ocrx_word' id='word_1_866' title='bbox 2266 4829 2439 4894; x_wconf 83' lang='grc' dir='ltr'>δεῖξον</span> <span class='ocrx_word' id='word_1_867' title='bbox 2463 4832 2593 4901; x_wconf 86' lang='grc' dir='ltr'>ήμῖν</span> <span class='ocrx_word' id='word_1_868' title='bbox 2623 4830 2693 4883; x_wconf 86' lang='grc' dir='ltr'>τὰ</span> <span class='ocrx_word' id='word_1_869' title='bbox 2724 4830 2857 4899; x_wconf 80' lang='grc' dir='ltr'>ἀγια</span> <span class='ocrx_word' id='word_1_870' title='bbox 2892 4832 3001 4885; x_wconf 84' lang='grc' dir='ltr'>τῶν</span> <span class='ocrx_word' id='word_1_871' title='bbox 3026 4832 3218 4901; x_wconf 84' lang='grc' dir='ltr'>ἁγίων,</span> <span class='ocrx_word' id='word_1_872' title='bbox 3240 4832 3544 4901; x_wconf 86' lang='grc' dir='ltr'>ἀνάστησον</span> 
     </span>
    </p>
   </div>
   <div class='ocr_carea' id='block_1_124' title="bbox 1958 4912 3540 4989">
    <p class='ocr_par' dir='ltr' id='par_1_124' title="bbox 1958 4912 3540 4989">
     <span class='ocr_line' id='line_1_124' title="bbox 1958 4912 3540 4989; baseline 0.003 -24"><span class='ocrx_word' id='word_1_873' title='bbox 1958 4912 2052 4966; x_wconf 83' lang='grc' dir='ltr'>τὸν</span> <span class='ocrx_word' id='word_1_874' title='bbox 2088 4912 2293 4984; x_wconf 82' lang='grc' dir='ltr'>βωμὸν,</span> <span class='ocrx_word' id='word_1_875' title='bbox 2322 4913 2418 4968; x_wconf 75' lang='grc' dir='ltr'>καὶ</span> <span class='ocrx_word' id='word_1_876' title='bbox 2457 4913 2693 4984; x_wconf 88' lang='grc' dir='ltr'>θύσομεν</span> <span class='ocrx_word' id='word_1_877' title='bbox 2725 4916 2819 4969; x_wconf 73' lang='grc' dir='ltr'>καὶ</span> <span class='ocrx_word' id='word_1_878' title='bbox 2848 4914 2943 4970; x_wconf 90' lang='grc' dir='ltr'>νῦν</span> <span class='ocrx_word' id='word_1_879' title='bbox 2986 4916 3239 4988; x_wconf 85' lang='grc' dir='ltr'>καθάπερ</span> <span class='ocrx_word' id='word_1_880' title='bbox 3279 4917 3375 4971; x_wconf 75' lang='grc' dir='ltr'>καί⁵</span> <span class='ocrx_word' id='word_1_881' title='bbox 3403 4916 3540 4989; x_wconf 87' lang='grc' dir='ltr'>πρό-</span> 
     </span>
    </p>
   </div>
   <div class='ocr_carea' id='block_1_125' title="bbox 1958 4998 3541 5075">
    <p class='ocr_par' dir='ltr' id='par_1_125' title="bbox 1958 4998 3541 5075">
     <span class='ocr_line' id='line_1_125' title="bbox 1958 4998 3541 5075; baseline 0.004 -24"><span class='ocrx_word' id='word_1_882' title='bbox 1958 5015 2135 5071; x_wconf 89' lang='grc' dir='ltr'>τερον.</span> <span class='ocrx_word' id='word_1_883' title='bbox 2173 4999 2285 5053; x_wconf 86' lang='lat' dir='ltr'>Kal</span> <span class='ocrx_word' id='word_1_884' title='bbox 2312 5000 2413 5053; x_wconf 83' lang='grc' dir='ltr'>οὐκ</span> <span class='ocrx_word' id='word_1_885' title='bbox 2442 4998 2738 5071; x_wconf 76' lang='grc' dir='ltr'>ᾐσχύνοντο</span> <span class='ocrx_word' id='word_1_886' title='bbox 2768 5003 2817 5055; x_wconf 84' lang='grc' dir='ltr'><strong>οἱ</strong></span> <span class='ocrx_word' id='word_1_887' title='bbox 2854 5003 3045 5075; x_wconf 80' lang='grc' dir='ltr'>μιαροὶ</span> <span class='ocrx_word' id='word_1_888' title='bbox 3076 5003 3169 5057; x_wconf 84' lang='grc' dir='ltr'>καὶ</span> <span class='ocrx_word' id='word_1_889' title='bbox 3197 5004 3541 5075; x_wconf 88' lang='grc' dir='ltr'>ἀναίσχυντοι</span> 
     </span>
    </p>
   </div>
   <div class='ocr_carea' id='block_1_126' title="bbox 1959 5082 3538 5158">
    <p class='ocr_par' dir='ltr' id='par_1_126' title="bbox 1959 5082 3538 5158">
     <span class='ocr_line' id='line_1_126' title="bbox 1959 5082 3538 5158; baseline 0.001 -22"><span class='ocrx_word' id='word_1_890' title='bbox 1959 5082 2115 5155; x_wconf 85' lang='grc' dir='ltr'>παρά</span> <span class='ocrx_word' id='word_1_891' title='bbox 2139 5082 2333 5155; x_wconf 78' lang='grc' dir='ltr'>ἀνδρὸς</span> <span class='ocrx_word' id='word_1_892' title='bbox 2356 5083 2589 5147; x_wconf 78' lang='grc' dir='ltr'>ἀσεϐοῦς</span> <span class='ocrx_word' id='word_1_893' title='bbox 2622 5084 2717 5139; x_wconf 74' lang='grc' dir='ltr'>καὶ</span> <span class='ocrx_word' id='word_1_894' title='bbox 2749 5084 3012 5158; x_wconf 84' lang='grc' dir='ltr'>Ἕλληνος</span> <span class='ocrx_word' id='word_1_895' title='bbox 3039 5086 3213 5140; x_wconf 90' lang='grc' dir='ltr'>ταῦτα</span> <span class='ocrx_word' id='word_1_896' title='bbox 3239 5085 3538 5149; x_wconf 88' lang='grc' dir='ltr'>αἰτοῦντες,</span> 
     </span>
    </p>
   </div>
   <div class='ocr_carea' id='block_1_127' title="bbox 1959 5167 3542 5242">
    <p class='ocr_par' dir='ltr' id='par_1_127' title="bbox 1959 5167 3542 5242">
     <span class='ocr_line' id='line_1_127' title="bbox 1959 5167 3542 5242; baseline 0 -19"><span class='ocrx_word' id='word_1_897' title='bbox 1959 5167 2187 5232; x_wconf 77' lang='grc' dir='ltr'>καὶτὰς</span> <span class='ocrx_word' id='word_1_898' title='bbox 2237 5168 2442 5241; x_wconf 85' lang='grc' dir='ltr'>μιαρὰς</span> <span class='ocrx_word' id='word_1_899' title='bbox 2489 5169 2696 5223; x_wconf 85' lang='grc' dir='ltr'>ἐκείνου</span> <span class='ocrx_word' id='word_1_900' title='bbox 2750 5174 2939 5242; x_wconf 87' lang='grc' dir='ltr'>χεῖρας</span> <span class='ocrx_word' id='word_1_901' title='bbox 2987 5171 3281 5235; x_wconf 90' lang='grc' dir='ltr'>καλοῦντες</span> <span class='ocrx_word' id='word_1_902' title='bbox 3311 5171 3405 5224; x_wconf 77' lang='grc' dir='ltr'>ἐπὶ</span> <span class='ocrx_word' id='word_1_903' title='bbox 3442 5171 3542 5241; x_wconf 75' lang='grc' dir='ltr'>τὴν</span> 
     </span>
    </p>
   </div>
   <div class='ocr_carea' id='block_1_128' title="bbox 1958 5252 3541 5329">
    <p class='ocr_par' dir='ltr' id='par_1_128' title="bbox 1958 5252 3541 5329">
     <span class='ocr_line' id='line_1_128' title="bbox 1958 5252 3541 5329; baseline 0.003 -23"><span class='ocrx_word' id='word_1_904' title='bbox 1958 5252 2069 5307; x_wconf 85' lang='grc' dir='ltr'>τῶν</span> <span class='ocrx_word' id='word_1_905' title='bbox 2111 5253 2280 5323; x_wconf 83' lang='grc' dir='ltr'>ἁγίων</span> <span class='ocrx_word' id='word_1_906' title='bbox 2305 5253 2622 5325; x_wconf 87' lang='grc' dir='ltr'>οἰκοδομήν·</span> <span class='ocrx_word' id='word_1_907' title='bbox 2657 5255 2753 5310; x_wconf 78' lang='grc' dir='ltr'>καὶ</span> <span class='ocrx_word' id='word_1_908' title='bbox 2783 5257 2883 5311; x_wconf 84' lang='grc' dir='ltr'>οὐκ</span> <span class='ocrx_word' id='word_1_909' title='bbox 2926 5256 3224 5329; x_wconf 68' lang='grc' dir='ltr'>ᾐσθάνοντο</span> <span class='ocrx_word' id='word_1_910' title='bbox 3256 5257 3541 5320; x_wconf 84' lang='grc' dir='ltr'>ἀδυνάτοις</span> 
     </span>
    </p>
   </div>
   <div class='ocr_carea' id='block_1_129' title="bbox 1959 5336 3541 5413">
    <p class='ocr_par' dir='ltr' id='par_1_129' title="bbox 1959 5336 3541 5413">
     <span class='ocr_line' id='line_1_129' title="bbox 1959 5336 3541 5413; baseline 0.004 -24"><span class='ocrx_word' id='word_1_911' title='bbox 1959 5336 2364 5411; x_wconf 86' lang='grc' dir='ltr'>ἐπιχειροῦντες</span> <span class='ocrx_word' id='word_1_912' title='bbox 2409 5338 2750 5409; x_wconf 88' lang='grc' dir='ltr'>πράγμασιν,</span> <span class='ocrx_word' id='word_1_913' title='bbox 2782 5340 2903 5393; x_wconf 89' lang='grc' dir='ltr'>ούδέ</span> <span class='ocrx_word' id='word_1_914' title='bbox 2936 5341 3197 5407; x_wconf 86' lang='grc' dir='ltr'>συνεῖδον,</span> <span class='ocrx_word' id='word_1_915' title='bbox 3229 5343 3312 5396; x_wconf 84' lang='grc' dir='ltr'>ὅτι</span> <span class='ocrx_word' id='word_1_916' title='bbox 3350 5344 3397 5395; x_wconf 89' lang='grc' dir='ltr'>εἰ</span> <span class='ocrx_word' id='word_1_917' title='bbox 3442 5342 3541 5413; x_wconf 80' lang='grc' dir='ltr'>μὲν</span> 
     </span>
    </p>
   </div>
   <div class='ocr_carea' id='block_1_130' title="bbox 1958 5418 3544 5498">
    <p class='ocr_par' dir='ltr' id='par_1_130' title="bbox 1958 5418 3544 5498">
     <span class='ocr_line' id='line_1_130' title="bbox 1958 5418 3544 5498; baseline 0.003 -23"><span class='ocrx_word' id='word_1_918' title='bbox 1958 5420 2243 5493; x_wconf 71' lang='grc' dir='ltr'>ἄνθρωπος</span> <span class='ocrx_word' id='word_1_919' title='bbox 2285 5418 2353 5492; x_wconf 81' lang='grc' dir='ltr'>ἦν</span> <span class='ocrx_word' id='word_1_920' title='bbox 2391 5423 2420 5475; x_wconf 90' lang='grc' dir='ltr'><strong>ὁ</strong></span> <span class='ocrx_word' id='word_1_921' title='bbox 2449 5422 2757 5488; x_wconf 84' lang='grc' dir='ltr'>καταλύσας</span> <span class='ocrx_word' id='word_1_922' title='bbox 2798 5424 3011 5489; x_wconf 82' lang='grc' dir='ltr'>ἐκεῖνα,</span> <span class='ocrx_word' id='word_1_923' title='bbox 3063 5425 3191 5496; x_wconf 81' lang='grc' dir='ltr'>ἐνῆν</span> <span class='ocrx_word' id='word_1_924' title='bbox 3242 5428 3335 5481; x_wconf 69' lang='grc' dir='ltr'>καὶ</span> <span class='ocrx_word' id='word_1_925' title='bbox 3389 5425 3544 5498; x_wconf 81' lang='grc' dir='ltr'>παρά</span> 
     </span>
    </p>
   </div>
   <div class='ocr_carea' id='block_1_131' title="bbox 2024 5609 3539 5677">
    <p class='ocr_par' dir='ltr' id='par_1_131' title="bbox 2024 5609 3539 5677">
     <span class='ocr_line' id='line_1_131' title="bbox 2024 5609 3539 5677; baseline 0.007 -16"><span class='ocrx_word' id='word_1_926' title='bbox 2024 5616 2060 5677; x_wconf 48' lang='grc' dir='ltr'>ἦ</span> <span class='ocrx_word' id='word_1_927' title='bbox 2078 5612 2163 5662; x_wconf 82' lang='lat' dir='ltr'>Sic</span> <span class='ocrx_word' id='word_1_928' title='bbox 2188 5609 2339 5661; x_wconf 80' lang='lat' dir='ltr'>Savil.</span> <span class='ocrx_word' id='word_1_929' title='bbox 2354 5612 2781 5677; x_wconf 56' lang='lat' dir='ltr'>cujusjectionem</span> <span class='ocrx_word' id='word_1_930' title='bbox 2798 5615 3028 5677; x_wconf 82' lang='lat' dir='ltr'>recipere</span> <span class='ocrx_word' id='word_1_931' title='bbox 3057 5617 3213 5667; x_wconf 76' lang='lat' dir='ltr'><strong>visum</strong></span> <span class='ocrx_word' id='word_1_932' title='bbox 3236 5622 3325 5666; x_wconf 79' lang='lat' dir='ltr'>est.</span> <span class='ocrx_word' id='word_1_933' title='bbox 3368 5614 3539 5672; x_wconf 76' lang='lat' dir='ltr'>Monlf.</span> 
     </span>
    </p>
   </div>
   <div class='ocr_carea' id='block_1_132' title="bbox 1960 5673 2620 5732">
    <p class='ocr_par' dir='ltr' id='par_1_132' title="bbox 1960 5673 2620 5732">
     <span class='ocr_line' id='line_1_132' title="bbox 1960 5673 2620 5732; baseline -0.003 -8"><span class='ocrx_word' id='word_1_934' title='bbox 1960 5675 2104 5724; x_wconf 82' lang='grc' dir='ltr'>Ποῦ..</span> <span class='ocrx_word' id='word_1_935' title='bbox 2115 5713 2125 5723; x_wconf 95' lang='grc'>.</span> <span class='ocrx_word' id='word_1_936' title='bbox 2148 5673 2461 5732; x_wconf 73' lang='grc' dir='ltr'>πασιασταῖς</span> <span class='ocrx_word' id='word_1_937' title='bbox 2486 5673 2620 5722; x_wconf 85' lang='lat' dir='ltr'>Enrr.</span> 
     </span>
    </p>
   </div>
   <div class='ocr_carea' id='block_1_133' title="bbox 2020 5736 3546 5806">
    <p class='ocr_par' dir='ltr' id='par_1_133' title="bbox 2020 5736 3546 5806">
     <span class='ocr_line' id='line_1_133' title="bbox 2020 5736 3546 5806; baseline 0.003 -21"><span class='ocrx_word' id='word_1_938' title='bbox 2020 5737 2047 5806; x_wconf 57' lang='grc' dir='ltr'>ξι</span> <span class='ocrx_word' id='word_1_939' title='bbox 2072 5738 2203 5793; x_wconf 63' lang='lat' dir='ltr'>Hac.</span> <span class='ocrx_word' id='word_1_940' title='bbox 2229 5737 2347 5806; x_wconf 77' lang='grc' dir='ltr'>μετά</span> <span class='ocrx_word' id='word_1_941' title='bbox 2496 5737 2582 5806; x_wconf 64' lang='grc' dir='ltr'>τῂν</span> <span class='ocrx_word' id='word_1_942' title='bbox 2605 5736 2970 5806; x_wconf 75' lang='grc' dir='ltr'>ρύεσπασιανοῦ</span> <span class='ocrx_word' id='word_1_943' title='bbox 3010 5742 3091 5789; x_wconf 81' lang='grc' dir='ltr'>καὶ</span> <span class='ocrx_word' id='word_1_944' title='bbox 3126 5742 3270 5792; x_wconf 84' lang='grc' dir='ltr'>Τίτου</span> <span class='ocrx_word' id='word_1_945' title='bbox 3288 5747 3546 5806; x_wconf 79' lang='grc' dir='ltr'>γενομένην</span> 
     </span>
    </p>
   </div>
   <div class='ocr_carea' id='block_1_134' title="bbox 1961 5796 3538 5872">
    <p class='ocr_par' dir='ltr' id='par_1_134' title="bbox 1961 5796 3538 5872">
     <span class='ocr_line' id='line_1_134' title="bbox 1961 5796 3538 5872; baseline 0.004 -24"><span class='ocrx_word' id='word_1_946' title='bbox 1961 5796 2491 5872; x_wconf 48' lang='grc' dir='ltr'>ἐρήμωσινίόεειιιι-ιῖη</span> <span class='ocrx_word' id='word_1_947' title='bbox 2517 5798 2666 5872; x_wconf 53' lang='lat' dir='ltr'>Sag-il.</span> <span class='ocrx_word' id='word_1_948' title='bbox 2687 5805 2761 5872; x_wconf 54' lang='grc' dir='ltr'>ἐξ</span> <span class='ocrx_word' id='word_1_949' title='bbox 2777 5802 2825 5849; x_wconf 77' lang='lat' dir='ltr'><strong>in</strong></span> <span class='ocrx_word' id='word_1_950' title='bbox 2852 5808 2964 5851; x_wconf 77' lang='lat' dir='ltr'>octo</span> <span class='ocrx_word' id='word_1_951' title='bbox 2997 5815 3133 5864; x_wconf 86' lang='lat' dir='ltr'>mss.,</span> <span class='ocrx_word' id='word_1_952' title='bbox 3160 5812 3214 5854; x_wconf 77' lang='lat' dir='ltr'>ut</span> <span class='ocrx_word' id='word_1_953' title='bbox 3247 5796 3429 5855; x_wconf 71' lang='lat' dir='ltr'>et&#39;mo&#39;x</span> <span class='ocrx_word' id='word_1_954' title='bbox 3456 5796 3538 5854; x_wconf 67' lang='lat' dir='ltr'>se-</span> 
     </span>
    </p>
   </div>
   <div class='ocr_carea' id='block_1_135' title="bbox 1962 5858 3363 5991">
    <p class='ocr_par' dir='ltr' id='par_1_135' title="bbox 1962 5858 3363 5991">
     <span class='ocr_line' id='line_1_135' title="bbox 1962 5858 3131 5923; baseline 0.002 -14"><span class='ocrx_word' id='word_1_955' title='bbox 1962 5858 2162 5923; x_wconf 54' lang='lat' dir='ltr'>q&#39;uénlia</span> <span class='ocrx_word' id='word_1_956' title='bbox 2189 5862 2335 5909; x_wconf 80' lang='lat' dir='ltr'><strong><em>verba</em></strong></span> <span class='ocrx_word' id='word_1_957' title='bbox 2360 5858 2490 5908; x_wconf 75' lang='grc' dir='ltr'>οὗτοι</span> <span class='ocrx_word' id='word_1_958' title='bbox 2511 5863 2555 5907; x_wconf 86' lang='grc' dir='ltr'>οἰ</span> <span class='ocrx_word' id='word_1_959' title='bbox 2590 5859 2822 5911; x_wconf 87' lang='grc' dir='ltr'>Ἰουδαῖοι.</span> <span class='ocrx_word' id='word_1_960' title='bbox 3121 5858 3131 5864; x_wconf 64' lang='grc'><strong>⁷</strong></span> 
     </span>
     <span class='ocr_line' id='line_1_136' title="bbox 2029 5918 3363 5991; baseline 0.005 -24"><span class='ocrx_word' id='word_1_961' title='bbox 2029 5924 2052 5991; x_wconf 66' lang='grc' dir='ltr'><strong><em>ξ</em></strong></span> <span class='ocrx_word' id='word_1_962' title='bbox 2081 5921 2328 5991; x_wconf 79' lang='lat' dir='ltr'>Savil.</span> <span class='ocrx_word' id='word_1_963' title='bbox 2359 5918 2679 5991; x_wconf 57' lang='grc' dir='ltr'>δίουιῑτοῦδέ</span> <span class='ocrx_word' id='word_1_964' title='bbox 2708 5921 2833 5973; x_wconf 82' lang='grc' dir='ltr'>Θεοῦ</span> <span class='ocrx_word' id='word_1_965' title='bbox 2866 5925 3199 5989; x_wconf 80' lang='grc' dir='ltr'>πολεμοῦντος.</span> <span class='ocrx_word' id='word_1_966' title='bbox 3224 5926 3363 5975; x_wconf 67' lang='lat' dir='ltr'><strong><em>lion.</em></strong></span> 
     </span>
    </p>
   </div>
   <div class='ocr_carea' id='block_1_136' title="bbox 2027 5982 2431 6047">
    <p class='ocr_par' dir='ltr' id='par_1_136' title="bbox 2027 5982 2431 6047">
     <span class='ocr_line' id='line_1_137' title="bbox 2027 5982 2431 6047; baseline -0.01 -12"><span class='ocrx_word' id='word_1_967' title='bbox 2027 5982 2047 6022; x_wconf 68' lang='grc' dir='ltr'>ί</span> <span class='ocrx_word' id='word_1_968' title='bbox 2071 5984 2170 6035; x_wconf 78' lang='lat' dir='ltr'>Alii</span> <span class='ocrx_word' id='word_1_969' title='bbox 2197 5988 2431 6047; x_wconf 85' lang='grc' dir='ltr'>πανταχῆ.</span> 
     </span>
    </p>
   </div>
   <div class='ocr_carea' id='block_1_137' title="bbox 3116 6074 3193 6122">
    <p class='ocr_par' dir='ltr' id='par_1_137' title="bbox 3116 6074 3193 6122">
     <span class='ocr_line' id='line_1_138' title="bbox 3116 6074 3193 6122; baseline 0 0"><span class='ocrx_word' id='word_1_970' title='bbox 3116 6074 3193 6122; x_wconf 68' lang='grc' dir='ltr'>ςέὶ</span> 
     </span>
    </p>
   </div>
  </div>
