4084 6186
350 298 446 354 θυι

347 410 665 471 restituere;
718 424 898 463 verum
946 424 1063 462 cum
1112 410 1250 464 Deus
1295 420 1476 475 e~set,
1526 412 1615 479 qui
1663 414 1927 466 civitatem

345 502 558 555 illoruut
600 500 967 568 subverterat,
1005 501 1119 556 fieri
1160 518 1490 572 nequaquam
1533 519 1707 573 posse,
1739 514 1935 575 utqua:

347 594 489 648 Deus
510 592 844 657 decreverat,
865 609 1115 663 muquam
1138 604 1401 649 everteret
1424 594 1654 649 humana
1679 598 1931 665 potentia.

262 738 269 743 ,
344 682 486 736 Nam
511 698 624 749 qua:
651 682 789 736 Deus
813 694 1036 749 sanctus,
1060 685 1248 753 inquit,
1279 685 1471 748 statuit,
1500 686 1610 754 quis
1631 685 1937 756 dissipabit?

258 774 269 785 ⁴
343 776 418 830 Ac
444 792 650 829 manum
671 776 810 829 illius
830 775 1079 829 excelsam
1107 792 1217 846 quis
1238 784 1419 829 avertet
1445 775 1462 846 (
1485 776 1508 829 1
1517 777 1610 830 sai.
1653 777 1739 831 14.
1778 777 1846 831 27
1872 777 1936 847 )?

341 869 492 924 Sient
539 869 682 922 enim
733 884 1089 938 quatcumque
1139 869 1227 924 ille
1270 868 1571 932 stabilierit,
1606 870 1936 939 volueritque

343 979 583 1025 manere,
620 962 797 1016 nullus
833 962 993 1016 homo
1038 972 1210 1031 potest
1240 962 1482 1016 demoliri
1520 981 1534 1017 :
1566 962 1635 1014 ita
1661 977 1934 1031 qurecum-

340 1072 447 1125 que
493 1056 839 1117 dcstruxerit,
888 1054 1221 1124 volueritque
1262 1070 1480 1109 manere
1530 1055 1725 1118 diruta,
1776 1070 1935 1109 nemo

343 1148 537 1216 poterit
588 1148 906 1201 instaurare.
970 1147 1162 1201 Verum
1212 1155 1329 1200 esto
1376 1160 1538 1208 sane,
1591 1144 1790 1208 Judaei,
1840 1159 1934 1198 rex

344 1241 606 1310 templum
640 1241 949 1306 reddiderit,
972 1256 1117 1294 aram
1147 1254 1364 1308 prorsus
1389 1239 1643 1300 erexerit,
1671 1237 1931 1307 quemad-

341 1332 558 1386 modum
604 1348 697 1385 vos
731 1332 923 1386 frustra
968 1332 1206 1401 potuisse
1233 1330 1345 1385 fieri
1389 1331 1729 1397 suSpicamiui
1761 1348 1773 1383 :
1805 1345 1930 1384 unm

339 1432 394 1477 et
420 1423 595 1492 ignem
616 1424 886 1476 αηιρδιθηι
916 1438 946 1475 e
975 1422 1188 1475 sublimi
1218 1431 1419 1490 poterat
1443 1420 1593 1475 vobis
1611 1418 1931 1474 demittere?

339 1514 440 1582 Qui
467 1515 508 1567 si
541 1513 820 1577 defuisset,
854 1513 1073 1581 impium
1104 1521 1158 1567 et
1184 1513 1446 1582 impurum
1497 1511 1684 1566 fuisset
1725 1511 1930 1565 sacrifi-

340 1607 506 1661 cium.
538 1605 619 1660 Ob
641 1605 742 1660 hoc
764 1606 905 1659 enim
937 1606 1213 1673 perierunt
1240 1604 1328 1657 filii
1355 1605 1556 1668 Aaron,
1578 1602 1721 1672 quod
1753 1603 1928 1672 ignem

338 1700 577 1752 alienqu
606 1698 936 1752 iuduxerint.
967 1697 1318 1751 Nihilominus
1346 1697 1412 1750 ad
1440 1697 1619 1775 omnia
1649 1696 1925 1761 obczccati,

337 1794 693 1848 obsecrabaut
719 1808 781 1846 ac
808 1792 1194 1861 supplicabant,
1225 1801 1279 1844 ut
1321 1805 1442 1844 cum
1481 1791 1609 1858 ipsis
1634 1790 1931 1858 susciperet

337 1894 395 1939 et
446 1885 828 1955 aggrederetur
884 1884 1325 1937 instaurationem
1378 1882 1580 1951 templi.
1632 1884 1699 1935 At
1744 1882 1835 1935 ille
1875 1891 1928 1936 et

342 1979 595 2045 pecunias
623 1975 903 2046 impendit,
929 1984 979 2029 el
1006 1973 1286 2043 praefectos
1315 1974 1459 2027 misit
1481 1975 1621 2027 viros
1645 1973 1924 2043 primates,

337 2079 395 2121 et
423 2068 655 2122 artifices
678 2066 1017 2135 uudiquaque
1043 2064 1245 2119 accersi
1273 2064 1449 2132 jussit,
1482 2063 1610 2117 niltil
1642 2079 1745 2117 nou
1779 2062 1921 2127 fecit,

339 2157 468 2212 nihil
506 2174 609 2211 non
644 2158 887 2223 tentavit,
936 2156 1295 2226 paulatimac
1331 2154 1530 2209 sensim
1586 2155 1687 2209 hoc
1736 2168 1920 2224 agens,

336 2264 670 2319 speransque
699 2248 953 2313 futurum,
984 2258 1040 2301 ut
1085 2248 1131 2301 si
1176 2255 1356 2316 posset
1382 2246 1500 2301 illos
1526 2246 1593 2300 ad
1622 2245 1926 2300 sacriﬁcan-

335 2342 466 2397 dttnt
493 2342 764 2406 inducere,
796 2340 947 2394 facile
977 2341 1094 2395 illos
1116 2348 1393 2395 revocaret
1416 2338 1481 2393 ad
1507 2339 1680 2393 cultus
1707 2338 1924 2392 simula-

337 2450 574 2489 crorum.
607 2434 777 2490 Sitnul
805 2443 858 2488 et
884 2432 1010 2487 illud
1056 2435 1170 2487 fore
1212 2431 1458 2502 sperabat
1486 2432 1704 2485 insanus
1733 2431 1820 2485 ille
1862 2444 1927 2483 ac

340 2542 551 2592 vecors,
582 2536 639 2580 ut
676 2524 873 2579 Christi
899 2524 1215 2579 sententiam
1265 2522 1628 2587 frusuaretur,
1657 2536 1775 2591 qua:
1817 2537 1921 2573 nou

338 2618 535 2686 patitur
557 2616 814 2686 templum
843 2615 970 2669 illud
1002 2614 1303 2669 instaurari.
1336 2614 1530 2669 Verum
1563 2615 1627 2675 is,
1658 2612 1748 2683 qui
1777 2627 1923 2668 com—

339 2706 624 2775 prehendit
643 2708 910 2775 sapientes
938 2707 989 2759 in
1017 2707 1251 2773 ipsorum
1273 2704 1462 2760 astutia
1487 2703 1505 2774 (
1526 2706 1572 2758 ί.
1598 2702 1715 2759 Cor.
1739 2705 1792 2759 5.
1822 2702 1920 2769 l9;

335 2796 439 2849 Job
465 2796 520 2851 5.
556 2794 683 2867 15),
736 2798 975 2866 Protinus
1006 2797 1131 2865 ipsis
1171 2795 1323 2850 factis
1365 2795 1656 2851 declaravit
1695 2795 1793 2862 illi,
1827 2794 1919 2850 Dei

331 2888 611 2942 decretum
655 2889 906 2943 omnibus
949 2902 1070 2942 eSse
1121 2887 1431 2957 potentius,
1476 2887 1752 2957 validaque
1801 2901 1920 2942 esse

327 2995 495 3048 Opera
525 2994 833 3034 sermonum
885 2978 994 3033 Dei.
1044 2977 1174 3032 Nam
1219 2978 1377 3033 simul
1423 2987 1582 3047 atque
1626 2986 1921 3033 tentassent

329 3073 474 3126 hunc
497 3072 716 3141 impium
734 3080 998 3133 conatum,
1025 3072 1313 3139 cmpissent
1333 3070 1533 3125 nudare
1556 3070 1915 3135 fundamenta,

328 3164 551 3216 multam
578 3174 772 3217 terram
795 3162 1186 3224 exltausisscnt,
1209 3171 1543 3230 restaretque
1568 3172 1625 3215 ut
1641 3162 1751 3232 jam
1773 3170 1916 3216 stru-

326 3268 534 3308 c.uram
565 3253 1017 3323 aggrederentur:
1044 3252 1286 3321 protinus
1313 3252 1448 3320 ignis
1472 3252 1724 3307 cxsiliens
1744 3268 1775 3307 e
1799 3252 1919 3307 l‘uno

327 3346 597 3400 damentis
622 3345 825 3399 exussit
868 3344 1082 3405 multos,
1119 3344 1350 3413 itemque
1379 3343 1580 3412 lapides
1610 3358 1675 3397 eo
1717 3343 1766 3396 in
1800 3344 1917 3397 loco

327 3438 532 3505 positos
553 3477 568 3502 ,
602 3446 657 3490 et
688 3436 1117 3504 intempestivam
1166 3434 1515 3504 pertinaciam
1564 3435 1846 3503 interrupit
1876 3436 1913 3485 ¹.

320 3529 434 3584 Nec
472 3530 643 3583 solum
672 3527 765 3597 qui
793 3527 941 3595 operi
972 3527 1273 3592 instabant,
1300 3525 1393 3580 sed
1421 3528 1580 3580 etiam
1609 3525 1915 3581 Juda‘orum

327 3620 483 3674 multi
512 3628 734 3688 stupore
762 3632 826 3671 ac
855 3617 1051 3672 rubore
1090 3617 1281 3687 repleti
1323 3626 1466 3671 sunt.
1499 3617 1700 3685 Quibus
1722 3617 1915 3672 auditis

317 3711 564 3768 Julianus
597 3712 912 3780 Imperator,
936 3724 1256 3779 quamquam
1294 3716 1438 3762 tanta
1464 3709 1676 3763 vesania
1704 3708 1915 3763 deditus

319 3812 439 3858 erat
480 3802 553 3855 illi
597 3803 829 3871 negotio,
865 3802 1065 3855 veritus
1113 3809 1289 3855 tamen
1337 3815 1402 3853 ue
1437 3800 1569 3855 ultra
1602 3815 1913 3870 progressus

318 3895 374 3947 in
396 3907 549 3946 suum
580 3893 743 3960 ipsius
771 3901 930 3957 caput
957 3892 1130 3960 ignem
1171 3899 1490 3957 accerseret,
1521 3891 1913 3947 destititvictus

316 3998 441 4039 cum
476 3991 581 4037 tota
611 3994 787 4053 gente.
814 3977 880 4036 Et
908 3998 1045 4037 nunc
1067 3983 1110 4038 si
1137 3983 1317 4037 veuias
1344 3982 1754 4053 Jerosolymam,
1784 3998 1912 4038 con-

313 4075 518 4144 spicies
549 4074 686 4128 nuda
740 4073 1082 4127 fundamenta
1120 4093 1132 4127 :
1160 4074 1300 4144 quod
1331 4074 1376 4128 si
1413 4090 1625 4128 causam
1662 4088 1906 4146 quaeras,

310 4183 425 4221 nou
456 4167 612 4220 aliam
657 4182 814 4235 quam
862 4167 998 4219 hanc
1042 4167 1247 4221 audies.
1283 4166 1447 4234 llujus
1486 4167 1563 4221 rei
1595 4182 1692 4220 nos
1719 4183 1909 4223 omnes

314 4268 488 4311 testes
514 4270 699 4309 sumus
730 4272 743 4307 :
778 4265 957 4309 nostra
981 4256 1121 4309 enim
1155 4266 1309 4311 aitate
1330 4256 1445 4311 huic
1472 4272 1575 4313 non
1609 4258 1678 4313 ita
1702 4259 1906 4328 pridem

309 4346 648 4403 acciderunt.
681 4346 799 4401 tam
837 4347 1115 4401 considera
1162 4349 1438 4403 victoriam
1477 4352 1758 4421 insignem.
1788 4352 1905 4407 Non

310 4439 463 4494 enim
503 4438 605 4491 hoe
641 4436 832 4491 accidit
860 4437 959 4490 sub
989 4437 1089 4505 piis
1116 4437 1548 4507 lmperatoribus,
1577 4456 1676 4496 nec
1709 4443 1798 4513 qui
1819 4444 1906 4497 di-

312 4544 440 4583 cere
486 4528 711 4598 possint,
750 4528 1081 4581 Christianos
1121 4543 1256 4596 opus
1297 4530 1476 4593 perfici
1515 4533 1781 4597 vetuisse;
1810 4535 1905 4589 sed

315 4632 427 4674 tum
456 4634 577 4672 cum
608 4633 695 4672 res
723 4627 918 4673 nostra:
961 4628 1144 4673 essent
1187 4618 1417 4686 amicue,
1460 4635 1581 4675 cum
1611 4638 1799 4679 omnes
1839 4628 1907 4682 de

313 4712 419 4764 vita
445 4709 888 4777 periclitaremnr,
910 4724 1031 4763 cum
1052 4710 1227 4764 omnis
1250 4710 1469 4766 libertas
1496 4723 1638 4769 esset
1660 4715 1869 4771 sublata
1886 4759 1902 4784 ,

313 4818 435 4855 cum
466 4800 686 4855 ﬂoreret
715 4801 1086 4871 paganismus,
1117 4816 1239 4855 cum
1270 4802 1455 4857 fideles
1478 4804 1568 4859 alii
1605 4806 1818 4875 quidem
1851 4810 1904 4864 iu

313 4896 520 4951 tedibus
558 4895 667 4949 suis
707 4895 996 4959 latitarent,
1041 4895 1129 4950 alii
1162 4912 1290 4951 vero
1310 4896 1361 4951 in
1393 4898 1704 4955 solitudines
1729 4900 1901 4956 demi-

311 4998 552 5058 grarent,
599 4986 818 5058 foraque
850 4989 1111 5058 fugerent,
1160 5000 1267 5043 tum
1308 4990 1522 5045 demum
1552 4993 1663 5047 haec
1692 4996 1903 5051 accide-

312 5092 459 5146 runt,
510 5096 577 5135 ne
604 5097 707 5151 qua
734 5091 956 5137 restaret
983 5083 1086 5136 illis
1116 5083 1458 5152 impudentiae
1499 5089 1730 5141 occasio.

386 5174 476 5229 12.
508 5172 751 5227 Etiamne
775 5172 951 5227 adhuc
976 5172 1206 5238 dubitas,
1239 5173 1441 5240 Judtee,
1464 5190 1583 5231 cum
1613 5181 1901 5251 perspicias

312 5277 367 5323 et
397 5283 464 5323 ex
495 5266 691 5322 Christi
724 5266 1087 5335 prtedictioue,
1116 5275 1172 5321 et
1206 5281 1278 5321 ex
1311 5267 1691 5338 prophetarum
1720 5273 1902 5328 vatici-

315 5364 440 5428 niis,
473 5370 528 5417 et
566 5376 631 5416 ex
673 5361 905 5430 ipsarum
945 5375 1122 5414 rerum
1168 5360 1626 5419 demonstratione
1665 5367 1903 5421 testimo-

314 5458 459 5512 nium
487 5463 672 5511 contra
702 5464 752 5509 te
779 5453 948 5510 ferri?
974 5452 1169 5508 Verum
1199 5454 1330 5508 nihil
1356 5456 1548 5510 mirum
1582 5467 1685 5512 est.
1715 5458 1900 5515 Istius-

315 5549 460 5604 modi
520 5548 715 5618 quippe
772 5545 871 5601 fuit
917 5555 1005 5598 tua
1057 5544 1237 5609 natio,
1278 5546 1348 5600 ab
1400 5547 1551 5602 initio
1599 5549 1801 5605 ell‘rons
1847 5563 1900 5606 et

377 5647 394 5677 ι
420 5644 505 5708 Hic
548 5640 970 5708 quaedamdesuut
1013 5641 1062 5689 in
1096 5647 1199 5708 Mss.
1226 5624 1436 5708 aliquot,
1463 5655 1573 5705 quae
1596 5643 1827 5708 leguntur
1850 5647 1898 5695 in

316 5706 500 5761 ttorel.,
520 5701 659 5753 savii.
678 5710 729 5752 ct
746 5701 868 5752 aliis.
892 5710 1109 5765 Itemque
1126 5701 1216 5751 aha
1236 5701 1362 5752 male
1385 5701 1581 5761 inserta,
1602 5701 1899 5758 reclamante

316 5767 471 5817 Sat-iiii
498 5766 713 5815 Fditioue
743 5765 1062 5827 omnibusque
1093 5771 1222 5825 Mss,
1247 5773 1488 5827 cxpuncla
1510 5775 1639 5818 sunt.

1592 301 1628 353 Α
1641 299 1953 358 DVERSUS
1991 302 2293 358 JUDIEOS.
2341 302 2399 371 Υ.

3529 308 3633 362 992

2050 416 2332 483 pervicax,
2378 429 2695 482 sempr-tque
2745 416 2902 469 rebus
2958 417 3297 473 evidentibus
3332 435 3631 489 repugnare

2043 507 2217 560 solita.
2252 507 2342 560 Vis
2366 516 2417 560 ttt
2441 515 2495 561 et
2520 507 2654 560 alios
2685 506 2972 577 prophetas
3001 511 3050 562 in
3081 520 3131 564 te
3160 525 3385 575 armem,
3414 514 3502 582 qui
3530 513 3631 569 hrc

2042 596 2214 664 ipsum
2242 608 2424 666 aperte
2449 596 2649 661 dicunt,
2675 598 2907 652 futurum
2930 609 2986 653 ut
3011 610 3183 655 vestra
3214 602 3371 656 finem
3399 605 3630 659 sortian-

2044 697 2149 754 tur,
2183 698 2364 742 nostra
2387 699 2572 743 contra
2586 688 2928 767 eilloreseant
2946 710 2961 759 ;
2979 700 3193 762 totoque
3217 702 3475 749 terrarum
3501 698 3632 751 orbe

2044 792 2359 851 prepagetur
2374 780 2569 836 Christi
2606 783 2947 851 prtuconiutn,
2968 783 3218 852 aliudque
3246 786 3631 842 sacrificiorum

2040 887 2208 940 genus
2238 872 2536 935 inducatur,
2567 874 2630 928 iis
2656 888 2772 944 quae
2802 876 2941 944 apud
2973 892 3065 930 vos
3089 876 3299 933 fuerunt
3323 880 3633 951 abrogatis?

2042 964 2175 1017 Audi
2208 966 2363 1034 igitur
2389 964 2723 1030 Malachiam,
2756 968 2842 1035 qui
2874 968 3084 1022 cmtcris
3116 970 3385 1040 pt0phetis
3409 971 3508 1027 fuit
3542 988 3634 1043 po-

2039 1055 2232 1109 sterior
2259 1072 2274 1109 :
2306 1056 2539 1109 nondum
2581 1056 2723 1109 enim
2774 1055 2920 1111 Isaia:
2965 1070 3055 1113 aut
3095 1059 3344 1115 Jeremite
3394 1062 3632 1131 produt»

2042 1148 2404 1202 testimonium
2432 1191 2445 1212 ,
2482 1163 2655 1218 neque
2681 1150 2991 1219 cujusquam
3032 1153 3254 1206 aliorum
3286 1154 3373 1223 qui
3404 1171 3629 1222 princes-

2038 1246 2227 1292 serunt
2280 1239 2601 1307 captivitatis
2651 1248 2893 1307 tempus,
2949 1257 3015 1296 ne
3059 1242 3238 1297 dicere
3290 1245 3460 1312 possis
3513 1248 3629 1300 lure

2039 1327 2199 1391 mala,
2232 1342 2351 1396 qua:
2380 1328 2764 1398 prmdixerunt,
2789 1330 3047 1385 accidisse
3080 1333 3128 1384 iu
3156 1334 3459 1402 captivitate
3489 1354 3501 1389 :
3533 1337 3626 1391 scd

2036 1419 2243 1473 adduco
2275 1420 2610 1489 prophetam,
2639 1422 2726 1491 qui
2747 1422 2841 1475 fuit
2864 1432 2981 1491 post
3003 1424 3227 1478 reditum
3250 1442 3312 1479 ex
3334 1426 3622 1498 Babylone,

2036 1523 2098 1561 ac
2126 1519 2243 1577 post
2271 1509 2501 1564 civitatis
2532 1512 2992 1577 instaurationem,
3036 1516 3205 1584 deque
3235 1518 3393 1571 rebus
3434 1520 3625 1573 vestris

2034 1610 2216 1668 aperte
2258 1601 2573 1656 vaticinatus
2597 1613 2699 1657 est.

2106 1690 2233 1745 Post
2274 1694 2616 1761 captivitatem
2635 1692 3001 1765 Babylonicum
3050 1696 3334 1753 Malae/tias
3372 1699 3621 1755 Christia-

2034 1799 2155 1836 num
2184 1786 2375 1837 cultum
2417 1786 2762 1854 prwdixit.—-
2784 1788 2990 1841 Etenim
3027 1799 3303 1859 postquam
3343 1792 3623 1847 rediissent

2033 1888 2098 1928 ac
2128 1877 2371 1930 restituta
2400 1878 2616 1932 civitate
2664 1879 2919 1947 templum
2965 1882 3381 1947 exstruxisseat,
3413 1886 3619 1939 sacriﬁ-

2032 1966 2221 2035 ciaque
2272 1969 2606 2037 peregissent
2647 1986 2661 2023 :
2704 1971 2840 2024 hanc
2876 1983 3198 2040 praesentem
3232 1974 3618 2031 desolationem

2033 2058 2365 2125 prtedicens,
2400 2059 2737 2130 futuramque
2792 2063 3172 2117 sacrificiorum
3229 2066 3615 2132 sublationem,

2032 2146 2135 2203 hoc
2160 2158 2314 2218 pacto
2336 2166 2400 2204 ex
2425 2166 2650 2219 persona
2680 2151 2773 2207 Dei
2809 2152 3040 2222 loquitur
3070 2155 3356 2212 Malachias
3382 2178 3396 2213 :
3426 2159 3489 2215 Si
3529 2178 3617 2215 ac-

2029 2239 2215 2307 cipiant
2238 2240 2395 2310 [acies
2420 2251 2608 2295 vestras
2626 2282 2641 2308 ,
2672 2242 2796 2295 dicit
2839 2241 3088 2299 Dominus
3127 2248 3443 2317 omnipotens
3460 2291 3475 2318 ,
3496 2266 3620 2321 quo-

2029 2330 2165 2382 niam
2211 2330 2273 2382 ab
2312 2342 2427 2384 ortu
2474 2332 2596 2385 solis
2644 2349 2799 2401 usque
2844 2334 2913 2386 ad
2950 2351 3184 2389 occasum
3229 2354 3410 2393 nomen
3452 2358 3617 2397 meum

2027 2422 2368 2491 glori/iculum
2389 2434 2462 2477 est
2488 2425 2618 2477 inter
2637 2436 2810 2495 gentes
2829 2466 2845 2491 ,
2876 2437 2921 2480 et
2962 2428 3179 2483 inomni
3221 2432 3331 2486 loco
3361 2434 3616 2490 incensum

2028 2512 2238 2579 offertur
2266 2516 2458 2569 nomini
2487 2532 2596 2571 meo
2614 2558 2628 2580 ,
2658 2527 2703 2572 et
2744 2520 3052 2585 sacri/icium
3081 2539 3283 2592 parum.
3330 2524 3427 2579 Vos
3450 2540 3615 2582 autem

2028 2605 2337 2676 profanastis
2366 2607 2496 2662 illud
2516 2607 2672 2676 (Μαι.
2700 2611 2749 2663 1.
2773 2610 2884 2681 il).
2904 2612 3129 2678 Quando
3154 2613 3268 2670 hinc
3297 2631 3611 2685 evenerunt,

2025 2694 2245 2750 Judaec?
2274 2697 2498 2765 Quando
2546 2700 2599 2753 in
2634 2701 2780 2754 omni
2812 2702 2933 2755 loco
2963 2703 3238 2759 incensum
3269 2707 3508 2765 oblatum
3534 2724 3616 2767 est

2028 2785 2176 2839 Deo?
2223 2787 2448 2853 Quando
2488 2790 2810 2846 sacrificium
2857 2796 3089 2862 purum?
3133 2796 3248 2851 Non
3274 2802 3445 2867 possis
3471 2802 3612 2856 aliud

2028 2876 2266 2945 proferre
2305 2888 2543 2950 tempus,
2594 2898 2751 2951 quam
2792 2884 2933 2951 hoc,
2977 2897 3329 2961 posteaquam
3369 2891 3614 2950 Christus

2024 2971 2259 3027 advenit.
2296 2973 2447 3040 Quod
2474 2976 2575 3028 nisi
2601 2978 2667 3032 de
2697 2976 2801 3032 hoc
2837 2987 3077 3050 tempore
3102 2986 3365 3054 praedixit,
3417 2991 3517 3045 nisi
3544 2992 3613 3047 de

2024 3072 2211 3118 nostro
2225 3064 2486 3120 sacrificio
2509 3067 2829 3124 vaticinatus
2851 3080 2954 3139 est,
2983 3073 3079 3128 sed
3098 3075 3166 3129 de
3184 3076 3425 3145 Judaico,
3449 3084 3607 3137 etiam

2033 3151 2136 3223 legi
2173 3164 2443 3225 repugnat
2475 3158 2779 3227 prophetia.
2805 3160 2939 3216 Nam
2976 3178 3101 3217 cum
3136 3163 3311 3219 Moses
3333 3172 3478 3219 vetet
3501 3165 3610 3219 ullo

2031 3243 2138 3297 alio
2158 3244 2210 3297 in
2231 3245 2354 3299 loco
2367 3248 2698 3304 sacrificium
2719 3251 2857 3316 fieri,
2874 3264 3234 3325 praeterquam
3256 3256 3309 3310 in
3331 3270 3417 3322 eo,
3446 3272 3606 3326 quem

2029 3334 2195 3406 elegit
2218 3335 2485 3414 Dominus
2517 3340 2661 3399 Deus
2687 3344 3142 3419 (Deut.l6.5.6),
3161 3365 3397 3419 cumque
3434 3350 3524 3407 ille
3552 3352 3605 3405 in

2021 3443 2183 3483 unum
2215 3430 2394 3485 locum
2423 3432 2685 3488 sacriﬁcia
2713 3435 2801 3489 illa
2828 3437 3170 3507 concluserit,
3195 3456 3324 3498 sane
3350 3446 3607 3517 pr0pheta

2020 3521 2226 3587 dicens,
2267 3524 2410 3592 quod
2447 3524 2499 3578 itt
2526 3526 2673 3580 onmi
2702 3526 2822 3583 loco
2852 3529 3125 3585 incensum
3158 3532 3479 3591 adoleudum
3507 3540 3601 3603 sit,

2018 3627 2085 3666 ac
2108 3615 2428 3670 sacrificiqu
2466 3633 2659 3689 purum
2679 3660 2693 3686 ,
2727 3621 3042 3679 adversatur
3063 3642 3125 3681 ac
3167 3640 3427 3700 repugnat
3453 3632 3602 3688 Mosi.

2024 3704 2220 3760 Verum
2264 3707 2408 3762 nulla
2450 3719 2534 3764 est
2575 3710 2715 3766 inter
2738 3713 2860 3768 illos
2885 3731 3057 3786 pugna
3079 3758 3096 3784 ,
3124 3734 3298 3790 neque
3321 3723 3604 3779 dissensio.

2020 3798 2113 3853 llle
2133 3800 2199 3855 de
2224 3800 2332 3856 alio
2361 3802 2610 3873 loquutus
2635 3813 2718 3859 est
2744 3807 3007 3863 sacriﬁcio
3032 3851 3046 3877 ,
3081 3822 3137 3866 et
3161 3814 3246 3867 hic
3271 3815 3339 3869 de
3358 3816 3464 3871 alio
3486 3831 3609 3888 post

2018 3891 2333 3948 vaticmatus
2351 3906 2452 3949 est.
2486 3893 2637 3950 Unde
2664 3896 2765 3952 huc
2793 3898 3123 3955 declaratur?
3153 3904 3285 3959 Tutu
3314 3924 3378 3960 ex
3402 3909 3466 3963 iis
3488 3925 3606 3980 qua:

2017 3983 2160 4038 dicta
2197 3995 2343 4051 sunt,
2380 3994 2488 4040 tum
2518 4002 2585 4042 ex
2611 3989 2730 4043 aliis
2757 3992 2999 4058 plttriutis
3039 3997 3230 4065 signis.
3273 4000 3351 4052 Ac
3378 4002 3607 4069 primum

2016 4092 2080 4131 ex
2112 4079 2229 4148 ipso
2254 4081 2372 4135 loco
2401 4098 2415 4135 :
2448 4097 2553 4136 nou
2579 4084 2722 4137 enim
2768 4084 2819 4137 iu
2850 4100 2952 4139 una
2993 4090 3229 4155 civitate,
3257 4100 3605 4160 quemadmo-

2016 4172 2141 4226 dum
2167 4175 2267 4228 sub
2293 4173 2512 4241 Judteis,
2568 4176 2662 4230 sed
2712 4176 2776 4229 ab
2802 4188 2920 4231 ortu
2953 4180 3073 4233 solis
3100 4197 3257 4252 usque
3283 4184 3353 4237 ad
3370 4202 3602 4243 occasum

2018 4266 2260 4333 pt'azdixit
2288 4268 2425 4322 hanc
2450 4269 2711 4323 culturam
2752 4286 2874 4324 esse
2912 4272 3305 4329 celebrandam.
3339 4278 3603 4337 Praeterea

2014 4372 2077 4410 ex
2110 4357 2358 4412 Sacrificii
2384 4358 2579 4425 modo,
2624 4362 2883 4431 siquidem
2924 4379 3108 4432 parum
3140 4366 3267 4422 illud
3296 4372 3601 4439 appellans,

2013 4446 2312 4502 declaravit
2355 4448 2423 4505 de
2471 4466 2579 4520 quo
2616 4453 2944 4521 loqueretur.
2985 4454 3223 4527 Denique
3278 4478 3306 4514 a
3359 4468 3605 4533 personis

2014 4542 2371 4598 offerentium.
2403 4544 2516 4599 Non
2532 4546 2673 4600 enim
2696 4547 2847 4611 dixit,
2874 4547 2927 4601 in
2948 4548 3130 4616 Israel,
3159 4554 3251 4607 sed
3275 4556 3326 4608 in
3351 4559 3600 4626 gentibus.

2013 4637 2092 4693 Ac
2122 4654 2189 4693 ne
2218 4650 2431 4708 putares
2455 4639 2597 4709 quod
2626 4640 2676 4693 in
2708 4657 2810 4694 una
2854 4641 3127 4700 duabusve
3156 4657 3249 4701 aut
3275 4650 3444 4705 tribus
3469 4654 3601 4707 civi-

2016 4731 2211 4785 tatibus
2237 4731 2338 4786 hoc
2362 4732 2586 4786 cultura:
2623 4747 2792 4803 genus
2837 4734 3241 4793 instaurandum
3283 4753 3462 4809 esset,
3496 4760 3601 4799 non

2013 4824 2329 4893 simpliciter
2345 4824 2503 4888 dixit,
2529 4827 2581 4878 in
2601 4827 2746 4879 omni
2776 4827 2916 4893 loco,
2940 4829 3057 4895 sed,
3078 4830 3152 4883 Ab
3176 4841 3290 4886 ortu
3309 4834 3431 4888 satis
3449 4851 3604 4907 usque

2011 4920 2079 4969 ad
2103 4933 2338 4970 occasum
2380 4932 2399 4969 :
2427 4918 2801 4974 demonstrans
2834 4921 2974 4989 quod
3005 4935 3259 4992 quantum
3309 4935 3465 4981 terrae
3521 4931 3601 4983 sol

2012 5008 2221 5076 aspicit,
2264 5007 2592 5063 tantumdem
2630 5010 2978 5081 Evangelium
3025 5024 3169 5068 esset
3193 5028 3595 5084 occupaturum.

2017 5098 2212 5152 Puram
2239 5108 2415 5155 autem
2437 5099 2567 5155 dicit
2594 5103 2912 5157 sacrificium
2940 5143 2953 5167 ,
2982 5105 3131 5172 quasi
3160 5106 3306 5174 prius
3325 5109 3450 5163 illud
3473 5110 3599 5166 fuis-

2010 5202 2095 5247 set
2120 5193 2408 5262 itupurum,
2443 5208 2547 5248 non
2569 5194 2783 5263 quidem
2809 5206 2992 5264 suapte
3016 5207 3223 5263 natura,
3264 5199 3357 5253 sed
3408 5204 3595 5258 volun-

2012 5297 2121 5342 tate
2148 5288 2484 5343 otl‘ereutiuut
2517 5305 2529 5339 :
2559 5298 2613 5341 et
2639 5288 2759 5342 ideo
2782 5289 2915 5343 dixit
2946 5309 2958 5342 :
2991 5291 3263 5346 lncensum
3291 5296 3599 5353 abominatio

2009 5391 2083 5435 est
2107 5381 2232 5435 mihi
2261 5384 2279 5449 (
2307 5380 2433 5435 lsai.
2463 5382 2512 5434 1.
2548 5382 2678 5450 15).
2716 5382 3044 5452 Quamquam
3076 5395 3129 5438 et
3165 5386 3361 5458 alioqui
3402 5392 3446 5445 si
3478 5394 3598 5461 quis

2009 5476 2182 5545 ipsum
2225 5474 2328 5528 hoc
2357 5472 2677 5527 sacrificium
2701 5472 2943 5527 conferat
2966 5489 3087 5528 cum
3118 5474 3211 5529 illo
3236 5517 3252 5543 ,
3283 5478 3470 5549 ingens
3496 5484 3595 5538 itit-

2007 5582 2359 5637 mensumque
2399 5565 2685 5621 discrimen
2734 5566 2991 5634 inveniet,
3041 5576 3099 5621 ut
3142 5568 3290 5639 juxta
3317 5587 3595 5654 compara-

2010 5658 2171 5713 tionis
2222 5657 2482 5713 ratioueut
2537 5658 2711 5712 solum
2764 5657 2864 5712 hoc
2912 5675 3102 5729 purum
3150 5660 3255 5717 dici
3304 5678 3593 5722 mereatur.

2014 5755 2269 5824 Quodque
2299 5756 2365 5811 dc
2386 5754 2500 5825 lege
2525 5765 2575 5809 et
2590 5753 2757 5821 gratia
2781 5754 2909 5808 dixit
2927 5755 3139 5822 Paulus,
3164 5772 3229 5812 ne
3243 5758 3592 5828 glot'iﬁcatuut
