4084 6186
478 304 581 359 903

478 418 692 488 quidem
719 415 836 476 fuit,
866 415 1007 484 quod
1035 425 1149 470 erat
1175 414 1550 484 glorificatum,
1579 421 1796 484 propter
1822 413 2064 467 eminen-

479 519 585 564 tem
629 508 850 578 gloriam
900 506 984 576 (2.
1013 504 1129 559 Cor.
1160 507 1212 560 5.
1245 503 1347 574 10)
1377 521 1391 560 :
1424 504 1562 558 idem
1608 513 1662 558 et
1709 504 1794 558 hic
1841 503 2065 558 fidenter

476 601 790 664 dixerimus,
816 599 1062 653 videlicet
1086 597 1185 653 hoc
1206 597 1523 652 sacrificium
1543 611 1664 651 cum
1695 597 1785 650 illo
1809 596 2061 651 collatum

474 695 646 748 solum
679 691 780 748 dici
826 691 1024 747 debere
1071 706 1280 761 purum.
1330 689 1444 745 Non
1473 691 1613 744 enim
1644 705 1740 760 per
1769 690 1970 744 fumum
2000 704 2063 745 ac

475 785 715 840 nidorem
735 825 751 850 ,
781 799 884 839 non
912 799 1006 853 per
1034 783 1345 850 sanguinem
1370 796 1432 836 ac
1458 781 1839 852 redemptionis
1866 780 2058 852 pretia.

472 877 567 931 scd
596 892 690 946 per
715 875 941 945 Spiritus
967 875 1186 945 gratiam
1214 873 1451 928 offertur.
1477 872 1610 927 Audi
1634 873 1791 942 igitur
1811 881 1865 926 et
1894 872 2056 926 alium

475 966 786 1036 prophetam
829 965 932 1019 hoc
970 965 1109 1019 idem
1140 965 1513 1034 praedicentem
1539 1005 1553 1028 ,
1587 963 1725 1032 quod
1755 962 1850 1016 Dei
1888 962 2059 1015 cultus

474 1073 578 1114 non
605 1057 1122 1114 circumscribendus
1153 1065 1296 1111 esset
1342 1057 1459 1110 loco
1483 1097 1497 1117 ,
1542 1055 1635 1110 sed
1674 1055 1844 1125 ipsum
1871 1069 2059 1110 omnes

471 1151 722 1220 deinceps
751 1151 992 1206 homines
1017 1161 1197 1205 essent
1226 1151 1508 1220 cognituri.
1558 1148 1854 1218 Sophouias
1879 1159 2056 1203 autem

471 1243 536 1296 ad
567 1244 704 1298 hunc
732 1243 948 1298 modum
990 1243 1222 1311 loquitur
1253 1260 1267 1296 :
1299 1241 1572 1312 Apparebit
1615 1251 1781 1296 autent
1810 1241 2059 1294 Dominus

471 1353 622 1403 super
651 1351 822 1389 omnes
869 1345 1072 1406 gentes,
1115 1344 1163 1388 et
1210 1333 1422 1388 abolebit
1449 1349 1620 1388 omnes
1661 1333 1780 1386 deos
1807 1333 2049 1403 gentium,

469 1435 516 1478 et
556 1426 842 1478 adorabunt
881 1426 1024 1478 illum
1050 1441 1078 1478 e
1105 1442 1194 1478 suo
1232 1425 1442 1495 quisque
1477 1425 1587 1478 loco
1631 1423 1820 1496 (Soph.
1850 1423 1904 1476 2.
1939 1423 2054 1492 Η).

470 1516 628 1584 Atqui
657 1531 759 1570 non
783 1516 1102 1585 permissum
1135 1517 1234 1570 hoc
1261 1516 1376 1580 fuit,
1408 1515 1500 1570 sed
1526 1515 1697 1570 Moses
1721 1530 1827 1568 uno
1849 1515 1900 1568 in
1933 1515 2052 1567 loco

462 1606 759 1660 sacrificari
803 1607 980 1676 jussit.
1041 1606 1173 1661 Cum
1226 1607 1383 1676 igitur
1417 1606 1598 1659 audias
1628 1605 1916 1675 prophetas
1953 1605 2054 1659 hoc

470 1695 819 1764 prmdicentes
847 1713 908 1751 ac
937 1697 1284 1751 vaticinantes
1305 1738 1318 1761 ,
1349 1697 1488 1766 quod
1516 1712 1620 1750 non
1659 1697 1711 1750 in
1737 1712 1894 1750 unam
1926 1697 2054 1750 civi-

464 1796 662 1855 tatem,
695 1803 867 1859 neque
892 1789 944 1843 in
971 1805 1132 1843 unum
1165 1790 1340 1845 locum
1368 1789 1719 1858 compellendi
1745 1789 1852 1843 sint
1884 1788 2053 1843 homi-

453 1894 580 1944 nes,
610 1879 704 1934 sed
725 1896 835 1936 sua:
855 1881 1078 1951 quisque
1104 1881 1247 1935 domi
1276 1881 1469 1935 sedens
1487 1880 1554 1935 sit
1572 1881 1811 1936 culturus
1843 1881 2011 1935 Deum
2035 1891 2049 1924 ε

463 1969 601 2035 quod
625 1969 766 2024 aliud
793 1971 965 2041 possis
991 1971 1181 2026 afferre
1205 1981 1413 2040 tempus
1441 1986 1597 2040 quam
1639 1972 1742 2026 hoc
1775 1970 2052 2041 prtcsens?

465 2059 600 2114 Audi
643 2075 771 2116 sane
815 2078 920 2132 quo
966 2071 1122 2132 pacto
1163 2072 1216 2116 et
1261 2063 1546 2133 Evangelia
1578 2071 1633 2118 et
1675 2064 1898 2132 apostoli
1926 2077 2050 2116 cum

463 2151 741 2220 prophetia
759 2152 1101 2207 concordent.
1133 2153 1229 2207 llic
1250 2153 1381 2206 dixit
1413 2171 1426 2205 :
1454 2152 1728 2223 Apparebit
1757 2152 2050 2214 Dominus;

462 2243 748 2311 Apostolus
775 2243 848 2297 ait
877 2263 890 2297 :
922 2243 1176 2312 Apparuit
1210 2246 1374 2314 gratia
1413 2243 1510 2297 Dei
1547 2243 1786 2298 salutaris
1821 2243 2050 2298 omnibus

461 2333 746 2390 hominibus
769 2377 783 2402 ,
825 2336 1056 2390 erudiens
1083 2352 1206 2401 nos;
1253 2335 1339 2392 hic
1374 2336 1579 2406 inquit,
1624 2335 1794 2406 Super
1829 2345 2001 2405 gentes
2028 2351 2047 2389 :

461 2423 580 2488 ille,
624 2422 794 2494 Super
827 2441 1000 2480 omnes
1027 2425 1296 2492 homines;
1338 2424 1423 2480 hic
1454 2425 1590 2480 dixit
1623 2442 1636 2480 :
1666 2425 1890 2480 Abolebit
1929 2426 2047 2479 deos

459 2531 647 2577 eorum,
675 2514 788 2581 ille,
819 2514 1070 2570 Erudiens
1097 2533 1210 2583 nos,
1238 2526 1292 2569 ut
1321 2517 1621 2588 abnegarrtes
1649 2515 1955 2586 impietatem
1984 2532 2044 2568 ac

457 2609 724 2662 mcularia
748 2609 1027 2673 desideria,
1067 2609 1231 2664 sobrie
1252 2618 1298 2662 et
1325 2611 1467 2680 juste
1491 2619 1538 2663 et
1558 2612 1639 2680 pie
1663 2609 1886 2663 vivamus
1913 2607 2041 2679 (Tit.

457 2699 511 2753 2.
562 2701 683 2770 ll).
739 2701 938 2757 Rursus
985 2701 1232 2758 Christus
1276 2703 1622 2757 Samaritana:
1668 2703 1845 2757 dixit:
1887 2701 2046 2757 Crede

457 2792 617 2855 mihi,
661 2792 872 2858 mulier,
915 2794 1036 2863 quia
1074 2794 1206 2848 venit
1249 2794 1409 2860 hora,
1451 2795 1655 2864 quando
1681 2811 1770 2849 nec
1795 2795 1849 2849 in
1878 2805 2044 2848 monte

451 2882 552 2934 hoc
573 2924 587 2948 ,
628 2899 717 2936 nec
751 2882 1084 2954 Jerosolymis
1127 2883 1400 2938 adorabttis
1438 2885 1665 2941 Patrem.
1715 2884 1940 2956 Spiritus
1965 2897 2036 2940 est

457 2970 630 3038 Deus;
669 2983 716 3028 et
742 2973 831 3044 qui
849 2990 964 3028 eum
991 2975 1227 3040 adorant,
1256 2976 1310 3029 in
1339 2976 1520 3046 spiritu
1548 2986 1593 3028 et
1620 2976 1823 3029 veritate
1845 2987 2042 3045 Oportet

453 3063 667 3118 adorare
693 3063 872 3135 (Joan.
901 3065 952 3120 4.
983 3063 1097 3136 21).
1152 3065 1274 3121 llaec
1299 3076 1477 3121 autem
1522 3066 1729 3121 diccbat
1749 3109 1764 3132 ,
1795 3065 1948 3121 simul
1981 3075 2034 3120 ct

1228 299 1284 355 S.
1325 297 1602 355 JOANNIS
1640 295 2118 353 CllliYSOSTOMI
2162 295 2478 353 ABCIIIEP.
2522 297 3044 355 CONSTANTINOP.

3657 301 3761 356 9N

2173 415 2540 468 necessitatem
2572 414 2762 468 tollens
2785 415 3101 469 observandi
3134 415 3233 469 loci
3255 456 3268 479 ,
3309 424 3362 469 et
3384 417 3560 470 cultus
3587 421 3760 472 subli-

2171 505 2308 558 mius
2338 507 2608 575 magisque
2633 506 2906 574 Spiritualc
2931 521 3099 576 genus
3127 506 3404 562 inducens.
3443 508 3519 562 Ex
3551 510 3634 563 his
3663 511 3761 578 igi-

2170 605 2256 651 tur
2300 613 2509 652 rursum
2557 608 2764 667 poterat
2803 598 3156 653 demoustrari
3183 640 3201 665 ,
3255 609 3373 669 post
3419 599 3534 654 hmc
3584 616 3760 672 neque

2168 689 2458 753 sacrificia,
2510 704 2684 758 neque
2720 689 3110 751 saerrdolium,
3165 705 3338 760 neque
3384 706 3565 760 regem
3609 693 3753 762 apud

2166 779 2379 835 Judmos
2410 779 2638 833 futurmn
2666 795 2804 835 esse.
2834 780 2965 835 Nam
2987 797 3080 849 per
3107 780 3252 835 urbis
3280 784 3612 838 eversionem
3641 785 3753 838 haec

2165 871 2343 926 omnia
2373 871 2704 941 potissimum
2730 871 2886 925 simul
2915 872 3133 941 probata
3160 881 3303 928 sunt.
3334 876 3577 930 Attamen
3606 886 3757 946 pote-

2165 977 2343 1018 ramus
2368 973 2422 1018 et
2462 963 2749 1032 prophetas
2791 964 3057 1034 allegare,
3101 965 3190 1034 qui
3232 965 3335 1022 hoc
3376 982 3634 1036 expresse
3679 970 3754 1023 lo-

2164 1067 2398 1128 quuntur
2430 1076 2443 1112 :
2471 1059 2565 1114 sed
2606 1059 2762 1115 video
2798 1076 2895 1115 vos
2923 1060 3180 1114 orationis
3208 1060 3536 1131 longitudine
3566 1060 3754 1132 fatiga.

2167 1160 2281 1216 tos,
2335 1166 2631 1222 vereorque
2681 1169 2747 1209 ne
2801 1155 2991 1208 frustra
3041 1163 3346 1223 temereque
3396 1154 3581 1207 videar
3629 1169 3754 1208 esse

2164 1242 2438 1297 molestus.
2471 1243 2803 1315 Quapropter
2827 1245 3092 1314 pollicitus
3117 1260 3204 1299 me
3231 1244 3346 1298 haec
3374 1245 3480 1298 alio
3508 1253 3751 1312 tempore

2161 1335 2524 1390 absoluturum
2553 1379 2568 1400 ,
2619 1338 2746 1392 illud
2785 1339 2995 1392 interim
3041 1339 3240 1407 rogabo
3267 1355 3360 1393 vos
3386 1381 3401 1404 ,
3451 1348 3509 1393 ut
3555 1341 3744 1394 fratres

2162 1437 2367 1483 vestros
2409 1430 2633 1484 servetis
2657 1473 2670 1495 ,
2709 1435 2777 1486 ab
2813 1447 2995 1486 errore
3036 1433 3296 1487 revocetis
3319 1472 3335 1497 ,
3377 1433 3442 1486 ad
3470 1433 3744 1486 veritatcrr.

2162 1519 2446 1578 reducatis.
2498 1521 2633 1575 Nihil
2662 1525 2802 1575 enim
2853 1523 3108 1592 profuerit
3153 1524 3406 1590 audisse,
3458 1525 3558 1578 nisi
3609 1525 3743 1579 facta

2159 1610 2594 1666 demoustrentur
2620 1653 2634 1675 ,
2663 1629 2780 1682 qua:
2811 1629 2929 1666 cum
2961 1614 3117 1669 dictis
3146 1616 3501 1670 consentiant.
3536 1615 3742 1670 Etenim

2160 1719 2278 1770 qum
2304 1703 2441 1758 dicta
2469 1713 2587 1757 sunt
2615 1746 2628 1768 ,
2659 1720 2763 1758 non
2792 1716 3007 1774 propter
3029 1722 3121 1761 vos
3151 1707 3288 1762 dicta
3320 1717 3462 1772 sunt,
3493 1709 3586 1761 Sed
3615 1724 3740 1778 pro-

2162 1806 2276 1864 pter
2297 1797 2416 1850 illos
2443 1797 2681 1852 infirmos
2710 1815 2723 1852 :
2758 1808 2812 1852 ut
2859 1799 2932 1853 illi
2981 1808 3255 1868 postquam
3295 1801 3408 1855 lucc
3433 1817 3460 1854 a
3487 1802 3635 1855 vobis
3663 1802 3744 1854 di-

2158 1887 2417 1952 dicerint,
2464 1897 2518 1943 et
2561 1903 2590 1942 a
2637 1905 2794 1957 prava
2841 1891 3225 1945 consuetudine
3270 1891 3471 1946 fuerint
3505 1892 3736 1954 liberati,

2157 1983 2422 2036 sincerum
2476 1991 2529 2037 et
2578 1997 2888 2052 germanum
2941 1992 3194 2052 prmstcnt
3249 1983 3735 2050 Christianismum,

2157 2071 2460 2142 fugiantque
2483 2089 2670 2142 pravos
2691 2074 2991 2129 Jlldtl'Ol'lllll
3012 2090 3329 2144 congressus
3345 2085 3395 2128 et
3422 2085 3736 2142 conventus,

2155 2166 2265 2219 sive
2289 2165 2374 2234 qui
2407 2167 2537 2219 fiunt
2564 2165 2848 2221 incivitate
2871 2206 2887 2232 ,
2926 2167 3037 2220 sive
3066 2167 3158 2236 qui
3197 2168 3248 2220 in
3283 2168 3585 2232 suburbiis,
3617 2182 3741 2238 Spe-

2156 2255 2334 2310 luncas
2361 2255 2658 2321 latronum,
2692 2257 2992 2311 dzemonum
3024 2257 3342 2312 habitacula.
3395 2257 3624 2313 Proinde
3667 2275 3734 2313 ne

2153 2346 2410 2401 deseratis
2455 2348 2666 2402 illorum
2712 2348 2935 2402 salutem
2959 2389 2975 2414 ,
3005 2349 3097 2404 sed
3127 2349 3409 2420 diligenter
3437 2352 3613 2405 omnia
3658 2350 3739 2404 fa-

2151 2438 2384 2504 cientes,
2435 2438 2565 2493 nihil
2611 2455 2716 2494 non
2764 2448 3068 2505 tentantes,
3119 2450 3351 2510 tegrotos
3391 2441 3629 2496 reducite
3667 2443 3734 2495 ad

2148 2529 2440 2598 Christum,
2474 2539 2530 2584 ut
2549 2539 2604 2585 et
2631 2529 2682 2584 in
2710 2529 2812 2584 hoc
2836 2531 3034 2585 szeculo
3058 2571 3072 2595 ,
3098 2538 3152 2584 et
3177 2530 3230 2584 in
3259 2530 3436 2585 futura
3461 2532 3566 2585 vita
3595 2533 3734 2586 reci-

2151 2621 2357 2691 piamus
2407 2621 2686 2692 prazmium
2740 2620 3032 2676 benefactis
3081 2623 3278 2677 nostris
3329 2621 3485 2692 longe
3537 2622 3729 2692 majus,

2147 2715 2314 2784 gratia
2339 2725 2394 2769 et
2439 2716 2677 2770 bonitate
2713 2715 2922 2770 Domini
2970 2715 3139 2770 nostri
3168 2714 3292 2770 Jesu
3337 2715 3572 2781 Christi,
3615 2717 3735 2787 qui-

2147 2820 2265 2860 cum
2295 2814 2350 2860 et
2381 2821 2474 2875 per
2516 2821 2674 2876 quem
2712 2805 2852 2860 Patri
2882 2806 3049 2875 gloria
3080 2821 3180 2860 una
3209 2821 3332 2860 cum
3369 2815 3558 2861 sancto
3581 2815 3634 2862 et
3658 2807 3735 2860 vi-

2147 2895 2302 2950 viflco
2326 2895 2523 2966 Spiritu
2545 2939 2558 2962 ,
2595 2911 2735 2951 nunc
2756 2905 2810 2951 et
2837 2911 3080 2966 semper,
3103 2905 3157 2951 et
3183 2897 3233 2950 in
3271 2897 3466 2952 sarcula
3497 2898 3727 2952 saecu'lo-

2145 3002 2264 3040 rttm
2285 3028 2300 3051 ,
2330 2987 2518 3041 Amen.

460 3289 582 3331 (LIIII
627 3289 958 3334 SUPERIORl
1005 3293 1111 3333 DIE
1157 3293 1492 3336 PROLIXIUS
1537 3293 1975 3336 DISSERUISSET
2009 3291 2326 3335 ADVERSUS
2349 3289 2626 3345 JUDEOS,
2656 3289 2864 3343 ATQUE
2895 3290 3044 3334 HINC
3091 3291 3500 3334 BAUCEDINEM
3552 3292 3724 3336 VOCIS

1374 3391 1865 3447 CONTRAXISSET,
1913 3390 2079 3434 HANC
2123 3390 2491 3434 ORATIONEM
2537 3391 2797 3433 HABUIT.

1913 3525 1970 3534 υ...

1015 3619 1210 3657 ORATIO
1247 3620 1442 3660 εεκτλ.

530 3693 582 3745 1.
627 3691 812 3745 Bestia,
837 3692 1009 3747 donec
1043 3693 1094 3747 in
1130 3695 1296 3765 sylvis
1322 3706 1561 3766 pascunt,
1594 3696 1816 3751 necdmn
1847 3714 2032 3767 pugnat

452 3782 708 3836 adversus
735 3781 977 3838 homines
1018 3783 1359 3849 adhibentur,
1398 3787 1638 3841 mitiores
1677 3797 1802 3841 sunt
1839 3791 2041 3843 minus-

452 3888 556 3941 que
579 3888 772 3938 saavat;
801 3889 984 3930 verum
1017 3876 1101 3931 ubi
1132 3885 1414 3933 venatores
1461 3894 1552 3933 eas
1580 3887 1762 3948 captas
1791 3881 1843 3934 in
1871 3881 2036 3935 urbes

452 3961 788 4030 adduxerim,
812 3973 970 4035 atque
998 3967 1228 4022 inclusas
1265 3968 1677 4031 cxstimularint.
1715 3978 1770 4023 ut
1802 3983 2038 4040 pugnent

457 4069 574 4107 cum
604 4053 666 4109 iis
705 4054 794 4123 qui
825 4053 1010 4111 bestiis
1055 4057 1396 4127 objiciuntur,
1430 4067 1613 4129 postea
1657 4060 1918 4115 irruentes
1948 4061 2036 4115 ubi

453 4156 669 4199 carnem
695 4143 1128 4214 degustaverunt,
1157 4157 1211 4200 et
1238 4149 1547 4218 sanguinem
1580 4149 1868 4206 humanum
1892 4151 2040 4207 bibe-

454 4244 596 4301 runt,
627 4252 732 4289 non
761 4237 915 4292 facile
939 4239 1207 4293 abstinent
1247 4256 1275 4293 a
1310 4240 1500 4296 talibus
1529 4242 1724 4311 epulis,
1754 4242 1846 4298 sed
1876 4244 2037 4299 multa

451 4341 574 4382 cum
603 4328 855 4385 aviditate
893 4330 958 4384 ad
1000 4333 1244 4387 eamdem
1290 4333 1580 4389 decurrunt
1620 4351 1882 4391 mensam.
1929 4338 2038 4394 lloc

452 4431 583 4471 sane
615 4427 671 4474 et
705 4421 858 4474 nobis
890 4436 986 4476 usu
1014 4424 1177 4478 venit.
1210 4424 1494 4494 Postquam
1525 4428 1666 4482 enim
1694 4443 1815 4482 cum
1840 4427 2038 4484 ludar-is

455 4523 691 4579 pugnam
716 4513 1069 4582 suscepimus,
1093 4525 1149 4572 et
1175 4515 1374 4586 impetu
1400 4519 1658 4573 adversus
1690 4519 1900 4574 illorum
1932 4521 2034 4576 im-

456 4601 715 4671 pudentes
749 4607 1199 4664 oontradicﬁones
1224 4609 1384 4676 facto,
1415 4611 1648 4666 rationes
1673 4611 1883 4666 illorum
1911 4614 2036 4668 sub-

454 4683 728 4760 vertimu's,
748 4711 1067 4769 onmemque
1090 4700 1458 4756 celsitudinem
1486 4703 1775 4772 erigentem
1799 4719 1917 4758 sese
1941 4704 2040 4758 ad-

453 4802 640 4842 versus
687 4790 1044 4858 cognitionem
1102 4793 1231 4854 Dei,
1287 4803 1341 4847 et
1395 4795 1744 4864 cogitationes
1801 4795 2036 4864 captivas

453 4880 701 4934 duximus
728 4881 794 4934 ad
825 4882 1114 4950 parendum
1142 4883 1356 4938 Christo
1388 4885 1463 4954 (2.
1496 4884 1610 4940 Cor.
1645 4886 1730 4941 10.
1755 4887 1834 4954 5'),
1867 4887 2036 4956 major

450 4972 613 5026 etiam
642 4985 740 5026 nos
759 4973 904 5041 cepit
932 4973 1188 5028 adversus
1216 4974 1335 5029 illos
1361 4975 1589 5030 bellandi
1618 4976 1900 5046 cupiditas.
1929 4977 2032 5034 Sed

449 5062 574 5133 quid
607 5064 833 5118 faciam?
862 5063 1063 5121 Videtis
1107 5065 1234 5119 mihi
1269 5081 1454 5121 vocem
1487 5067 1676 5122 factam
1721 5067 2032 5124 imbecillio~

451 5170 588 5218 rem,
608 5169 726 5224 quae
753 5163 913 5209 tanta:
951 5159 1214 5211 sermonis
1242 5172 1449 5212 rursum
1480 5159 1764 5226 prolixitati
1797 5174 1890 5228 par
1915 5173 2034 5214 esse

451 5264 555 5302 non
588 5249 772 5318 possit,
799 5250 1044 5318 idemque
1073 5250 1202 5305 mihi
1227 5265 1366 5306 nunc
1391 5250 1652 5317 accidere,
1678 5252 1827 5322 quasi
1849 5253 1891 5306 si
1914 5253 2033 5321 quis

452 5339 607 5394 miles
636 5340 866 5395 concisis
890 5341 1090 5412 aliquot
1129 5358 1195 5396 ex
1237 5341 1500 5410 hostibus,
1533 5358 1831 5414 magnoque
1854 5344 2032 5399 animo

452 5427 803 5498 impressione
850 5431 984 5487 facta
1037 5433 1089 5487 in
1135 5433 1364 5488 hostium
1408 5435 1785 5490 condensatam
1839 5436 2028 5501 aciem,

451 5523 688 5592 pluribus
729 5529 1027 5595 prostratis,
1077 5545 1196 5583 mox
1241 5529 1408 5585 fracto
1440 5530 1615 5600 gladio
1660 5541 2031 5586 consternatus

450 5615 518 5670 ad
541 5629 668 5670 suos
695 5615 814 5673 sese
844 5618 1062 5674 referat.
1086 5621 1223 5686 Quin
1253 5622 1445 5690 potius,
1474 5621 1614 5692 quod
1641 5622 1793 5676 nobis
1814 5621 2027 5687 accidit,

447 5704 668 5776 gravius
711 5716 811 5760 est.
855 5706 984 5760 Nam
1023 5710 1173 5763 militi
1199 5711 1287 5780 qui
1331 5711 1486 5782 fregit
1522 5710 1774 5782 gladium,
1805 5713 1925 5766 licet
1965 5713 2029 5765 ab

1973 3527 2262 3536 ——_—__

2144 3619 2247 3664 ano
2295 3611 2543 3680 quopiam
2583 3609 2904 3664 adstantium
2951 3624 3137 3665 ensem
3185 3611 3414 3680 eripere,
3461 3625 3723 3682 suumque

2143 3701 2376 3756 animum
2396 3715 2638 3766 exerere,
2663 3700 2987 3770 multamque
3007 3701 3377 3756 strenuitatem
3404 3703 3688 3760 ostendere
3708 3723 3719 3756 :

2142 3799 2198 3845 at
2228 3791 2277 3846 si
2304 3805 2408 3847 vox
2435 3792 2656 3857 laboret,
2690 3807 2794 3845 non
2827 3791 2951 3846 licet
2977 3792 3044 3845 ab
3068 3791 3174 3847 alio
3200 3807 3386 3848 vocem
3417 3803 3600 3848 mutuo
3630 3811 3722 3850 su-

2145 3897 2311 3942 mere.
2337 3882 2472 3950 Quid
2504 3883 2700 3952 igitur?
2729 3882 3012 3953 Fugiemus
3036 3894 3090 3938 et
3117 3885 3248 3938 nos?
3273 3885 3342 3940 At
3366 3900 3472 3940 non
3497 3887 3719 3956 permit-

2145 3973 2208 4026 tit
2237 3973 2339 4028 hoc
2359 3984 2549 4029 vestra:
2577 3974 2813 4029 caritatis
2854 3975 3094 4046 tyrannis
3133 3990 3196 4031 ac
3227 3976 3494 4031 violentia.
3521 3977 3720 4033 Vereor

2144 4075 2197 4120 et
2231 4064 2395 4136 patris
2427 4067 2765 4137 prtesentiam
2810 4067 2849 4132 ξ,
2899 4077 2955 4123 et
2979 4076 3211 4123 vestram
3259 4084 3451 4124 vereor
3473 4070 3719 4126 alacrita-

2145 4159 2536 4229 temzproinde
2576 4175 2638 4214 ea
2686 4175 2805 4230 qua:
2857 4176 3013 4231 supra
3063 4162 3204 4217 vires
3249 4171 3373 4218 sunt
3419 4166 3714 4234 aggrediar.

2141 4251 2317 4304 omnia
2355 4252 2712 4318 committens,
2745 4258 2800 4306 et
2829 4253 3074 4321 precibus
3113 4252 3269 4322 hujus
3296 4264 3350 4308 et
3389 4255 3596 4317 caritati
3625 4272 3717 4309 ve-

2140 4347 2284 4394 sine.

2212 4422 2287 4477 Ne
2313 4439 2440 4477 vero
2477 4435 2708 4480 vestrum
2742 4423 3006 4497 quispiam
3043 4425 3401 4493 reprehendat
3425 4427 3716 4481 oratioem

2139 4514 2283 4569 velut
2312 4515 2762 4586 intempestivam,
2809 4517 2853 4572 si
2878 4531 2999 4571 cmn
3029 4525 3290 4586 martyres
3321 4531 3417 4570 nos
3445 4515 3603 4571 hodie
3631 4531 3718 4570 vo-

2138 4615 2261 4662 cent
2287 4608 2330 4673 ”,
2359 4621 2455 4661 nos
2509 4606 2930 4676 supersedentes
2988 4606 3199 4660 illorum
3235 4621 3506 4676 exponere
3543 4616 3716 4662 certa-

2139 4697 2302 4759 mina,
2349 4696 2606 4750 adversus
2649 4695 2863 4751 Judzeos
2914 4695 2966 4750 in
3009 4706 3280 4750 certamen
3325 4696 3716 4752 descendimus.

2138 4786 2269 4841 Nam
2295 4797 2350 4842 et
2375 4787 2502 4856 ipsis
2534 4787 2852 4856 martyribus
2879 4785 2965 4840 hic
2983 4801 3163 4841 Sermo
3190 4797 3272 4841 est
3296 4788 3619 4856 exoptatior.
3645 4789 3716 4842 Ex

2142 4881 2338 4934 nostris
2358 4881 2500 4936 enim
2534 4880 2779 4934 laudibus
2804 4879 2932 4934 nihil
2959 4880 3061 4934 illis
3097 4879 3397 4949 splendoris
3423 4893 3715 4936 accrescet.

2137 4972 2273 5039 Quid
2307 4973 2448 5026 enim
2479 4980 2670 5041 egeant
2705 4972 2895 5042 linguis
2926 4974 3142 5037 nostris,
3171 4988 3397 5043 quorum
3428 4973 3718 5028 certamina

2139 5073 2394 5133 superant
2443 5073 2685 5119 naturam
2733 5064 3038 5127 humanam,
3079 5080 3304 5134 quorum
3349 5066 3568 5134 pratntia
3619 5067 3718 5120 vim

2140 5156 2334 5226 ingenii
2366 5157 2532 5212 nostri
2557 5157 2816 5212 vincunt?
2861 5157 3169 5212 Derisernnt
3207 5157 3342 5212 hanc
3369 5159 3554 5222 vitam,
3588 5174 3722 5212 con-

2137 5249 2413 5303 culcarunt
2439 5247 2775 5304 carnificinas
2794 5263 2857 5304 ac
2882 5257 3164 5313 tormenta,
3185 5249 3543 5316 despexerunt
3572 5265 3718 5303 mor-

2141 5349 2267 5404 tem,
2305 5342 2370 5394 ad
2399 5341 2586 5395 cadum
2625 5341 2922 5408 evolarunt,
2947 5343 3116 5412 erepti
3151 5350 3276 5397 sunt
3301 5357 3332 5397 e
3359 5342 3604 5396 ﬂuctibus
3631 5357 3713 5396 rc-

2138 5447 2254 5485 rum
2286 5431 2657 5498 lnunanarum,
2683 5434 2732 5486 in
2756 5433 3098 5503 tranquillum
3116 5432 3464 5502 enavigarunt
3483 5441 3712 5502 portum,

2141 5540 2244 5577 non
2291 5539 2476 5578 aurmn
2526 5535 2896 5595 argentumve,
2955 5536 3046 5582 aut
3081 5535 3256 5582 vestes
3296 5526 3575 5596 pretiosas,
3621 5525 3711 5578 sed

2203 5660 2218 5689 ι
2257 5656 2498 5707 Flavianus
2517 5670 2734 5720 prtrsens
2757 5667 2880 5708 erat.

2199 5721 2218 5750 '
2252 5725 2440 5769 Festum
2465 5727 2570 5769 erat
2594 5729 2856 5784 martyrum.
