4084 6186
488 366 594 423 905

483 486 576 542 τὸν
608 484 780 540 εὖδιον
819 483 1190 537 κατέπλευσαν
1214 484 1439 553 λιμένα,
1490 487 1549 538 ού
1601 487 1799 557 χρυσὸν
1833 488 1928 541 καὶ
1957 487 2056 557 ἀρ-

487 588 653 643 γυρον
678 572 770 623 καὶ
802 568 991 639 ίμάτια
1019 568 1304 638 πολυτελῆ,
1335 568 1470 624 ἀλλά
1491 569 1800 641 θησαυροὺς
1831 571 2060 634 ἀσύλους

488 653 866 723 ἐπιφερόμενοι
907 663 957 714 ι,
983 651 1276 723 ὑπομονὴν,
1302 652 1553 724 ἀνδρείαν
1583 655 1677 707 καὶ
1705 654 1944 724 ἀγάπην.
1967 654 2062 716 Εἰς

489 736 581 789 τὸν
609 734 823 790 Παύλου
864 734 1076 787 τελοῦσι
1123 735 1282 805 χορὸν
1319 735 1447 801 νῦν,
1488 736 1594 805 πρὸ
1633 736 1740 790 τῶν
1783 735 2061 807 στεφάνων

490 818 670 872 αὐτῶν
698 818 1053 889 πτερούμενοι
1081 821 1145 888 τῇ
1183 818 1478 890 προσδοκίᾳ
1504 818 1611 871 τῶν
1642 820 1943 888 στεφάνων,
1970 820 2063 872 καὶ

489 904 551 958 τὸ
577 903 671 957 τοῦ
697 904 982 974 μέλλοντος
1027 903 1220 973 ἄδηλον
1253 902 1437 956 λοιπὸν
1473 903 1846 972 διαφυγόντες.
1881 903 1945 955 Τί
1970 900 2062 956 οὖν

491 986 557 1041 ἂν
580 987 781 1040 δέοιντο
801 987 906 1040 τῶν
935 987 1217 1056 ἡμετέρων
1241 980 1384 1040 οῦτοι
1408 986 1580 1053 λόγων
1596 1004 1610 1052 ;
1628 986 1726 1039 Διά
1750 987 1905 1039 τοῦτο
1925 986 2061 1057 αὕτη

490 1070 845 1143 ποθεινοτέρα
884 1072 1068 1135 αὐτοῖς
1100 1075 1131 1142 ή
1168 1071 1442 1134 ὑπόθεσις.
1474 1071 1628 1124 “Am
1680 1071 1778 1142 μὲν
1816 1072 1923 1143 γὰρ
1956 1071 2064 1125 τῶν

492 1156 774 1227 ἡμετέρων
817 1156 1129 1227 ἐγκωμίων,
1163 1158 1301 1228 ὅπερ
1341 1155 1512 1225 ἔφθην
1544 1155 1732 1221 εἰπὼν,
1773 1156 1924 1210 οὐδὲν
1963 1159 2064 1210 αύ-

490 1241 602 1302 τοίς
636 1241 715 1302 εἰς
745 1239 843 1310 τὴν
877 1240 1080 1292 οἰκείαν
1115 1238 1271 1303 δόξαν
1311 1238 1463 1291 ἔσται
1525 1239 1702 1293 πλέον·
1741 1239 1848 1293 ἀπὸ
1869 1239 1924 1292 δέ
1958 1239 2065 1292 τῶν

495 1323 636 1376 κατά
700 1323 968 1376 Ἰουδαίων
1031 1321 1255 1389 ἀγώνων
1308 1321 1475 1393 πολλὴ
1536 1324 1731 1389 γένοιτ’
1766 1322 1831 1375 ἂν
1885 1323 2066 1385 αὐτοῖς

494 1404 675 1475 ἡδονὴ,
709 1406 804 1458 καὶ
839 1404 1041 1477 σφόδρα
1066 1404 1132 1457 ἂν
1179 1403 1380 1457 τούτων
1435 1404 1668 1474 μάλιστα
1705 1405 2066 1459 ἐπακούσαιεν

492 1489 601 1542 τῶν
625 1490 795 1558 λόγων
814 1490 839 1528 b
862 1489 969 1544 τῶν
997 1489 1134 1561 ὑπὲρ
1157 1489 1255 1559 τῆς
1280 1489 1436 1560 δόξης
1464 1488 1557 1542 τοῦ
1581 1489 1716 1542 Θεοῦ
1741 1489 2062 1558 λεγομένων.

507 1573 790 1635 Ἰουδαίους
809 1574 918 1644 γὰρ
952 1572 1185 1643 μάλιστα
1215 1573 1460 1642 μισοῦσιν
1482 1574 1528 1625 οἱ
1558 1572 1852 1643 μάρτυρες,
1882 1571 2068 1642 ἐπειδὴ

494 1659 584 1711 τὸν
609 1658 698 1710 ὑπ’
720 1659 942 1711 ἐκείνων
965 1656 1348 1728 σταυρωθέντα
1376 1657 1581 1728 σφόδρα
1607 1657 1888 1727 ἐφίλησαν.
1908 1652 2068 1710 Οὗτοι

499 1743 599 1813 μὲν
628 1742 738 1813 γὰρ
766 1742 968 1810 ἐλεγον,
1014 1740 1090 1794 Τὸ
1133 1736 1277 1810 αἷμα
1306 1742 1492 1795 αὐτοῦ
1541 1742 1635 1810 ἐφ’
1665 1740 1824 1810 ἡμᾶς
1847 1742 1943 1794 καὶ
1970 1742 2068 1794 ἐπὶ

494 1826 567 1879 τὰ
594 1825 772 1879 τέκνα
808 1824 999 1892 ἡμῶν·
1031 1827 1228 1878 ἐκεῖνοι
1265 1825 1323 1877 δέ
1362 1828 1456 1879 καὶ
1499 1826 1560 1878 τὸ
1599 1820 1739 1896 αἷμα
1765 1825 1825 1878 τὸ
1865 1825 2071 1879 ἑαυτῶν

495 1910 714 1980 ἐξέχεαν
734 1908 821 1962 διὰ
841 1908 931 1962 τὸν
958 1909 1048 1962 ὑπ’
1073 1908 1295 1962 ἐκείνων
1319 1909 1694 1979 ἀναιρεθέντα.
1718 1909 1879 1961 Ὥστε
1901 1908 2071 1978 ἡδέως

496 1993 563 2045 ἂν
594 1991 797 2045 τούτων
822 1991 1185 2047 ἐπακούσαιεν
1218 1992 1324 2046 τῶν
1351 1993 1544 2060 λόγων.

569 2074 633 2145 β’.
659 2075 781 2128 Ὅτι
797 2077 894 2147 μὲν
918 2072 1031 2139 οὖν,
1049 2077 1097 2128 εἰ
1117 2075 1266 2138 τέλος
1286 2075 1477 2145 ἔμελλε
1491 2074 1754 2146 λήψεσθαι
1769 2076 1802 2143 ἡ
1824 2071 2075 2143 παροῦσα

496 2158 725 2223 δουλεία,
752 2158 1026 2212 καὶτοῦτο
1064 2158 1131 2211 ἂν
1160 2161 1421 2228 προεῖπον
1442 2159 1491 2210 οἱ
1522 2159 1817 2227 προφῆται,
1854 2157 1947 2208 καὶ
1976 2155 2074 2207 οὐκ

499 2243 564 2294 ἂν
589 2242 870 2311 ἐσίγησαν,
914 2241 1115 2304 ἱκανῶς
1144 2240 1528 2311 ἀπεδείξαμεν,
1571 2241 1670 2301 τὰς
1702 2237 2075 2309 αἰχμαλωσίας

499 2324 716 2387 ἁπάσας
743 2324 878 2394 μετὰ
906 2325 1260 2395 προρρήσεως
1282 2322 1551 2387 δείξαντες
1574 2322 1956 2393 ἐπενεχθείσας
1981 2321 2077 2373 αύ-

498 2411 642 2471 τοίς,
668 2409 766 2479 τήν
806 2407 1179 2478 ἐνΑἰγύπτῳ,
1220 2409 1319 2478 τὴν
1371 2410 1427 2460 ἐν
1481 2405 1795 2471 Βαϐυλῶνι,
1851 2406 1949 2477 τὴν
1983 2408 2077 2459 ἐπὶ

512 2491 782 2562 Ἀντιόχου
833 2491 925 2544 τοῦ
967 2490 1316 2559 Ἐπιφανοῦς·
1354 2490 1560 2562 ἐκάστῃ
1597 2490 1706 2561 γάρ
1738 2489 1941 2542 τούτων
1983 2490 2077 2542 καὶ

499 2576 689 2647 χρόνον
743 2578 839 2630 καὶ
887 2577 1050 2630 τόπον
1103 2575 1661 2646 προανακηρυχθέντα
1713 2573 2077 2643 ἀπεδείξαμεν

497 2659 586 2713 διὰ
607 2661 715 2713 τῶν
745 2660 902 2712 θείων
940 2658 1193 2729 Γραφῶν·
1232 2660 1298 2728 τῇ
1326 2657 1574 2729 παρούσῃ
1608 2658 1664 2711 δέ
1698 2657 1871 2720 οὐδεὶς
1909 2656 2075 2726 ῶρισε

499 2747 689 2817 χρόνον
721 2744 1033 2813 προφήτης,
1066 2741 1182 2795 ἀλλ’
1215 2743 1296 2794 ὅτι
1343 2742 1439 2810 μὲν
1468 2740 1586 2811 ἥξει
1606 2782 1621 2805 ,
1660 2741 1755 2793 καὶ
1798 2740 2076 2811 ἐρημώσει

502 2831 699 2893 πάντα,
737 2828 831 2881 καὶ
860 2828 1190 2898 μεταστήσει
1214 2825 1313 2897 τὴν
1337 2822 1797 2896 πολιτείαν,[651]
1819 2825 1912 2877 καὶ
1939 2823 2078 2894 μετά

502 2915 667 2967 πόσον
700 2911 889 2982 χρόνον
918 2909 1017 2981 τῆς
1048 2912 1111 2962 ἐκ
1146 2909 1245 2979 τῆς
1283 2908 1600 2971 Βαϐυλῶνος
1637 2907 1897 2960 ἐπανόδου
1934 2924 2077 2978 συμ-

501 3000 749 3068 ϐήσεται,
774 2997 1032 3067 προεῖπεν
1057 2994 1085 3044 ὁ
1118 2992 1335 3064 Δανιήλ.

573 3081 694 3133 Ὄτι
720 3080 774 3132 δὲ
802 3078 911 3144 ἕξει
935 3077 1105 3142 τέλος,
1127 3078 1221 3129 καὶ
1246 3076 1499 3147 στήσεταί
1515 3092 1618 3128 που
1637 3075 1706 3128 τὰ
1724 3074 1869 3128 κακά
1884 3074 2076 3142 ταῦτα,

499 3168 622 3223 οὔτε
648 3168 850 3227 ἐκεῖνος
874 3152 1160 3234 ἐδήλωσεν,
1184 3158 1306 3213 οὔτε
1331 3159 1489 3223 ἄλλος
1508 3177 1591 3223 τις
1619 3161 1922 3231 προφήτης,
1943 3158 2078 3212 ἀλλά

502 3254 594 3306 καὶ
621 3249 926 3306 τούναντίον
958 3249 1242 3318 προεῖπεν,
1271 3245 1354 3298 ὅτι
1381 3244 1487 3307 ἐως
1514 3244 1825 3306 συντελείας
1860 3242 2077 3308 καθέξει

500 3337 695 3399 αὐτοὺς
728 3336 761 3405 ἠ
787 3332 997 3388 δουλεία
1018 3332 1176 3401 αὕτη.
1208 3330 1316 3385 Καὶ
1347 3331 1614 3401 μαρτυρεῖ
1634 3330 1748 3391 τοῖς
1769 3328 2080 3399 εἰρημένοις

500 3427 528 3476 6
557 3422 749 3493 χρόνος
786 3420 814 3472 ὁ
849 3418 1100 3480 τοσοῦτος
1139 3416 1197 3481 ἐξ
1245 3414 1453 3469 ἐκείνου
1493 3414 1804 3485 γενόμενος,
1838 3413 1932 3467 καὶ
1958 3413 2078 3466 οὐδὲ

504 3508 668 3577 ἴχνος,
694 3501 813 3556 ούδέ
835 3501 1118 3572 προοίμιον
1149 3499 1361 3552 οὐδέπω
1391 3497 1553 3569 μέχρι
1585 3497 1679 3549 καὶ
1718 3497 1957 3567 σήμερον
1982 3496 2079 3566 ἐμ-

503 3592 680 3662 φήνας
719 3586 959 3658 χρηστῆς
994 3582 1315 3654 μεταϐολῆς,
1355 3578 1645 3635 καὶταῦτα
1671 3580 1931 3643 πολλάκις
1955 3581 2076 3635 ἐπι-

504 3672 875 3745 χειρησάντων
903 3666 1083 3721 αὐτῶν
1113 3666 1413 3734 ἀναστῆσαι
1433 3664 1522 3716 τὶν
1545 3663 1690 3716 ναόν.
1726 3665 1835 3716 Καὶ
1856 3664 1965 3735 γὰρ
1986 3664 2081 3717 καὶ

505 3744 673 3821 ἅπαξ,
702 3754 796 3807 καὶ
827 3752 929 3814 δὶς,
964 3750 1057 3803 καὶ
1084 3751 1225 3819 τρὶς,
1254 3748 1347 3800 ἐπὶ
1374 3744 1653 3816 Ἀδριανοῦ
1682 3747 1775 3799 καὶ
1794 3748 2082 3801 Κωνσταν-

503 3840 650 3894 τίνου
684 3838 778 3891 καὶ
834 3832 1123 3888 Ἰουλιανοῦ
1164 3832 1612 3901 ἐπιχειρήσαντες
1640 3827 2043 3900 διεκωλύθησαν
2065 3847 2077 3861 ·

503 3925 626 3979 τότε
660 3923 756 3992 μὲν
781 3919 885 3973 ὑπὸ
921 3913 1288 3989 στρατιωτῶν,
1323 3912 1547 3983 ὕστερον
1571 3911 1626 3966 δέ
1655 3913 1825 3984 πυρὸς
1856 3911 1963 3964 τῶν
1994 3911 2083 3964 θε-

508 4007 705 4081 μελίων
728 4003 1164 4074 ἐκπηδήσαντος,
1200 3998 1297 4051 καὶ
1334 3996 1698 4067 κατασχόντος
1744 3996 1938 4058 αὐτοὺς
1981 3996 2083 4066 τῆς

505 4080 735 4163 ἀκαίρου
792 4083 1144 4159 φιλονεικίας.
1192 4082 1392 4136 Λοιπὸν
1439 4081 1497 4135 δέ
1554 4081 1723 4151 ἡδέως
1778 4080 1843 4134 ἂν
1890 4081 2085 4144 αὐτοὺς

507 4174 736 4248 ἐροίμην
755 4170 886 4241 ἐγὼ,
910 4169 1065 4232 Τίνος
1088 4167 1294 4229 ἐνεκεν,
1321 4165 1443 4218 εἰπέ
1468 4181 1578 4234 μοι,
1595 4166 1664 4248 ἐν
1702 4163 1961 4248 Αἰγύπτῳ
1988 4164 2084 4233 μὲν

506 4247 756 4314 τοσοῦτον
770 4252 1151 4326 διατρίψαντες
1171 4247 1696 4321 χρόνον,ἀπελάϐετε
1720 4260 1740 4287 ε
1763 4247 1860 4319 τὴν
1879 4248 2085 4301 οἰκείαν

507 4343 765 4412 πατρίδα,
788 4340 883 4393 καὶ
905 4340 983 4403 εἰς
1016 4334 1313 4390 Βαϐυλῶνα
1340 4332 1502 4386 πάλιν
1523 4331 1885 4403 ἀπαχθέντες,
1920 4332 2084 4386 ἐπαν-

508 4432 700 4505 ήλθετε
756 4429 834 4490 εἰς
878 4424 947 4478 τά
1003 4420 1385 4505 Ἰεροσόλυμας
1443 4418 1612 4505 Πάλιν
1648 4418 1762 4505 ἐπὶ
1814 4413 2085 4505 ’ᾼντιόχου

508 4500 746 4567 τοσαῦτα
781 4507 1040 4570 παθόντες
1081 4504 1249 4569 κακά,
1295 4502 1430 4572 πρὸς
1461 4501 1521 4554 τὸ
1556 4501 1817 4573 πρότερον
1856 4500 2089 4571 ἐπανήλ-

512 4598 632 4650 θετε
658 4593 878 4664 σχῆμα·
927 4592 1022 4644 καὶ
1063 4588 1224 4642 πάλιν
1272 4587 1484 4649 θυσίας,
1517 4585 1612 4639 καὶ
1660 4584 1862 4654 βωμὸν,
1899 4584 1992 4637 καὶ
2020 4584 2089 4637 τά

512 4682 643 4748 ἆγια
687 4678 795 4730 τῶν
844 4674 1046 4741 ἁγίων,
1097 4672 1191 4724 καὶ
1247 4670 1422 4723 πάντα
1476 4667 1613 4737 μετὰ
1664 4667 1760 4736 τῆς
1817 4667 2089 4739 προτέρας

512 4761 815 4817 άπελάϐετε
850 4758 1026 4825 ἀξίας.
1062 4754 1197 4808 Νυνὶ
1219 4754 1274 4806 δὲ
1306 4752 1460 4806 οὐδὲν
1495 4751 1733 4804 τοιοῦτον
1762 4750 2086 4821 γεγένηται·

512 4844 847 4901 ἁλλ’ἐκατδν
882 4842 976 4896 καὶ
1021 4838 1101 4902 δὶς
1129 4837 1153 4874 ἀ
1185 4836 1455 4891 τοσούτων
1499 4834 1635 4887 ἐτῶν
1684 4835 1780 4888 καὶ
1824 4834 1944 4903 τρὶς
1996 4835 2090 4886 καὶ

510 4929 789 5002 τετράκις,
821 4925 915 4981 καί
942 4922 1122 4996 πολλῷ
1156 4920 1413 4975 πλειόνων
1442 4918 1821 4989 παρελθόντων
1841 4936 1855 4951 ·
1891 4934 2090 4971 πεντα-

513 5000 789 5070 κοσ-ιοστὸν
837 5009 945 5080 γὰρ
994 5005 1180 5063 λοιπὸν
1214 5002 1275 5069 ἐξ
1315 5002 1522 5055 ἐκείνου
1567 5002 1712 5055 ἐστὶν
1748 5000 1864 5064 ἔτος
1897 5001 2089 5070 μέχρις

514 5099 689 5171 ήμῶν·
721 5096 815 5151 καὶ
836 5093 957 5147 οὐδὲ
981 5090 1211 5160 αἴνιγμα
1251 5086 1505 5157 τοιαύτης
1546 5085 1849 5171 μεταϐολῆς
1876 5084 2091 5171 ὁρῶμέν

515 5168 617 5238 που
668 5179 1021 5253 φαινόμενον,
1072 5173 1185 5229 ἀλλ’
1233 5169 1672 5228 ἀποπεπτωκότα
1719 5180 1742 5207 ο
1788 5168 1969 5231 αὐτοῖς
2023 5168 2093 5219 τὰ

517 5269 818 5340 πράγματα
841 5264 1044 5327 τέλεον,
1087 5260 1182 5314 καὶ
1210 5258 1331 5312 οὐδὲ
1368 5256 1501 5327 ὄναρ
1536 5254 1792 5325 τοιαύτην
1825 5253 2093 5306 ἐνδεικνύ-

578 5412 605 5439 ⁸
629 5406 730 5481 ΑΙΞὶ
760 5407 1098 5470 ἐπιφερόμενα,
1145 5400 1303 5463 inquit
1341 5398 1509 5447 Monlf.
1544 5397 1627 5456 qui
1659 5393 1812 5443 edidit
1840 5395 2092 5458 ἐκφερόμε-

517 5472 763 5520 νοι.Εοιτ.

580 5528 1120 5593 δΑηὶτῶνρημάτωνι.
1166 5586 1184 5593 ,
1260 5587 1272 5593 ,
1578 5578 1655 5593 _.
1912 5582 1943 5593 ..

581 5597 603 5624 ο
628 5590 727 5640 Alii
751 5586 1005 5649 ἀπέλαϐον,
1037 5596 1089 5638 ει
1110 5586 1231 5637 infra
1255 5586 1594 5643 ἐπανῆ).θον,ρι
1617 5586 1687 5629 εις
1715 5586 1974 5642 sequentia
2002 5590 2097 5630 ιο·-

521 5660 859 5761 “:‘de'l-isiogii’
878 5712 950 5758 ὅτι
976 5712 1056 5758 καὶ
1078 5710 1163 5765 δίς.

585 5789 611 5816 ο
627 5773 845 5832 οιιαῐιιοι·
864 5784 977 5820 mss.
1002 5771 1123 5819 ἀλλὰ
1153 5769 1538 5832 καταπέπτωκεν.

580 5833 597 5873 ί
638 5826 723 5888 Sic
743 5839 845 5883 octo
868 5832 1175 5891 mss.,inquil
1197 5829 1361 5878 Monlﬁ
1392 5827 1475 5890 qui
1498 5828 1695 5890 legebat
1719 5828 1837 5877 ἐπιδ.
1862 5826 1999 5878 Eon.

1037 343 1041 348 ’
1120 367 1176 421 S.
1211 366 1493 422 JOANNIS
1531 365 2012 425 CHRYSOSTOMI
2046 366 2371 427 ARCHIEP.
2410 358 2957 437 CON‘STANTINOI’.

3631 390 3736 447 905

2166 489 2343 578 pievdA‘
2388 508 2508 578 τινα
2560 495 2883 564 προσδοκίαν
2924 497 3040 549 οἵαν
3073 496 3132 549 τὸ
3179 497 3459 570 πρότερον.
3508 502 3569 554 Et
3626 506 3739 578 γάρ

2161 571 2259 636 τὰς
2290 574 2564 646 ἁμαρτίας
2592 579 2689 641 τὰς
2719 580 2926 632 ἑαυτῶν
2949 580 3354 651 προϐάλλοιντο,
3381 586 3473 636 καὶ
3505 571 3735 652 εἴποιεν,

2161 658 2244 744 ὅτι
2279 658 2493 744 Ἐπειδὴ
2515 663 2828 734 ἡμάρτομεν
2852 663 2927 733 τῷ
2953 665 3090 734 Θεῷ,
3126 665 3219 718 καὶ
3252 669 3738 744 προσεκρούσαμεν

2163 741 2333 811 αὐτῷ,
2368 742 2454 795 διὰ
2482 746 2641 798 τοῦτο
2666 748 2764 818 τὴν
2794 749 2999 801 οἰκείαν
3022 750 3121 802 οὐκ
3145 750 3602 824 ἀπολαμϐάνομεν
3629 741 3742 826 χώο

2166 843 2282 896 ραν,
2312 827 2405 880 καὶ
2432 829 2481 881 οἱ
2530 831 2768 901 συνεχῶς
2815 833 3261 904 κατηγορούντων
3285 835 3394 889 τῶν
3439 841 3739 912 προφητῶν

2165 911 2663 981 ἀναισχυντοῦντες,
2695 918 2791 970 καὶ
2832 917 3253 988 τραγῳδούντων
3291 920 3391 983 τάς
3424 924 3740 991 μιαιφονίας

2166 994 2344 1046 αὐτῶν
2390 995 2742 1067 ἀρνούμενοι,
2789 995 2931 1053 οὗτοι
2973 999 3068 1052 νῦν
3114 1002 3597 1073 ἐξομολογήσονται
3641 1008 3740 1061 καὶ

2165 1078 2606 1144 καταγνώσονται
2635 1081 2743 1134 τῶν
2768 1082 2981 1135 οἰκείων
3010 1085 3443 1156 ἁμαρτημάτων·
3471 1088 3641 1158 ἡδέως
3672 1090 3739 1145 ἂν

2165 1160 2344 1241 αὐτῶν
2359 1161 2585 1218 ἕκαστον
2607 1165 2876 1236 ἐρήσομαι
2900 1166 3083 1221 πάλιν·
3104 1170 3198 1221 Διά
3218 1170 3316 1233 τὰς
3330 1171 3601 1241 ἁμαρτίας
3621 1191 3738 1235 σου,

2166 1239 2212 1297 ῶ
2266 1245 2520 1309 Ἰουδαῖε,
2569 1246 2674 1313 ἔξω
2724 1249 2824 1320 τῆς
2891 1251 3248 1323 Ἰερουσαλὴμ
3301 1239 3599 1326 διατρίϐεις
3644 1258 3742 1310 ἐπὶ

2169 1328 2357 1397 χρόνον
2384 1328 2671 1394 τοσοῦτον;
2698 1332 2806 1386 Καὶ¹
2835 1333 2890 1385 τί
2918 1332 2979 1386 τὸ
3002 1335 3176 1388 κοινὸν
3201 1336 3295 1389 καὶ
3316 1336 3376 1391 τὸ
3398 1339 3736 1409 παράδοξονς

2169 1414 2259 1484 Μὴ
2291 1413 2399 1485 γάρ
2428 1414 2522 1468 νῦν
2551 1414 2609 1468 ἐν
2649 1415 2948 1487 ἁμαρτίαις
2980 1418 3136 1488 μόνον
3173 1419 3325 1488 ζῆτε.
3369 1422 3519 1491 παρά
3556 1423 3614 1475 δέ
3640 1422 3743 1494 τὴν

2169 1496 2341 1568 ἀρχὴν
2365 1500 2422 1551 ἐν
2454 1498 2766 1570 δικαιοσύνῃ
2802 1501 2895 1553 καὶ
2934 1501 3375 1572 κατορθώμασιν;
3409 1505 3508 1558 οὐκ
3537 1506 3743 1559 ἄνωθεν

2173 1582 2265 1633 καὶ
2294 1581 2352 1645 ἐξ
2372 1582 2545 1651 ἀρχῆς
2569 1582 2790 1652 μυρίαις
2814 1585 3285 1656 συνανεστράφητε
3307 1594 3330 1632 ε
3346 1589 3741 1659 παρανομίαις;

2170 1663 2231 1715 ού
2269 1663 2437 1734 μυρία
2464 1664 2836 1736 κατηγόρησεν
2882 1665 3036 1737 ὑμῶν
3079 1668 3337 1739 Ἰεζεκιήλ
3360 1672 3388 1722 6
3423 1672 3743 1741 προφήτης,

2171 1748 2260 1799 ὅτε
2281 1746 2379 1809 τὰς
2399 1745 2490 1798 δύο
2506 1746 2706 1816 πόρνας
2722 1750 3004 1817 εἰσήγαγε,
3022 1750 3117 1820 τὴν
3142 1750 3289 1813 Ὀλόἰ,
3304 1753 3399 1805 καὶ
3417 1752 3514 1822 τὴν
3539 1753 3743 1817 Ὀλιϐἄ,
3834 1772 3850 1784 ·

2171 1829 2360 1897 λέγων.
2380 1829 2461 1881 ὅτι
2487 1829 2770 1897 Πορνεῖον
2793 1832 3215 1901 ᾠκοδομήσατε
3235 1835 3305 1887 ἐν
3335 1837 3627 1903 Αἰγύπτῳ,
3646 1835 3746 1888 καί

2171 1912 2565 1979 ἑπεμτιὶνεσθε
2590 1913 2712 1979 τοῖς
2729 1913 3069 1983 βαρϐάροις,
3099 1917 3197 1971 καί
3224 1918 3364 1984 τοὺς
3391 1919 3747 1986 ἀλλοτρίους

2171 1996 2557 2062 ἐθεραπεύετε
2579 1999 2787 2063 θεούς;
2826 1998 2891 2049 Τί
2915 1999 3003 2061 δέ;
3041 2001 3162 2070 οὐχὶ
3190 2002 3288 2072 τῆς
3325 2000 3600 2072 θαλάσσης
3631 2019 3749 2071 σχι-

2176 2077 2427 2150 ζομένης,
2457 2080 2552 2132 καὶ
2575 2080 2680 2133 τῶν
2712 2081 2924 2153 πετρῶν
2950 2083 3325 2154 ρηγνυμένων,
3352 2085 3446 2136 καὶ
3478 2084 3748 2137 τοσούτων

2175 2160 2467 2232 θαυμάτων
2497 2165 2799 2232 γινομένων
2830 2164 2921 2216 ἐπὶ
2942 2165 3038 2234 τῆς
3089 2167 3321 2237 ἐρήμου,
3354 2167 3552 2237 μόσχον
3578 2184 3749 2238 προσ-

2175 2244 2510 2314 εκυνήσατε;
2569 2245 2628 2297 οὐ
2683 2246 2775 2298 τὸν
2826 2247 3065 2300 Μωῦσέα
3114 2248 3207 2300 νῦν
3274 2249 3372 2319 μὲν
3425 2249 3594 2313 λίθοις
3620 2248 3750 2318 βάλ-

2175 2327 2376 2391 λοντες,
2407 2327 2502 2380 νῦν
2549 2328 2606 2382 δέ
2638 2329 2974 2396 ἐλαύνοντες,
3012 2334 3106 2387 καὶ
3141 2335 3347 2405 ἐτέροις
3383 2333 3596 2404 μυρίοις
3622 2335 3749 2404 τρό-

2176 2427 2298 2473 ποις
2336 2410 2543 2464 ἀνελεῖν
2591 2413 2987 2485 ἐπεχειρήσατε
3043 2415 3336 2482 πολλάκις;
3370 2417 3429 2469 ού
3463 2415 3747 2470 διετελεῖτε

2179 2491 2626 2564 βλασφημοῦντες
2677 2497 2757 2560 εἰς
2811 2496 2903 2550 τὸν
2968 2497 3132 2563 Θεόν;
3186 2499 3248 2551 οὐ
3306 2498 3384 2569 τῷ
3426 2498 3749 2570 Βεελφεγὼρ

2177 2577 2530 2647 ἐτελέσθητε;
2571 2580 2633 2633 ού
2677 2581 2802 2644 τοὺς
2834 2582 2982 2653 υίοὺς
3022 2583 3178 2653 ὑμῶν
3216 2583 3487 2652 ἐσφάξατε
3531 2584 3623 2637 καὶ
3650 2584 3750 2647 τὰς

2178 2659 2485 2734 θυγατέρας
2536 2663 2690 2734 ὑμῶν
2760 2668 2870 2729 τοῖς
2920 2665 3260 2735 δαιμονίοιςς
3324 2670 3386 2722 ού
3444 2670 3552 2722 πᾶν
3612 2663 3752 2730 εἶδος

2177 2744 2432 2809 ἀσεϐείας
2461 2749 2552 2798 καὶ
2576 2748 2851 2818 ἁμαρτίας
2878 2749 3220 2813 ἐπεδείξασθε
3242 2769 3256 2814 ς
3282 2751 3379 2821 οὐχ
3407 2753 3435 2804 ὁ
3471 2752 3753 2821 προφήτης

2178 2830 2340 2902 φησὶν
2370 2834 2434 2884 ἐκ
2460 2833 2751 2904 προσώπου
2781 2832 2876 2886 τοῦ
2893 2832 3027 2887 Θεοῦ
3064 2835 3200 2906 πρὸς
3237 2836 3398 2905 ὑμᾶς·
3435 2834 3588 2907 [652]
3610 2839 3752 2888 Τεσ-

2177 2914 2520 2983 σαράκοντα
2551 2916 2654 2983 ἐτη
2688 2915 3075 2987 προσώχθισα
3108 2917 3184 2985 τῇ
3215 2916 3391 2985 γενεᾷ
3417 2919 3625 2986 ταύτῃ,
3652 2918 3749 2971 και

2177 2993 2368 3062 εἷπον,
2414 2998 2531 3053 Ἀεὶ
2563 2998 2910 3053 πλανῶνται
2957 3000 3033 3069 τῇ
3082 3000 3334 3068 καρδίᾳ;
3372 3002 3497 3065 Πῶς
3530 2997 3622 3054 οῦν
3655 3001 3756 3053 οὐκ

2177 3081 2502 3153 ἀπεστράφη
2534 3082 2679 3152 ὑμᾶς
2709 3083 2831 3136 τότε
2857 3084 2885 3136 ὁ
2913 3084 3062 3150 Θεὸς,
3095 3083 3229 3137 ἀλλά
3259 3084 3396 3154 μετά
3432 3083 3532 3147 τὰς
3571 3083 3758 3136 παιδο·

2178 3167 2416 3231 κτονίας,
2452 3166 2588 3237 μετά
2611 3165 2711 3230 τάς
2738 3166 3200 3237 εἰδωλολατρείας,
3245 3167 3381 3237 μετὰ
3415 3167 3514 3238 τὴν
3554 3167 3761 3238 πολλὴν

2178 3250 2593 3321 ἀγνωμοσύνην,
2623 3249 2761 3321 μετά
2785 3250 2883 3322 τήν
2906 3251 3112 3319 ἄφατον
3140 3250 3483 3323 ἀχαριστίαν,
3508 3252 3601 3303 καὶ
3626 3267 3759 3322 προ-

2180 3338 2355 3409 φήτην
2405 3336 2619 3406 ἀφῆκεν
2651 3331 2791 3389 εἶναι
2827 3336 2954 3406 παρ’
2986 3336 3113 3404 ὑμῖν
3157 3334 3247 3388 τὸν
3292 3334 3465 3406 μέγαν
3495 3336 3754 3395 Μωῦσέα,

2181 3424 2275 3478 καὶ
2301 3424 2501 3492 σημεῖα
2537 3421 2823 3493 εἰργάζετο
2851 3420 3140 3490 θαυμαστά
3166 3422 3259 3474 καὶ
3293 3418 3606 3491 παράδοξα;
3646 3418 3757 3471 Καὶ

2182 3511 2326 3580 ἅπερ
2373 3507 2462 3561 ἐπ’
2484 3506 2696 3569 οὐδενὸς
2723 3505 2831 3559 τῶν
2859 3504 3160 3576 ἀνθρώπων
3188 3504 3425 3572 ἐγένετο,
3458 3503 3632 3557 ταῦτα
3670 3499 3755 3569 ἐφ’

2182 3591 2335 3662 ὑμῶν
2368 3589 2671 3652 συνέϐαινε,
2714 3587 2943 3658 νεφέλης
2994 3589 3091 3659 μὲν
3122 3590 3250 3658 ύμῖν
3285 3587 3404 3640 ἀντὶ
3438 3586 3634 3658 ὀρόφου
3662 3602 3753 3637 τε-

2182 3676 2441 3748 ταμένης,
2470 3674 2659 3728 στύλου
2691 3673 2747 3726 δέ
2773 3674 2892 3726 ἀντὶ
2932 3673 3212 3743 λαμπάδος
3250 3673 3378 3743 ὑμῖν
3412 3670 3758 3743 προηγουμέ-

2183 3779 2298 3824 νου,
2335 3760 2429 3814 καὶ
2471 3758 2582 3811 τῶν
2631 3757 2902 3829 πολεμίων
2952 3757 3269 3827 αὐτομάτων
3319 3756 3449 3825 ὑμῖν
3499 3772 3761 3825 παραχω-

2187 3844 2440 3916 ρούντων,
2480 3843 2588 3897 τῶν
2622 3842 2826 3895 πόλεων
2871 3841 3117 3895 αὐτοϐοεὶ
3150 3840 3335 3911 σχεδὸν
3366 3839 3759 3910 ἁλισκομένων.

2184 3931 2296 3999 Οὐχ
2326 3928 2504 3982 ὅπλων
2536 3929 2662 3999 ὑμῖν
2694 3926 2933 3997 ἐδέησενς
2966 3927 3027 3978 οὺ
3064 3925 3440 3997 παρατάξεωςν
3464 3925 3524 3977 οὐ
3548 3923 3725 3995 μάχης
3746 3938 3759 3957 ’

2185 4013 2300 4066 ἀλλ’
2324 4012 2652 4065 ἐσαλπίσατε
2698 4011 2878 4081 μόνον,
2909 4009 3003 4063 καὶ
3032 4008 3100 4062 τὰ
3132 4009 3285 4079 τείχη
3315 4007 3599 4077 αὐτόματα
3626 4023 3761 4060 κατ-

2186 4097 2388 4150 ελύετο.
2416 4095 2552 4165 Ξένη
2594 4110 2677 4156 τις
2718 4089 2786 4163 ἦν
2832 4093 2961 4163 ὑμῖν
2994 4094 3027 4163 ή
3068 4094 3243 4162 τροφὴ
3295 4091 3389 4145 καὶ
3438 4088 3756 4161 παράδοξός,

2188 4183 2282 4235 καὶ
2322 4181 2420 4251 βοᾷ
2459 4181 2486 4232 6
2532 4177 2817 4248 προφήτης
2843 4177 3015 4246 λέγων
3038 4194 3052 4209 ·
3091 4177 3299 4244 Ἄρτον
3327 4174 3589 4242 οὐρανοῦ
3619 4174 3760 4228 ἐδω-

2187 4282 2293 4320 κεν
2342 4261 2564 4328 αὐτοῖς,
2612 4261 2794 4328 ἄρτον
2844 4261 3113 4331 ἀγγέλων
3149 4260 3372 4328 ἔφαγεν
3413 4258 3755 4326 ἅνθρωπος,

2187 4348 2569 4419 ἐπισιτισμὸν
2617 4349 2976 4404 ἀπέστειλεν
3018 4343 3222 4409 αὐτοῖς
3252 4345 3341 4408 εις
3371 4339 3755 4409 πλησμονήν.

2189 4434 2344 4495 Τίνος
2368 4428 2462 4486 οὖν
2488 4431 2695 4495 ἐνεκεν,
2726 4431 2845 4485 εἰπέ
2889 4446 2998 4500 μοι,
3024 4428 3146 4481 τότε
3183 4427 3278 4497 μὲν
3312 4423 3659 4488 ἀσεϐοῦντες,
3683 4423 3762 4475 εί-

2187 4517 2666 4590 δωλολατροῦντες,
2695 4511 3185 4575 παιδοκτονοῦντες,
3219 4509 3346 4573 τοὺς
3366 4511 3649 4579 προφήτας
3684 4507 3763 4559 λι-

2190 4603 2462 4669 θάζοντες,
2502 4600 2671 4672 μυρία
2724 4597 3079 4672 ἐργαζόμενοι
3124 4593 3291 4655 δεινά,
3339 4592 3606 4663 τοσαύτης
3657 4592 3764 4645 ἀπ-

2190 4687 2410 4741 ελαύετε
2458 4685 2689 4747 εὐνοίας,
2718 4681 2981 4749 τοσαύτης
3021 4678 3171 4750 παρά
3219 4676 3312 4730 τοῦ
3364 4675 3499 4729 Θεοῦ
3528 4692 3766 4747 προστα-

2194 4772 2312 4834 σίας
2332 4785 2348 4798 ·
2378 4768 2473 4822 νῦν
2500 4768 2555 4821 δὲ
2583 4768 2682 4820 ούκ
2707 4762 3240 4834 εἰδωλο).ατροῦντες,
3274 4760 3394 4812 οὑδέ
3422 4759 3621 4821 παῖδας
3642 4760 3767 4812 ἀπο-

2192 4851 2518 4913 κτιννύντες,
2542 4849 2661 4903 ούδέ
2684 4848 2967 4920 προφήτας
2992 4846 3318 4908 λιθάςοντες,
3344 4845 3401 4895 ἐν
3426 4840 3768 4912 αἰχμαλωσίᾳ

2191 4937 2403 5004 διάγετε
2434 4935 2700 5004 διηνεκεῖς
2749 4931 2840 5002 Μὴ
2871 4930 2979 5002 γὰρ
3008 4931 3191 5000 ἕτερος
3226 4923 3293 4998 ἦν
3336 4926 3458 4978 τότε
3496 4925 3649 4987 Θεὸς,
3678 4923 3768 4978 καὶ

2192 5021 2379 5093 ἐτερος
2406 5018 2529 5083 νῦν;
2558 5017 2679 5087 ούχλ⁹
2712 5019 2741 5070 6
2780 5015 2943 5077 αὐτός
2975 5015 3122 5066 ἐστιν
3154 5015 3182 5065 6
3213 5012 3319 5093 καί
3341 5012 3526 5093 ἐκεῖνα
3563 5009 3769 5093 οἰκονο-

2197 5085 2333 5172 μῶν,
2365 5100 2459 5153 καὶ
2486 5085 2659 5151 ταῦτα
2697 5095 2791 5151 νῦν
2825 5094 3220 5167 ἐργαζόμενος
3256 5092 3413 5153 Τίνος
3440 5085 3533 5142 οὖν
3562 5089 3767 5172 ἕνεκεν,

2194 5171 2314 5239 εἰπέ
2342 5203 2453 5256 μοι,
2487 5184 2574 5237 ὅτε
2608 5181 2708 5253 μέν
2740 5179 2959 5251 μείζονα
2991 5173 3058 5248 ἦν
3077 5177 3146 5229 τά
3174 5176 3567 5246 ἁμαρτήματα,
3603 5171 3769 5241 πολλὴ

2193 5266 2260 5341 ἦν
2311 5271 2437 5339 ὑμῖν
2492 5269 2526 5337 ἡ
2570 5265 2702 5336 τιμὴ
2753 5262 2905 5333 παρά
2951 5260 3044 5314 τοῦ
3098 5257 3268 5312 Θεοῦ·
3315 5259 3403 5312 ὅτε
3428 5258 3484 5310 δέ
3513 5257 3770 5341 ἐλάττονα

2196 5337 2564 5425 πλημῄμελεῖτε
2615 5348 2731 5409 νῦν,
2766 5344 3043 5407 παντελῶς
3086 5344 3229 5413 ὑμᾶς
3282 5340 3634 5411 ἀπεστράφη,
3677 5337 3772 5425 καὶ

2196 5421 2389 5509 ἀτιμία
2418 5433 2701 5506 παρέδωκε
2727 5431 2994 5501 διηνεκεῖς
3026 5430 3089 5481 El
3110 5428 3218 5498 γὰρ
3243 5426 3336 5479 νῦν
3364 5426 3511 5496 ὑμᾶς
3549 5425 3638 5478 διὰ
3674 5421 3772 5509 τὰς

2196 5507 2469 5593 ἁμαρτίας
2497 5516 2918 5589 ἀποστρέφεται,
2961 5511 3139 5582 πολλῷ
3182 5510 3380 5582 μᾶλλον
3409 5509 3533 5593 τότε
3574 5507 3740 5593 ἐχρήν

2197 5589 2247 5658 εἰ
2283 5589 2340 5657 δέ
2364 5603 2484 5655 τότε
2512 5603 2758 5671 ήνείχετο
2785 5598 3123 5652 ἀσεϐούντων
3157 5595 3330 5665 ὑμῶν,
3364 5592 3545 5661 πολλῷ
3576 5589 3771 5662 μᾶλλον

2197 5690 2291 5743 νῦν
2316 5685 2646 5757 ἀνασχέσθαι
2676 5685 2801 5748 ἔδει,
2831 5684 2919 5737 ὅτε
2948 5682 3099 5735 οὐδὲν
3123 5677 3363 5733 τοιοῦτον
3394 5675 3647 5746 τολμᾶτε.
3682 5671 3769 5726 Τί-

2264 5826 2287 5866 8
2311 5825 2535 5885 Quinque
2559 5837 2672 5873 mss.
2699 5830 2745 5871 el
2773 5822 2882 5871 Sav.
2906 5804 3234 5881 συνετράφητε.
