4084 6186
361 325 469 381 905

356 451 643 504 thesauros
663 458 798 516 quos
828 459 986 499 nemo
1018 452 1191 513 potest
1217 442 1425 511 eripere
1453 442 1821 510 importantes,
1856 453 1941 492 to-

363 536 664 601 lentttiam,
711 536 1077 591 fortitudinem
1118 543 1173 588 et
1197 535 1493 589 caritatem.
1527 532 1685 587 Nune
1717 532 1766 585 in
1795 529 1944 586 Pauli

359 630 582 685 chorum
613 636 987 698 pervenerunt,
1010 635 1133 681 ante
1152 639 1377 679 coronas
1398 638 1522 678 suas
1543 622 1945 692 exspectatione

360 735 680 775 coronarum
726 718 951 783 alacres,
1002 731 1068 771 eo
1106 715 1248 787 quod
1284 717 1393 783 jam
1423 713 1493 769 de
1534 715 1709 767 futuro
1757 712 1944 765 incerti

362 827 484 868 esse
520 812 817 866 desierunt.
870 809 1005 879 Quid
1044 809 1203 879 igitur
1246 807 1362 862 istis
1406 821 1543 877 opus
1593 808 1663 861 sit
1707 805 1947 860 oratione

363 904 581 959 nostra?
611 904 723 958 lloc
746 903 905 973 igitur
927 912 1298 973 argumentum
1345 901 1451 956 illis
1473 900 1695 971 gratius.
1741 897 1821 952 Ex
1849 913 1948 951 no-

363 996 492 1050 stris
523 995 666 1048 enim
709 993 976 1059 laudibus,
1004 991 1453 1062 quemadmodum
1496 999 1650 1045 antea
1679 988 1944 1049 dicebam,

367 1086 496 1140 nihil
527 1086 742 1140 illorum
768 1085 950 1156 gloriae
989 1086 1297 1141 accesserit.
1337 1084 1606 1139 Carterum
1642 1097 1710 1137 ex
1753 1079 1948 1134 nostris

366 1180 623 1234 adversus
664 1176 878 1233 Judzeos
914 1177 1397 1233 conﬂictationibus
1445 1176 1670 1231 multum
1714 1173 1818 1228 illis
1855 1172 1952 1226 ad-

365 1267 615 1336 iungetur
633 1268 831 1338 gaudii,
861 1279 915 1324 et
946 1269 1174 1324 libenter
1194 1267 1539 1323 auscultaturi
1567 1273 1693 1320 sunt
1719 1263 1951 1318 maxime

370 1371 647 1413 sermones
685 1374 810 1445 eosL
847 1361 936 1431 qui
966 1375 1063 1430 pro
1095 1361 1261 1431 gloria
1308 1360 1400 1415 Dei
1441 1359 1709 1413 dicuntur.
1738 1355 1951 1410 Judteos

370 1448 513 1501 enim
548 1449 812 1518 imprimis
853 1450 1083 1506 oderunt
1108 1458 1389 1522 martyres,
1428 1447 1855 1521 quandoquidem
1885 1447 1952 1502 ab

374 1540 481 1594 illis
498 1541 810 1598 cruciﬁxum
846 1546 1077 1600 maxime
1103 1544 1355 1615 diligunt.
1384 1543 1515 1598 Nam
1549 1542 1635 1598 isti
1666 1541 1950 1597 dicebant:

375 1632 599 1702 Sanguis
618 1634 730 1705 ejus
739 1651 892 1704 super
904 1652 1014 1703 nos,
1029 1646 1076 1690 et
1094 1653 1246 1705 super
1257 1637 1392 1705 filios
1408 1643 1608 1690 nostros
1633 1633 1842 1706 (Matth.
1859 1632 1951 1687 27.

373 1723 504 1794 25):
535 1725 610 1779 illi
657 1742 787 1781 vero
821 1728 1129 1799 sanguinem
1173 1728 1446 1797 proprium
1498 1727 1799 1782 eﬁuderunt
1839 1724 1957 1795 ejus

375 1830 581 1883 amore,
607 1832 766 1887 quem
798 1818 872 1872 illi
894 1818 1219 1875 occiderant.
1264 1819 1371 1875 Hos
1397 1819 1557 1890 igitur
1582 1833 1858 1874 sermones
1888 1817 1956 1871 li-

379 1906 567 1963 benter
596 1910 829 1964 audient.

449 1999 505 2052 2.
544 2000 697 2067 Quod
736 2001 914 2072 igitur,
947 2004 993 2057 si
1036 2003 1154 2058 hmo
1180 2003 1486 2058 Judacorum
1531 2004 1764 2060 servitus
1799 2001 1957 2055 ﬁnem

379 2105 522 2148 esset
568 2093 830 2163 habitura,
881 2096 982 2152 hoc
1010 2113 1222 2168 quoque
1264 2098 1563 2166 praedicturi
1604 2097 1801 2153 fuerint
1842 2109 1960 2163 pro-

382 2185 575 2255 phetae,
623 2196 676 2241 et
717 2204 1049 2258 nequaquam
1091 2191 1302 2245 silentio
1333 2190 1671 2259 pneterituri,
1712 2189 1842 2243 satis
1863 2187 1960 2243 de-

380 2275 737 2332 elaravimus:
765 2294 886 2333 cum
913 2295 1101 2334 omnes
1121 2282 1454 2350 eaptivitates
1479 2296 1508 2336 a
1536 2267 1807 2351 prophetis
1838 2296 1963 2349 prae-

382 2366 553 2422 dictas
582 2367 743 2423 fuisse
768 2371 1136 2437 ostendimus;
1169 2374 1396 2441 primum
1428 2371 1571 2426 illam
1614 2372 1667 2425 in
1707 2370 1960 2440 EgyptO,

384 2459 581 2515 deinde
604 2462 657 2515 in
688 2461 978 2534 Babylone,
1003 2464 1342 2527 tertiamsub
1371 2463 1635 2518 Antiocho
1664 2462 1961 2532 Epiphane.

388 2550 878 2608 Demonstravimus
905 2554 1047 2609 eniut
1076 2554 1261 2609 harum
1293 2554 1576 2624 unicuique
1616 2565 1669 2608 ct
1696 2554 1869 2608 locum
1913 2562 1969 2607 et

388 2651 597 2711 tempus
625 2642 789 2700 fuisse
818 2645 1128 2714 prtedictum
1169 2646 1222 2700 in
1261 2646 1427 2700 sacris
1469 2645 1656 2700 literis.
1688 2644 1820 2698 Huic
1843 2658 1969 2698 vero

391 2734 640 2802 praesenti
688 2734 866 2789 nullus
907 2736 1164 2805 propheta
1207 2736 1485 2807 prmﬁnivit
1514 2746 1740 2807 tempus.
1773 2735 1969 2790 Verum

388 2824 533 2893 quod
569 2835 714 2880 esset
747 2835 989 2892 ventura,
1034 2828 1316 2898 omniaque
1343 2827 1667 2891 desolatura,
1712 2827 1969 2882 ditionem

393 2919 609 2987 insuper
632 2926 686 2972 et
710 2919 1016 2990 religionem
1047 2921 1382 2987 translatura,
1407 2930 1711 2990 quantoque
1731 2928 1972 2988 tempore

393 3018 514 3078 post
542 3008 769 3064 reditum
798 3025 829 3065 e
856 3010 1127 3082 Babylone
1146 3020 1389 3080 ventura,
1420 3012 1665 3081 pnedixit
1696 3012 1898 3067 Daniel.

470 3099 732 3154 Postrema
763 3100 1063 3157 Iudaeorum
1102 3105 1363 3176 captivitas
1390 3120 1665 3174 numquam
1693 3104 1846 3174 finem
1875 3103 1972 3157 Ita-

396 3194 563 3247 bitura
582 3202 673 3248 est.
696 3224 767 3236 -—
784 3194 1050 3251 Caeterum
1075 3197 1213 3266 quod
1235 3197 1304 3253 sit
1335 3197 1574 3251 habitura
1599 3196 1777 3259 ﬁnem,
1801 3196 1974 3266 quod-

397 3300 500 3355 quo
514 3285 802 3356 aliquando
828 3288 1061 3342 sistenda
1083 3289 1190 3343 sint
1216 3289 1316 3342 ista
1339 3288 1494 3352 mala,
1528 3304 1626 3343 nec
1659 3288 1745 3342 ille
1774 3286 1975 3357 patefe-

397 3377 491 3443 cit,
518 3392 615 3431 nec
634 3378 911 3448 quisquam
941 3378 1166 3433 aliorum
1194 3380 1593 3449 prophcmrum.
1629 3377 1764 3446 Quin
1793 3389 1977 3431 contra

400 3467 666 3536 prtedixit,
696 3468 837 3538 quod
878 3468 943 3523 ad
988 3470 1146 3524 linem
1185 3484 1350 3541 usque
1394 3470 1644 3524 duratura
1685 3482 1825 3524 esset
1868 3469 1979 3524 hate

399 3558 651 3613 servitus.
684 3560 980 3614 Attestatur
1009 3560 1092 3615 his
1119 3576 1238 3631 qua:
1269 3561 1518 3626 diximus,
1548 3570 1602 3616 ct
1644 3562 1815 3629 ipsum
1848 3572 1982 3615 tem-

402 3662 521 3718 pus,
546 3650 687 3720 quod
712 3650 821 3721 jam
862 3659 1066 3706 tantum
1093 3662 1367 3722 peractum
1401 3663 1500 3718 est,
1550 3669 1647 3707 nec
1695 3654 1858 3707 ullum
1891 3669 1981 3708 ve-

401 3741 637 3810 stigium,
666 3757 767 3797 nec
796 3742 1006 3798 initium
1032 3745 1096 3799 ad
1129 3745 1270 3802 hunc
1290 3762 1457 3816 usque
1482 3747 1623 3801 diem
1652 3746 1806 3802 bome
1828 3763 1980 3801 com-

404 3834 713 3891 mutationis
759 3837 1012 3903 ostendit,
1055 3837 1213 3908 idque
1259 3854 1381 3893 eum
1417 3841 1609 3895 crebro
1648 3840 1758 3909 jam
1805 3841 1981 3894 conati

404 3924 511 3979 sint
556 3925 852 3983 instaurare
895 3930 1170 3998 templum.
1207 3930 1336 3985 Nam
1381 3932 1545 3986 semel
1587 3940 1642 3985 et
1686 3932 1875 3986 iterum
1921 3947 1985 3986 ac

407 4018 585 4082 tertio,
635 4019 736 4073 sub
762 4018 1048 4086 Hadriano,
1081 4022 1179 4077 sub
1212 4021 1579 4090 Constantino,
1625 4024 1723 4079 sub
1751 4023 1981 4089 Juliano,

405 4118 626 4162 conatus
653 4109 863 4164 illorum
887 4111 1151 4168 cohibitus
1172 4123 1254 4169 est
1282 4131 1296 4170 :
1328 4116 1554 4185 primum
1582 4117 1794 4186 quidem
1817 4132 1847 4170 a
1880 4118 1983 4170 nti-

409 4198 611 4266 litihus,
643 4216 827 4256 rursus
870 4203 939 4257 ab
973 4203 1094 4273 igne
1130 4221 1161 4259 e
1192 4206 1543 4261 fundamentis
1569 4217 1901 4277 erumpente,
1933 4217 1987 4262 ct

409 4293 618 4346 illorum
647 4292 997 4363 importunam
1020 4297 1363 4363 pervicaciam
1389 4308 1688 4355 coercente.
1713 4300 1830 4355 Jam
1859 4315 1986 4354 vero

410 4385 598 4438 lubens
619 4384 733 4438 illos
758 4387 1049 4455 rogaverim
1079 4406 1091 4442 :
1115 4402 1213 4443 cur
1238 4399 1435 4447 tantum
1468 4395 1720 4463 temporis
1749 4395 1799 4448 in
1821 4395 1988 4466 Egy-

409 4487 501 4545 pto
527 4482 718 4531 versati
760 4479 1034 4548 recepistis
1068 4482 1312 4551 patriam,
1354 4499 1415 4538 ac
1459 4501 1643 4541 rursus
1680 4487 1891 4543 abducti
1932 4490 1986 4544 in

411 4569 735 4640 Babylonem
766 4570 1000 4625 rediistis
1025 4571 1410 4643 Jerosolymam
1443 4592 1456 4629 :
1487 4577 1645 4631 tertio
1670 4578 1769 4632 sub
1797 4579 1983 4633 Antio-

410 4659 513 4713 eho
537 4669 642 4714 tam
670 4662 835 4715 multa
864 4662 1006 4731 passi
1035 4664 1191 4729 mala,
1219 4664 1284 4718 ad
1317 4666 1594 4733 pristinum
1621 4669 1820 4723 reversi
1860 4672 1988 4726 estis

415 4759 631 4818 snitum,
653 4752 930 4817 sacriﬁcia,
963 4754 1147 4815 altare.
1177 4764 1354 4810 sancta
1397 4764 1697 4811 sanctorum
1733 4769 1787 4813 et
1813 4761 1988 4814 omnia

414 4857 535 4895 cum
562 4842 783 4911 pristina
825 4844 1098 4914 recepistis
1131 4846 1386 4915 dignitate
1414 4865 1427 4902 :
1461 4864 1600 4903 nunc
1637 4858 1813 4905 autem
1861 4852 1990 4907 nihil

414 4935 588 4988 simile
615 4934 810 4989 factum
839 4937 954 4990 est?
984 4937 1173 4992 Verum
1201 4954 1320 4993 cum
1358 4949 1569 4996 centum
1595 4943 1741 5008 anni,
1775 4944 1880 4998 imo
1908 4944 1992 5001 bis

415 5033 650 5091 centum,
688 5025 796 5080 imo
835 5036 938 5093 ter,
982 5026 1088 5082 imo
1114 5038 1303 5098 quater
1334 5039 1536 5085 tantum
1583 5033 1852 5105 multoque
1879 5050 1993 5089 am-

419 5118 552 5185 plius
590 5131 849 5171 annorum
880 5120 1231 5188 praeterierit:
1258 5136 1376 5173 nam
1412 5122 1496 5177 hic
1535 5125 1992 5194 quingentesimus

416 5226 478 5264 ex
518 5225 584 5264 eo
640 5218 876 5280 tempore
915 5211 1088 5281 agitur
1126 5227 1294 5266 annus
1349 5214 1402 5278 1;
1451 5230 1518 5268 ne
1556 5215 1990 5283 signiﬁcationem

414 5302 627 5370 quidem
649 5301 811 5354 ullam
829 5300 942 5370 ejus
963 5302 1268 5357 mutationis
1299 5303 1537 5358 videmus
1557 5305 1800 5360 alicunde
1827 5323 1991 5376 appa-

416 5409 562 5458 rere;
620 5394 713 5447 sed
757 5408 842 5449 res
894 5393 998 5448 illis
1040 5395 1273 5451 funditus
1323 5397 1604 5466 collapsas,
1650 5415 1712 5452 ac
1765 5415 1862 5453 nec
1901 5417 1994 5469 pt'l‘

414 5485 678 5539 somnium
700 5485 910 5554 quidem
934 5487 1094 5541 ullam
1114 5502 1262 5558 spem
1287 5490 1365 5543 eis
1392 5491 1619 5553 ostendi,
1648 5494 1994 5562 quemadmo-

415 5577 539 5631 dum
572 5578 736 5646 prius.
768 5578 978 5633 Etenim
1021 5579 1066 5633 si
1106 5592 1320 5649 peccata
1365 5595 1463 5636 sua
1493 5582 1803 5652 objicerent,
1845 5585 1990 5641 dice-

479 5757 492 5785 ¹
520 5758 687 5819 Longe
715 5756 795 5807 hic
813 5756 1003 5807 abcn'at
1028 5769 1141 5808 vera
1158 5755 1464 5819 ehronologia
1488 5757 1858 5824 Chrysostomus.

1600 326 1962 384 ADVERSUS
1998 325 2300 385 JUDJEOS.
2351 328 2430 383 τι

3540 335 3640 389 θίᾝ

2056 451 2317 510 rentque:
2351 442 2599 512 quoniaut
2646 444 2979 513 peccavimus
3024 444 3164 510 Deo,
3213 445 3640 516 oﬁendimusqne

2051 532 2219 601 illum,
2245 533 2363 589 ideo
2385 550 2490 589 non
2513 535 2800 606 recipimus
2833 549 3067 593 nostram
3095 539 3380 613 regionem,
3404 550 3459 593 et
3484 540 3526 593 si
3550 540 3637 608 qui

2053 625 2217 692 prius,
2242 640 2362 680 cum
2386 641 2415 681 a
2439 627 2711 697 prophetis
2731 639 3125 696 accusarentur,
3158 628 3492 700 impudenter
3512 647 3637 702 age-

2052 713 2197 779 bant,
2231 723 2391 786 atque
2430 718 2533 772 illis
2574 720 2828 774 atrociter
2854 721 3297 790 exprobrantibus
3324 721 3632 790 homicidia,

2052 807 2349 877 negabant,
2398 809 2558 864 iidem
2612 826 2754 866 nunc
2787 794 3168 868 conﬁterentur
3222 814 3641 885 damnarentque

2052 900 2268 971 propria
2294 910 2507 970 peccata
2539 920 2554 956 :
2581 903 2771 959 lubens
2795 905 2861 959 de
2879 905 3084 975 integro
3118 922 3546 978 unumquemque
3579 907 3639 961 il-

2052 989 2224 1044 lorum
2269 990 2733 1062 interrogaverim,
2781 1011 2924 1051 nunc
2962 1007 3180 1066 propter
3203 1009 3415 1067 peccata
3456 1008 3564 1064 tua,
3609 1016 3642 1050 o

2052 1081 2257 1150 Judtee,
2299 1093 2450 1140 extra
2492 1084 2881 1158 Jerosolymam
2913 1090 3027 1158 agis
3071 1099 3216 1145 tanto
3255 1090 3534 1161 tempore?
3578 1092 3642 1146 Et

2053 1173 2182 1243 quid
2217 1174 2353 1230 istuc
2393 1191 2590 1231 novum
2626 1186 2709 1232 est
2748 1188 2839 1233 aut
2874 1180 3103 1234 mirum?
3143 1180 3279 1236 Num
3324 1183 3464 1236 enim
3503 1197 3647 1237 nunc

2056 1273 2257 1319 tantum
2298 1267 2350 1320 in
2378 1269 2606 1337 peccatis
2632 1270 2829 1336 vivitis,
2881 1272 3024 1340 prius
3059 1273 3113 1326 in
3139 1272 3341 1341 justitia
3392 1281 3645 1343 recteque

2056 1355 2210 1413 factis
2256 1360 2402 1415 soliti
2449 1361 2667 1418 vivere?
2712 1363 2900 1419 Nonne
2939 1364 3049 1434 jam
3097 1366 3223 1420 olim
3280 1367 3347 1420 ab
3391 1367 3541 1421 initio
3590 1369 3642 1420 in

2056 1449 2533 1510 innumerabilibus
2563 1457 2795 1525 peccatis
2841 1458 3240 1512 versabamini?
3269 1460 3457 1513 Annon
3488 1461 3647 1513 inuu-

2057 1556 2201 1597 mera
2239 1544 2579 1614 reprehendit
2627 1546 2678 1600 in
2724 1547 2875 1602 vobis
2921 1547 3169 1603 Ezechiel
3201 1550 3477 1619 prepheta,
3521 1564 3642 1603 cum

2060 1633 2287 1691 induetis
2311 1637 2518 1693 duabus
2552 1641 2917 1695 meretricibus
2943 1640 3036 1696 Ola
3072 1652 3127 1697 et
3164 1640 3336 1709 Oliba,
3365 1642 3443 1698 sic
3470 1642 3647 1713 loqui.-

2062 1735 2190 1780 tur:
2225 1726 2470 1798 Lupanar
2507 1730 2798 1797 aedi/icastis
2827 1732 2878 1784 in
2904 1731 3155 1803 AE'gypto,
3201 1742 3249 1787 et
3294 1734 3550 1789 insanistis
3592 1734 3645 1785 in

2037 1818 2320 1898 barbaros,
2368 1831 2415 1875 et
2459 1822 2650 1877 alienos
2689 1823 2809 1878 deos
2846 1823 3072 1879 coluistis
3097 1824 3311 1894 (Ezcclt.
3339 1825 3643 1894 25)?Quid

2063 1915 2254 1983 porro?
2284 1912 2416 1971 Cum
2457 1931 2605 1970 mare
2630 1915 2937 1984 (inderetur,
2976 1934 3097 1973 cum
3124 1927 3288 1988 petra:
3332 1932 3645 1988 rumperen-

2065 2013 2171 2071 tur,
2198 2019 2318 2059 cum
2348 2013 2424 2060 tot
2465 2006 2719 2061 miracula
2746 2006 2936 2063 ﬁerent
2962 2008 3012 2062 in
3043 2008 3277 2074 deserto,
3308 2023 3485 2063 nonne
3511 2008 3649 2062 vitu-

2067 2096 2174 2150 lum
2219 2096 2523 2153 adorastis?
2547 2098 2737 2154 Nonne
2766 2099 2965 2154 Mosem
3003 2115 3142 2154 nunc
3173 2100 3437 2169 lapidibus
3474 2100 3644 2168 impe-

2069 2197 2259 2254 tentes,
2314 2203 2455 2243 nunc
2504 2190 2858 2259 expellentes;
2905 2206 3046 2246 nunc
3098 2191 3278 2245 multis
3324 2191 3496 2245 modis
3542 2189 3648 2245 l‘re-

2067 2287 2292 2350 quenter
2327 2280 2502 2335 conati
2541 2281 2671 2336 estis
2699 2281 2981 2337 occidere?
3010 2282 3198 2337 Nonne
3227 2283 3650 2352 perseverabatis

2067 2371 2424 2443 blaspltemias
2455 2373 2712 2449 jacientes
2759 2372 2810 2426 in
2856 2373 3058 2427 Deum?
3092 2372 3277 2428 Nonne
3321 2373 3653 2444 Beelphegor

2071 2461 2260 2517 initiati
2300 2462 2465 2518 estis?
2493 2463 2679 2519 Nonne
2710 2463 2845 2519 ﬁlios
2872 2473 3081 2519 vestros
3106 2479 3169 2520 ac
3215 2465 3347 2520 ﬁlias
3383 2466 3652 2520 sacriﬁca-

2071 2552 2168 2606 stis
2201 2552 2501 2620 daemoniis,
2545 2562 2601 2609 et
2628 2568 2787 2610 omne
2831 2555 3116 2624 impietatis
3147 2555 3455 2626 peccatique
3482 2571 3651 2626 genus

2071 2642 2384 2700 eshihuistis
2408 2645 2432 2697 ’ἐ
2455 2644 2642 2701 Nonne
2676 2644 2930 2716 propheta
2973 2645 3123 2701 vobis
3162 2645 3261 2700 sub
3286 2661 3515 2715 persona
3560 2646 3651 2700 Dei

2077 2736 2312 2806 loquitur
2339 2754 2351 2790 :
2382 2737 2735 2811 Quadraginta
2772 2755 2931 2793 annos
2975 2738 3201 2807 infensus
3230 2738 3307 2808 {ui
3350 2738 3657 2809 generationi

2074 2827 2213 2893 huic,
2242 2837 2288 2879 et
2311 2826 2439 2895 dixi,
2480 2845 2674 2899 semper
2708 2839 2877 2884 errant
2903 2830 3055 2884 corde
3083 2827 3256 2899 (Psal.
3286 2830 3373 2885 94.
3408 2828 3533 2898 10)?
3554 2828 3654 2896 Qui

2079 2917 2190 2972 ﬁeri
2225 2918 2414 2988 potuit,
2456 2928 2514 2974 ut
2556 2929 2664 2975 tum
2688 2936 2785 2975 vos
2828 2936 2931 2975 non
2976 2931 3313 2976 aversaretur
3356 2921 3515 2985 Deus,
3563 2921 3659 2974 sed

2080 3018 2198 3079 post
2239 3011 2611 3065 mactationem
2667 3011 2917 3077 ﬁliorum,
2966 3022 3088 3081 post
3134 3012 3393 3066 idolorum
3435 3013 3655 3072 cultum,

2080 3109 2199 3168 post
2242 3109 2438 3155 tantam
2486 3101 2897 3172 improbitatem,
2929 3112 3050 3172 post
3079 3101 3396 3157 ineﬁ‘abilem
3438 3102 3657 3172 ingrati-

2082 3192 2339 3259 tudinem,
2361 3193 2521 3247 etiam
2553 3193 2861 3263 prophetam
2890 3193 3028 3263 apud
3054 3208 3149 3248 vos
3174 3208 3296 3248 esse
3332 3209 3520 3264 passus
3556 3203 3658 3257 est,

2082 3299 2329 3353 magnum
2377 3284 2522 3337 illum
2571 3284 2792 3344 Mosrm,
2835 3285 3089 3355 signaque
3131 3284 3297 3338 edidit
3332 3284 3566 3338 miranda
3610 3295 3664 3338 et

2083 3374 2381 3445 prodigiosa
2408 3393 2422 3429 :
2453 3390 2675 3446 quaeque
2709 3376 2808 3431 sub
2827 3375 2931 3431 alio
2967 3376 3265 3430 mortalium
3292 3376 3502 3430 nemine
3527 3376 3662 3429 facta

2083 3475 2228 3533 sunt,
2276 3465 2390 3521 lnec
2433 3467 2571 3522 inter
2612 3483 2707 3522 vos
2746 3468 3105 3537 contigerunt,
3140 3468 3327 3523 nebula
3369 3482 3530 3537 su,er
3570 3483 3664 3521 vos

2085 3559 2208 3613 tecti
2231 3560 2344 3615 vice
2371 3571 2632 3629 porrecta,
2658 3561 2902 3614 columna
2930 3561 3159 3614 lucerna:
3191 3559 3310 3615 loco
3337 3575 3428 3613 vos
3460 3573 3661 3628 praece-

2085 3649 2260 3713 dente,
2292 3649 2532 3705 hostibus
2560 3651 2698 3705 ultro
2719 3650 3049 3716 cedentibus,
3078 3649 3377 3705 civitatibus
3401 3649 3512 3703 sola
3541 3664 3664 3718 pro-

2088 3741 2368 3809 petundum
2409 3757 2542 3808 voce
2580 3741 2788 3811 captis?
2823 3741 2939 3795 Non
2983 3741 3149 3795 armis
3174 3741 3323 3795 vobis
3358 3756 3493 3810 opus
3530 3748 3665 3805 erat,

2088 3849 2193 3888 non
2219 3834 2352 3899 acie,
2384 3850 2487 3889 non
2522 3850 2728 3904 pugna;
2758 3835 2882 3904 quin
2914 3835 3083 3888 solum
3107 3833 3414 3888 insonuistis
3443 3834 3586 3893 tuba,
3614 3842 3670 3886 et

2088 3926 2227 3981 uitro
2267 3926 2460 3979 mmnia
2487 3934 2822 3980 corruerunt.
2857 3925 3236 3994 Suppeditatus
3268 3934 3352 3978 est
3380 3924 3530 3977 vobis
3574 3939 3669 3976 no-

2087 4032 2185 4071 vus
2224 4016 2437 4086 quidam
2479 4024 2535 4070 et
2561 4015 2825 4069 inauditus
2866 4023 3214 4079 commeatus,
3253 4013 3320 4067 de
3347 4028 3452 4083 quo
3477 4013 3672 4067 clamat

2090 4107 2344 4177 prephela
2370 4105 2588 4160 dicens:
2617 4104 2812 4158 Panem
2838 4104 2948 4157 creti
2976 4103 3113 4156 dedit
3140 4104 3230 4168 eis,
3260 4117 3440 4169 panem
3466 4101 3669 4172 angelo-

2089 4214 2201 4252 rum
2248 4196 2461 4250 comedit
2505 4195 2694 4249 homo:
2719 4193 2908 4248 cibaria
2960 4194 3092 4247 misit
3145 4192 3216 4245 eis
3260 4192 3313 4245 in
3360 4190 3670 4244 abundantia

2092 4288 2262 4362 (Psal.
2296 4288 2384 4342 77.
2421 4286 2538 4356 25).
2568 4286 2770 4355 Quibus
2806 4286 2966 4357 igitur
2991 4285 3056 4339 de
3096 4284 3291 4347 causis,
3331 4284 3491 4339 dicite
3517 4283 3668 4343 mihi.

2093 4390 2219 4435 tunc
2245 4387 2591 4448 aspernantes
2629 4378 2815 4441 Deum,
2856 4376 3139 4432 simulacra
3179 4376 3437 4441 colentes,
3475 4374 3682 4433 liberos,

2093 4479 2405 4536 mactantes,
2436 4469 2722 4539 prophetas
2744 4467 3002 4540 lapidibus
3038 4467 3348 4532 obruentes,
3394 4466 3670 4520 innumera

2093 4560 2294 4621 scelera
2313 4570 2700 4634 perpetrantes,
2724 4569 2922 4615 tantam
2950 4558 3369 4615 benevolentiam
3391 4557 3519 4613 estis
3541 4572 3672 4611 con-

2094 4657 2326 4728 sequuti,
2383 4661 2583 4709 tantam
2631 4667 2662 4707 a
2712 4652 2822 4707 Deo
2865 4651 3248 4722 providentiam
3288 4668 3302 4704 :
3337 4663 3479 4704 nunc
3523 4664 3673 4709 vero,

2094 4763 2216 4804 cum
2244 4763 2342 4804 nec
2368 4749 2505 4803 idola
2533 4746 2743 4812 colatis,
2772 4761 2872 4800 nec
2895 4745 3092 4801 liberos
3117 4742 3386 4807 occidatis,
3422 4755 3521 4797 nec
3551 4756 3673 4817 pro-

2093 4841 2570 4911 phetaslapidetis,
2604 4840 2654 4894 in
2679 4847 2935 4910 perpetua
2962 4837 3151 4909 degitis
3177 4834 3517 4906 captivitate?
3542 4833 3672 4887 Num

2094 4935 2236 4991 enim
2281 4945 2389 4988 tum
2430 4935 2562 4989 alius
2605 4945 2718 4988 crat
2765 4933 2921 4997 Deus,
2962 4947 3121 5001 quam
3173 4944 3316 4985 nune
3335 4928 3452 4983 est?
3482 4928 3675 4980 Annon

2096 5026 2235 5080 idem
2264 5035 2364 5088 est,
2395 5027 2484 5094 qui
2514 5031 2622 5079 tum
2669 5025 2753 5079 illa
2796 5022 3143 5094 gubernabat,
3186 5029 3242 5076 et
3267 5021 3361 5090 qui
3393 5032 3533 5072 nunc
3559 5031 3675 5086 qute

2098 5117 2229 5171 ﬁunt
2277 5115 2564 5184 Operatur?
2612 5115 2751 5183 Quid
2799 5113 2957 5184 igitur
3004 5113 3057 5167 in
3095 5126 3254 5167 causa
3297 5109 3410 5175 fuit,
3461 5117 3516 5162 ut
3553 5122 3675 5162 cum

2097 5205 2428 5275 gravioribus
2457 5206 2688 5275 peccatis
2728 5203 3088 5267 abundaretis,
3129 5201 3344 5256 uberior
3370 5200 3527 5254 fuerit
3552 5214 3677 5266 erga

2099 5314 2194 5354 vos
2221 5300 2311 5354 Dei
2342 5298 2692 5354 beneﬁcentia
2719 5315 2734 5361 ;
2767 5312 2906 5350 nunc
2947 5310 3093 5361 vero,
3122 5309 3241 5348 cum
3270 5293 3465 5348 leviora
3493 5304 3677 5360 pecca-

2102 5392 2185 5453 tis,
2237 5404 2451 5458 prorsus
2499 5402 2598 5442 vos
2640 5396 2935 5453 aversetur,
2982 5395 3356 5455 perpetuazque
3402 5379 3676 5434 tradiderit

2101 5480 2400 5551 ignominia:
2419 5478 2445 5530 ?
2466 5477 2675 5532 Etenim
2707 5477 2750 5530 si
2775 5492 2871 5533 vos
2896 5492 3034 5531 nunc
3057 5475 3127 5529 oh
3151 5476 3351 5528 scelera
3379 5483 3672 5534 aversatur,

2100 5573 2268 5628 multo
2308 5571 2475 5641 magis
2518 5578 2643 5624 tunc
2680 5569 2931 5639 oportuit.
2960 5567 3111 5637 Quod
3156 5567 3199 5621 si
3240 5575 3364 5620 tunc
3391 5580 3484 5618 vos
3513 5563 3675 5619 susti-

2100 5668 2213 5721 nuit
2242 5665 2404 5736 impie
2432 5664 2692 5727 viventes,
2723 5676 2864 5715 nunc
2886 5662 3050 5714 multo
3076 5659 3240 5727 magis
3274 5656 3551 5727 oportebat
3588 5668 3674 5707 su~

2102 5759 2320 5824 stinere,
2354 5772 2473 5812 cum
2507 5754 2637 5809 nihil
2685 5752 2855 5808 simile
2880 5751 3237 5806 cotnutittatis.
3271 5750 3436 5815 Quam
3464 5743 3530 5800 ob
3557 5756 3666 5795 rem
