4084 6186
513 278 610 331 907

466 434 473 440 .
510 388 670 457 igitur
719 406 824 447 non
867 396 1159 450 sustinuit?
1204 398 1260 453 Si
1289 416 1381 455 vos
1426 404 1588 466 pudet
1619 421 1832 463 causam
1875 411 2075 487 dicere,

514 496 610 549 ego
638 481 864 538 dilucide
889 486 1209 555 profitebor;
1244 490 1349 545 imo
1378 494 1550 560 potius
1568 512 1673 550 non
1699 514 1819 569 ego,
1850 501 1944 556 sed
1972 481 2083 569 ipsa

516 587 686 626 rerum
721 575 931 632 veritas.

584 682 696 736 N617
708 685 892 743 Christi
909 690 1104 747 Iudaeis
1116 710 1268 748 causa
1287 699 1914 777 malorum—Postquam
1930 710 2082 766 Chri-

508 787 647 830 sutm
678 780 967 848 occidistis,
993 797 1268 856 postquam
1297 789 1349 843 in
1380 791 1657 848 Dominum
1681 797 1935 867 injecistis
1963 819 2078 856 ma-

509 881 627 932 nus,
657 878 931 940 postquam
957 877 1267 945 sanguinem
1289 878 1436 934 illum
1469 885 1755 950 pretiosum
1787 889 2075 958 effudistis;

509 970 792 1028 propterea
813 972 1017 1016 nonest
1038 965 1185 1018 vobis
1211 966 1413 1038 reliqua
1437 974 1732 1043 corrigendi
1767 992 1888 1046 spes
1909 996 2081 1052 neque

508 1048 677 1116 venia,
710 1066 880 1122 neque
908 1056 1167 1125 purgatio.
1192 1058 1324 1113 Tum
1355 1062 1496 1116 enim
1528 1080 1647 1134 qua:
1688 1084 1780 1135 per
1807 1072 2077 1129 audaciam

503 1144 868 1212 perpetrastis,
916 1146 968 1200 in
1011 1162 1195 1205 servos
1244 1157 1608 1222 perpetrastis.
1661 1160 1710 1212 in
1759 1162 1977 1233 Mosem,
2028 1167 2077 1220 in

508 1231 717 1299 Isaiam,
752 1236 802 1290 in
830 1236 1153 1306 Jeremiam;
1199 1250 1308 1297 tum
1361 1249 1570 1301 tametsi
1628 1251 1869 1320 impietas
1903 1259 2076 1326 aliqua

502 1325 954 1394 couunittebatur,
1010 1340 1065 1385 at
1092 1331 1310 1387 audacia
1347 1336 1580 1391 nondum
1622 1355 1952 1409 processerat
1991 1325 2078 1400 us-

502 1428 605 1478 que
639 1414 704 1466 ad
734 1417 991 1472 malorum
1018 1433 1195 1491 caput.
1237 1423 1385 1479 Nunc
1426 1437 1603 1484 autem
1635 1435 1809 1488 omnia
1835 1446 2074 1494 veterum

503 1501 734 1558 facinora
762 1509 1073 1576 superastis,
1105 1528 1203 1567 nec
1228 1514 1389 1568 ullum
1414 1529 1560 1573 retro
1584 1522 1866 1592 reliquistis
1886 1530 2073 1598 nequi-

503 1590 587 1645 tia:
627 1595 859 1662 culmen,
900 1599 968 1653 ob
1011 1601 1301 1672 insaniam,
1347 1622 1448 1676 qua
1496 1609 1800 1667 debaccltati
1853 1619 1981 1673 estis
2021 1620 2070 1672 in

500 1678 788 1751 Christum,
818 1701 986 1755 eoque
1013 1705 1149 1745 nunc
1168 1697 1437 1762 graviores
1464 1699 1607 1753 luitis
1636 1717 1838 1771 paruas.
1862 1706 2071 1765 Etenim

498 1771 542 1824 si
567 1769 683 1827 haec
721 1787 930 1831 nonest
957 1794 1113 1835 causa
1147 1783 1446 1852 ignominia:
1487 1799 1697 1860 vestrae,
1732 1809 1898 1863 quare
1933 1799 2073 1858 Deus

498 1873 593 1913 vos
615 1870 727 1914 tum
749 1863 1063 1921 occidentes
1086 1869 1287 1925 liberos
1311 1883 1521 1931 vestros
1538 1879 1964 1947 toleravit,nuuc
1981 1903 2073 1942 au-

499 1959 604 2004 tem
621 1965 651 2005 a
668 1951 868 2009 talibus
889 1955 1232 2017 abstinentes
1251 1970 1563 2023 aversatur?
1581 1970 1860 2041 Siquidem
1881 1980 2068 2036 occiso

495 2039 711 2103 Christo
734 2046 912 2112 majus
939 2051 1269 2124 graviusque
1300 2060 1481 2114 scelus
1513 2065 2070 2139 commisistis,quam

498 2130 544 2181 si
586 2139 932 2192 mactassetis
966 2140 1187 2205 liberos,
1228 2159 1277 2199 et
1301 2162 1517 2202 omnem
1549 2153 1716 2213 legem
1737 2156 2055 2217 violassetis.

567 2224 620 2277 5.
665 2225 907 2282 Etiamne
959 2233 1178 2299 posthac
1221 2239 1484 2295 audebitis
1510 2243 1652 2297 illum
1679 2262 1868 2304 vocare
1900 2251 2066 2322 impo-

492 2325 691 2368 storem
720 2330 783 2371 ac
812 2316 942 2388 legis
969 2330 1419 2393 trausgrcssorem
1477 2347 1540 2386 ac
1566 2350 1668 2390 non
1697 2340 1870 2407 potius
1889 2343 2066 2414 aliquo

490 2403 821 2474 scccdentes,
868 2425 961 2466 vos
1004 2412 1148 2481 ipsos
1186 2420 1552 2489 occultabitis,
1604 2403 1712 2496 qui—
1729 2429 1858 2499 ipsis
1898 2436 2067 2491 oculis

490 2492 796 2551 intueamini
837 2509 939 2553 tam
970 2505 1270 2563 evidentem
1298 2513 1616 2570 veritatem?
1645 2517 1852 2576 Etenim
1889 2522 1935 2576 si
1960 2524 2059 2579 im-

492 2592 673 2651 postor
688 2598 803 2643 erat
824 2589 998 2660 Jesus,
1028 2604 1082 2648 ut
1107 2596 1300 2662 dicitis,
1322 2602 1552 2673 legisque
1575 2616 1949 2679 trausgressor,
1972 2630 2067 2683 par

487 2686 621 2740 erat‘,
651 2689 706 2731 ttt
729 2679 852 2737 hinc
879 2686 1035 2740 etiam
1061 2689 1271 2745 laudem
1297 2692 1523 2763 fcrretis,
1551 2700 1640 2766 qui
1673 2704 1827 2758 talem
1850 2706 2063 2763 occide-

489 2771 635 2825 rctis.
664 2771 795 2829 Nam
819 2777 862 2830 si
892 2778 1116 2837 Phiuees
1147 2790 1299 2840 unico
1327 2797 1525 2844 tantum
1550 2806 1823 2865 perempto
1850 2798 2063 2855 homine

488 2868 648 2913 totam
671 2865 900 2920 numinis
924 2869 1053 2924 iram
1075 2872 1328 2930 adversus
1348 2881 1595 2948 populth
1622 2887 2060 2947 exardescentem

484 2947 685 3004 sedavit
719 2971 730 3005 :
784 2955 940 3013 Stetit
995 2962 1149 3029 enim,
1188 2965 1372 3035 inquit,
1420 2947 1655 3039 Pltinces,
1694 2986 1741 3030 et
1776 2979 1991 3048 placavit
2015 2993 2062 3037 et

482 3042 688 3094 cessavit
737 3048 988 3107 quassatio
1041 3051 1211 3121 (Psal.
1259 3057 1379 3114 105.
1421 3060 1549 3133 30);
1605 3042 1787 3138 totque
1820 3069 2061 3128 homines

480 3132 673 3201 eripuit
696 3134 764 3190 ab
789 3137 861 3191 ira
889 3138 1062 3195 divina
1091 3147 1245 3202 unius
1271 3148 1500 3207 hominis
1524 3156 1671 3212 cmde
1704 3175 1719 3212 :
1750 3162 1917 3219 multo
1943 3179 2058 3219 ma-

479 3222 558 3291 gis
585 3224 698 3279 lucc
732 3227 882 3284 vobis
909 3237 1143 3301 oportuit
1165 3238 1426 3309 accidere,
1468 3245 1512 3298 si
1541 3245 1670 3316 legis
1703 3259 2061 3321 transgressor

480 3323 614 3378 erat,
646 3332 802 3387 quem
840 3337 931 3377 vos
960 3328 1315 3386 crucifixistis.
1351 3333 1458 3388 Cur
1483 3336 1657 3406 igitur,
1686 3356 1886 3409 qua-5n,
1930 3344 2057 3400 Phi-

480 3421 629 3472 uees,
650 3409 763 3464 viro
782 3411 910 3481 legis
929 3423 1318 3487 transgressore
1340 3439 1633 3497 perempto,
1655 3430 1823 3499 justus
1851 3435 2058 3493 habitus

476 3506 578 3563 est,
614 3508 667 3551 et
701 3503 999 3560 sacerdotio
1035 3505 1325 3567 honoratus
1355 3514 1431 3584 (Ν
1440 3532 1544 3571 nm.
1573 3518 1661 3573 25.
1694 3521 1788 3592 7)?
1828 3523 1933 3580 Vos
1955 3542 2054 3581 au-

480 3596 583 3639 tem
614 3603 733 3642 cum
762 3592 813 3644 in
843 3609 1054 3649 crucem
1075 3600 1292 3666 egeritis
1316 3604 1484 3658 virum
1514 3607 1871 3680 impostorem,
1898 3626 1953 3670 ut
1972 3617 2057 3673 di-

473 3673 618 3739 citis,
666 3677 882 3748 Deoque
922 3682 1291 3743 adversantem
1332 3706 1346 3743 :
1397 3694 1488 3762 qui
1520 3673 1603 3760 fit,
1643 3708 1700 3752 ut
1736 3716 1841 3756 non
1858 3673 2056 3762 feratis

476 3767 684 3822 laudent
707 3780 761 3826 et
777 3771 1053 3842 honorem,
1078 3794 1260 3833 verum
1283 3783 1440 3838 etiam
1469 3789 1741 3844 acerbiora
1765 3798 1901 3862 passi
1916 3799 2053 3869 sitis,

474 3854 630 3929 quam
661 3878 778 3917 cum
807 3865 943 3922 filios
961 3877 1166 3924 vestros
1187 3878 1527 3933 mactaretis?
1555 3881 1744 3938 Annon
1765 3854 1907 3943 istud
1938 3854 2059 3959 per:

471 3953 711 4023 spicnum
739 3966 820 4011 est
852 3958 930 4012 vel
968 3958 1264 4030 hebetibus,
1291 3982 1385 4022 vos
1420 3971 1538 4039 quia
1577 3974 1832 4035 adversus
1861 3979 2054 4036 Serva-

472 4056 642 4101 torem
679 4063 740 4104 ac
770 4050 1062 4123 principem
1091 4055 1234 4111 orbis
1259 4059 1418 4129 impie
1442 4065 1643 4133 egiSIis.
1686 4071 1776 4124 tali
1811 4071 2053 4128 vindicta:

470 4140 692 4208 subjici?
734 4144 800 4197 Et
843 4163 981 4200 nunc
1018 4164 1145 4204 sane
1183 4150 1458 4209 abstinetis
1493 4173 1522 4210 a
1550 4161 1750 4215 nefario
1775 4168 2047 4234 sanguine,

470 4234 686 4290 sabbata
726 4240 970 4306 servatis,
1006 4252 1113 4296 tum
1143 4258 1273 4300 vero
1300 4246 1467 4314 ipsum
1503 4251 1662 4306 etiam
1688 4254 1891 4310 sabbati
1911 4255 2052 4312 diem

472 4326 768 4382 violabatis.
806 4330 874 4385 At
900 4347 1023 4387 ecce
1056 4333 1194 4390 Deus
1223 4350 1317 4405 per
1338 4337 1622 4394 Jeremiam
1649 4345 1891 4411 promisit
1912 4346 2046 4413 fore,

469 4427 525 4470 ut
568 4432 807 4487 parceret
860 4423 1055 4477 civitati
1101 4436 1314 4493 vestrae,
1373 4431 1416 4484 si
1473 4431 1799 4490 desisteretis
1842 4448 2050 4507 gestare

468 4523 630 4562 onera
659 4509 879 4565 sabbato
895 4512 1024 4577 (Jer.
1050 4515 1136 4569 l7.
1164 4514 1277 4588 2|).
1304 4518 1405 4574 Sed
1439 4520 1539 4576 hoc
1564 4539 1704 4578 nunc
1732 4525 1922 4590 facitis,
1951 4544 2048 4584 ue-

466 4614 569 4667 que
596 4601 813 4669 gestatis
847 4618 1007 4657 onera
1042 4606 1296 4673 sabbato;
1341 4618 1571 4668 attamen
1612 4629 1679 4668 ne
1718 4615 1795 4670 sic
1834 4617 2046 4686 quidem

468 4692 616 4749 vobis
644 4696 1013 4752 reconciliatur
1047 4698 1156 4754 ille.
1197 4699 1328 4756 Nam
1359 4714 1629 4771 peccatum
1659 4706 1784 4762 illud
1810 4719 2043 4766 vestrum

462 4795 577 4840 erat
622 4788 857 4841 omnium
906 4790 1213 4853 maximum,
1266 4803 1321 4846 ut
1364 4794 1459 4849 ista
1500 4797 1650 4853 vobis
1687 4803 1956 4857 excusatio
1979 4801 2047 4859 de

466 4877 695 4946 peccatis
737 4894 1127 4948 supervacanea
1155 4882 1243 4937 sit.
1270 4884 1383 4938 Non
1411 4889 1551 4940 enim
1597 4888 1666 4943 ob
1702 4900 1895 4947 caetera
1919 4894 2043 4950 vitae

460 4971 764 5034 commissa,
792 4971 888 5026 sed
923 4984 1136 5042 promer
1161 4975 1286 5031 illud
1311 4975 1511 5033 facinus
1536 4981 1587 5034 in
1624 4981 1706 5037 his
1741 4986 1869 5039 estis
1897 4987 2043 5041 cala-

461 5067 755 5123 mitatibus.
784 5068 935 5136 Quod
963 5069 1015 5123 ni
1041 5070 1118 5124 sic
1146 5069 1385 5138 haberet,
1416 5073 1555 5129 Deus
1576 5075 1714 5132 haud
1740 5095 1833 5133 vos
1858 5080 2042 5135 fuisset

461 5160 659 5215 tamdiu
679 5172 974 5227 aversatus,
1000 5162 1208 5217 etiamsi
1238 5166 1511 5221 innumera
1531 5169 1633 5222 alia
1662 5183 1875 5238 peccata
1894 5188 2040 5227 com-

460 5251 755 5307 tuisissetis.
801 5251 855 5306 ld
898 5269 1016 5307 cum
1063 5255 1398 5324 perspicuum
1435 5258 1505 5312 sit
1541 5275 1604 5314 ex
1644 5263 1888 5319 oumibus
1920 5280 2037 5333 qua:

456 5345 596 5399 dicta
625 5354 769 5411 sunt,
795 5360 857 5399 ex
876 5343 997 5411 hoc,
1029 5346 1167 5415 quod
1193 5346 1429 5403 dicturus
1448 5366 1586 5416 sum,
1611 5351 1711 5405 erit
1733 5352 2030 5411 dilucidius.

457 5434 592 5501 Quid
621 5445 703 5489 est
734 5435 874 5490 hoc?
898 5437 1207 5497 Audivimus
1234 5439 1396 5495 Deum
1420 5442 1608 5497 crebro
1634 5459 1726 5511 per
1755 5445 2034 5514 prOphetas

457 5526 719 5579 dicentem
754 5527 1041 5596 majoribus
1067 5529 1298 5589 vestris:
1339 5528 1441 5585 Vos
1480 5533 1682 5602 quidem
1719 5537 1867 5591 eratis
1896 5538 2034 5606 digni

458 5610 616 5671 malis
637 5612 949 5682 innumeris,
965 5628 1123 5688 atego
1143 5621 1285 5689 facio
1308 5632 1523 5693 propter
1544 5640 1729 5676 nomen
1758 5639 1949 5687 meum,
1967 5637 2027 5677 ηρ

456 5703 771 5775 profanetur
798 5707 931 5763 inter
961 5709 1145 5768 Gentes
1167 5713 1384 5784 (Ezeclt.
1410 5716 1499 5772 '56.
1522 5716 1636 5775 2i).
1660 5716 1725 5769 Et
1753 5732 1968 5771 rursum
2009 5733 2022 5771 :

1246 287 1302 342 S.
1342 288 1618 347 JOANNIS
1655 293 2121 356 CIIRYSOSTOEH
2156 305 2464 366 ARCHIEP.
2503 314 3034 379 CONSTANTINOP.

3637 333 3740 392 903

2184 413 2309 472 Non
2332 430 2544 488 propter
2567 439 2654 476 vos
2674 441 2765 495 ego
2793 426 2955 493 facio,
2982 429 3169 485 domus
3201 431 3395 499 Israel,
3430 440 3517 492 sed
3534 457 3748 513 propter

2177 523 2364 562 nomen
2394 527 2563 564 meum
2586 510 2687 584 (fit.
2722 532 2769 569 υ.
2791 516 2902 576 52).
2936 518 3143 578 Sensus
3166 535 3347 579 autem
3368 527 3456 585 hic
3482 541 3566 587 est
3586 551 3601 590 :
3621 510 3750 592 era-

2176 599 2247 650 tis
2272 601 2490 668 quidem
2521 607 2870 672 gravioribus
2900 610 3051 683 digni
3098 617 3382 686 suppliciis
3411 636 3476 675 ac
3514 627 3694 693 pcenis
3728 645 3744 686 :

2174 706 2363 747 verum
2388 709 2454 750 ne
2472 697 2596 765 quis
2624 698 2852 766 diceret,
2882 705 3030 772 quod
3056 706 3219 772 Deus,
3250 725 3376 765 cum
3411 714 3482 768 ob
3504 715 3745 788 inepiam

2175 782 2370 838 virium
2400 801 2509 841 non
2538 801 2724 858 posset
2741 807 2981 860 servare,
2998 798 3219 869 reliquit
3243 800 3462 861 Judaeos
3490 807 3543 860 in
3565 811 3748 864 mani-

2173 874 2272 930 bus
2305 877 2570 944 hostium,
2596 883 2834 940 auxilior
2866 896 2921 941 et
2951 892 3230 962 prospicio
3262 898 3439 953 vobis.
3471 900 3663 971 Itaque
3697 907 3744 959 si

2167 965 2303 1036 legis
2340 976 2714 1042 transgressor
2747 988 2864 1032 erat
2895 980 3168 1045 Christus,
3199 1000 3364 1055 quem
3393 1005 3491 1046 vos
3522 994 3747 1049 cruciﬁ-

2166 1064 2345 1122 vistis,
2382 1065 2601 1120 etiamsi
2632 1067 2816 1125 decies
2858 1072 3007 1128 mille
3040 1086 3261 1144 peccata
3289 1083 3738 1154 commisissetis,

2163 1153 2334 1209 multo
2355 1155 2520 1210 etiam
2551 1160 2830 1227 prioribus
2868 1163 2979 1219 illis
3003 1167 3255 1236 graviora
3283 1188 3298 1225 :
3332 1172 3581 1240 profecto
3611 1153 3739 1243 pro;

2161 1250 2282 1309 pter
2339 1244 2442 1300 hoc
2498 1246 2701 1303 factum
2753 1265 3027 1311 servasset
3073 1274 3171 1314 vos
3211 1259 3373 1328 Deus,
3419 1260 3489 1319 ne
3535 1281 3733 1322 nomen

2160 1332 2332 1400 ipsius
2367 1337 2721 1406 pollueretur,
2759 1360 2827 1399 ne
2866 1346 2957 1402 ille
3001 1364 3098 1420 pro
3137 1366 3339 1423 magno
3362 1355 3597 1424 quodam
3631 1358 3733 1412 ha-

2159 1424 2398 1488 beretur,
2438 1445 2576 1487 neve
2612 1435 2736 1503 quis
2782 1438 3017 1503 diceret,
3050 1456 3149 1497 vos
3198 1443 3374 1513 ipsius
3421 1462 3586 1504 causa
3615 1450 3732 1506 htec

2156 1511 2279 1578 pati.
2308 1512 2457 1580 Quod
2487 1517 2529 1571 si
2565 1517 2767 1575 videtur
2789 1523 2858 1576 ob
2874 1539 3020 1578 suam
3050 1511 3462 1600 ipsittsgloriam
3488 1534 3731 1591 relaxare

2155 1610 2389 1668 peccata,
2421 1605 2585 1659 multo
2609 1610 2774 1678 magis
2803 1609 2903 1666 hoc
2928 1630 3066 1669 ηιηιο
3096 1626 3212 1671 erat
3236 1619 3501 1686 facturus;
3535 1633 3589 1677 et
3624 1640 3732 1679 etc-

2151 1688 2270 1742 detn
2294 1690 2427 1747 hanc
2449 1704 2718 1765 acceptam
2755 1702 3042 1769 habuisset,
3083 1721 3145 1760 ac
3172 1708 3561 1766 multitudinem
3601 1729 3729 1782 pec-

2150 1789 2388 1837 catorum
2418 1795 2711 1842 vestrorum
2739 1790 3044 1851 delcvisset.
3068 1796 3330 1855 Caeterum
3355 1805 3642 1871 quoniam,
3672 1818 3727 1862 ut

2151 1882 2388 1940 apparet,
2420 1890 2513 1930 vos
2534 1889 2787 1947 perpetuo
2811 1895 3106 1954 aversatur,
3151 1891 3320 1959 palam
3350 1905 3432 1948 est
3477 1910 3599 1949 eum
3635 1914 3731 1966 per

2153 1958 2287 2017 hanc
2313 1963 2443 2019 iram
2487 1977 2541 2022 et
2580 1981 2886 2040 perpetuam
2930 1958 3329 2037 derelictionem
3362 1984 3729 2044 demonstrare

2151 2055 2308 2104 etiam
2348 2055 2822 2124 impudentioribus
2846 2079 2990 2129 eum,
3028 2068 3117 2138 qui
3150 2085 3180 2125 a
3207 2073 3356 2128 vobis
3388 2078 3598 2131 occisus
3618 2088 3723 2145 est,

2151 2155 2253 2194 non
2280 2142 2440 2200 fuisse
2463 2155 2906 2220 transgressorem
2938 2156 3089 2227 legis,
3128 2160 3222 2216 sed
3242 2161 3414 2230 ipsum
3436 2167 3568 2234 legis
3592 2182 3725 2222 con-

2147 2233 2396 2304 ditorem,
2420 2247 2475 2292 et
2494 2239 2955 2302 innumerabilium
2983 2248 3245 2307 bonorum
3278 2266 3552 2312 auctorem
3578 2261 3727 2315 vobis

2145 2325 2442 2384 advenisse.
2474 2329 2600 2387 Ideo
2625 2349 2720 2390 vos
2738 2337 2827 2405 qui
2859 2339 3020 2409 impie
3048 2342 3247 2400 fecistis
3267 2345 3522 2403 adversus
3552 2350 3723 2414 illum,

2147 2416 2197 2470 in
2215 2421 2530 2477 contumelia
2557 2432 2613 2480 et
2633 2425 2916 2497 ignominia
2940 2431 3163 2502 degitis:
3194 2450 3292 2490 nos
3318 2452 3446 2493 vero
3460 2439 3549 2509 qui
3579 2441 3724 2496 illum

2142 2509 2446 2580 adoramus,
2472 2525 2625 2571 antea
2657 2520 2804 2575 vobis
2832 2524 3077 2597 omnibus
3099 2526 3441 2596 ignobiliores
3461 2571 3477 2596 ,
3520 2530 3726 2587 honore

2145 2615 2237 2654 vos
2262 2618 2447 2660 omnes
2473 2610 2839 2677 przecedimus,
2886 2629 3086 2683 perque
3113 2615 3209 2672 Dei
3235 2620 3461 2687 gratiam
3494 2636 3723 2678 venera-

2144 2688 2356 2746 biliores
2391 2695 2540 2751 vobis
2568 2700 2813 2756 omnibus
2837 2717 3022 2760 sumus
3055 2716 3111 2760 et
3142 2706 3196 2761 in
3233 2708 3435 2777 majore
3469 2710 3727 2780 dignitate

2142 2781 2430 2838 constituti.
2461 2787 2526 2841 Et
2547 2787 2687 2845 unde
2712 2790 2896 2861 liquet,
2937 2794 3199 2864 inquiunt,
3243 2799 3382 2869 quod
3414 2815 3511 2856 nos
3531 2804 3726 2873 repulit

2146 2873 2320 2929 Deus?
2343 2875 2535 2942 Quaeso
2562 2890 2633 2946 te,
2653 2882 2887 2940 etiamne
2911 2901 3047 2956 opus
3069 2896 3153 2942 est
3182 2888 3283 2944 hoc
3299 2891 3477 2947 verbis
3499 2891 3722 2948 demon-

2140 2974 2330 3031 strare,
2359 2981 2480 3022 cum
2502 2969 2616 3038 ipsa
2630 2989 2718 3028 res
2736 2974 2989 3042 clamitet,
3011 2991 3074 3033 ac
3093 2993 3276 3035 vocem
3301 2980 3421 3035 tuba
3434 2978 3719 3039 clariorem

2140 3055 2363 3125 emittat,
2415 3066 2523 3114 tum
2566 3077 2665 3132 per
2692 3064 2838 3121 urbis
2873 3067 3225 3136 eversionem,
3257 3078 3366 3126 tum
3401 3087 3496 3142 per
3533 3075 3719 3144 templi

2137 3146 2548 3206 destructionem
2590 3161 2698 3209 tum
2729 3170 2826 3225 per
2851 3165 3043 3213 cmtera
3071 3160 3272 3227 omnia,
3314 3161 3489 3218 adlmc
3523 3164 3715 3219 verbo-

2138 3254 2254 3293 rum
2277 3238 2781 3303 demonstrationem
2819 3247 3166 3305 desideratis?
3207 3251 3403 3308 Verum
3448 3254 3715 3321 homines,

2138 3329 2396 3399 inquiunt,
2429 3334 2584 3390 nobis
2625 3336 2739 3393 haec
2759 3337 3067 3407 intulerunt,
3098 3355 3203 3397 non
3234 3343 3391 3399 Deus.
3437 3342 3550 3399 lmo
3578 3346 3716 3403 Deus

2138 3420 2234 3476 ista
2257 3422 2588 3509 potissimum
2614 3427 2807 3484 eﬂ'ecit.
2833 3429 2986 3498 Quod
3009 3433 3055 3487 si
3075 3431 3191 3489 haec
3214 3432 3516 3493 hominibus
3539 3438 3716 3506 impu-

2139 3526 2236 3579 tas,
2263 3516 2395 3572 illud
2432 3532 2644 3574 rursum
2685 3523 2981 3588 considera,
3009 3524 3170 3594 quod,
3211 3526 3313 3581 etsi
3340 3525 3582 3584 homines
3615 3530 3713 3585 ista

2135 3604 2327 3662 fuerint
2363 3610 2498 3676 ausi,
2542 3610 2640 3665 nisi
2682 3612 2791 3668 Deo
2837 3613 3139 3682 placuisset,
3185 3631 3291 3671 non
3323 3619 3622 3686 potuissent
3646 3620 3713 3675 ad

2133 3696 2379 3753 effectura
2406 3700 2715 3770 perducere.
2738 3703 2867 3759 Cum
2886 3705 3042 3775 igitur
3062 3707 3301 3764 irruisset
3320 3708 3408 3763 ille
3434 3710 3711 3778 barbarus,

2136 3798 2296 3842 totam
2326 3790 2595 3846 Persidem
2624 3806 2805 3848 secum
2830 3793 3049 3863 ducens,
3095 3811 3316 3867 sperans
3344 3799 3478 3862 fore,
3509 3808 3566 3855 ut
3590 3817 3709 3856 unt-

2136 3895 2317 3935 versos
2337 3880 2552 3936 adortus
2575 3892 2811 3963 caperet,
2855 3885 3120 3941 civitatem
3152 3896 3314 3943 totam
3344 3891 3487 3946 velut
3514 3907 3709 3963 sagena

2132 3973 2356 4043 quadam
2379 3990 2441 4029 ac
2461 3975 2560 4029 reti
2585 3960 2888 4032 conclusam
2919 3978 3143 4036 habebat
3173 3997 3189 4037 :
3216 3998 3392 4037 nonne
3413 3993 3557 4047 tunc,
3586 3995 3708 4040 tunc

2134 4064 2365 4133 inquam,
2405 4064 2652 4133 quoniam
2682 4066 2816 4122 Deus
2847 4081 2961 4125 erat
2994 4070 3143 4125 vobis
3177 4073 3466 4143 propitius,
3508 4074 3709 4146 absque

2134 4152 2293 4219 bello,
2332 4153 2447 4209 sine
2476 4155 2756 4225 conflictu,
2813 4159 2928 4213 sine
2966 4159 3149 4228 prazlio
3188 4171 3401 4216 contum
3439 4166 3706 4233 octoginta

2131 4245 2363 4315 quinque
2399 4246 2629 4303 millibus
2669 4248 2894 4303 militum
2932 4250 3328 4307 interfecturum
3365 4254 3701 4324 Assyriorum

2131 4337 2269 4405 apud
2323 4353 2416 4393 vos
2470 4340 2705 4408 relictis,
2754 4343 2827 4398 ita
2853 4342 3019 4412 fugit,
3069 4353 3127 4398 ut
3179 4346 3309 4400 satis
3360 4345 3617 4413 haberet,
3660 4348 3703 4401 si

2133 4428 2277 4482 solus
2300 4429 2546 4486 evaderet
2572 4431 2892 4489 incolumis?
2920 4433 3111 4489 Verum
3139 4446 3193 4490 et
3224 4434 3328 4490 alia
3366 4436 3502 4491 bella
3547 4439 3703 4491 innu-

2134 4517 2399 4573 merabilia
2448 4519 2751 4591 frequenter
2786 4522 2852 4577 ad
2900 4523 3060 4578 istum
3099 4524 3315 4579 modum
3357 4525 3516 4579 solvit
3543 4526 3700 4582 Deus.

2133 4607 2306 4675 Quare
2319 4620 2372 4666 et
2394 4628 2550 4679 nunc,
2581 4613 2679 4669 nisi
2698 4616 2811 4685 ipse
2830 4624 2974 4671 esset
2997 4616 3086 4686 qui
3109 4618 3316 4687 penitus
3338 4632 3429 4673 vos
3448 4617 3698 4683 deseruit,

2136 4716 2241 4756 non
2260 4705 2554 4773 potuissent
2577 4707 2846 4762 civitatem
2863 4717 3094 4763 vestram
3116 4708 3348 4775 diruere,
3372 4724 3436 4764 ac
3452 4712 3699 4781 temptent

2134 4804 2365 4859 vastare;
2398 4812 2501 4850 non
2524 4797 2794 4868 hucusque
2822 4808 2967 4853 tanto
3002 4808 3240 4870 tempore
3270 4801 3554 4856 mansisset
3580 4803 3698 4857 soli-

2132 4884 2328 4939 tudinis
2353 4886 2641 4953 calamitas,
2685 4904 2788 4942 non
2810 4889 2961 4944 vobis
2988 4906 3130 4961 saepe
3153 4893 3470 4949 conantibus
3505 4894 3697 4949 instau-

2130 4976 2385 5032 rationem
2413 4989 2631 5034 conatus
2654 4980 2704 5035 in
2735 4997 2954 5037 vacuum
2985 4984 3253 5039 cessisset.

2198 5069 2249 5124 4.
2273 5069 2389 5124 Jam
2419 5086 2525 5124 non
2545 5087 2614 5125 ex
2643 5071 2727 5127 his
2749 5073 2941 5141 solum,
2969 5089 3151 5128 verum
3178 5074 3337 5129 etiam
3371 5088 3440 5129 ex
3466 5074 3587 5130 aliis
3608 5088 3701 5131 ca-

2130 5161 2297 5215 nabor
2320 5162 2467 5218 vobis
2494 5164 2667 5233 palam
2705 5164 2903 5230 facere,
2939 5180 3045 5220 non
3072 5181 3167 5220 sua
3199 5167 3394 5222 virtute
3426 5166 3579 5224 vobis
3605 5166 3701 5220 ista

2128 5253 2315 5307 fecisse
2336 5252 2605 5308 Romanos
2639 5254 3008 5324 Imperatores,
3048 5255 3141 5311 sed
3166 5257 3289 5327 quia
3317 5256 3482 5311 Deum
3520 5256 3703 5311 habui-

2125 5346 2219 5399 stis
2250 5345 2459 5409 iratum,
2494 5347 2581 5415 qui
2618 5362 2713 5403 vos
2737 5348 3061 5403 deseruerat.
3102 5349 3308 5403 Etenim
3348 5348 3394 5402 si
3433 5349 3573 5418 quod
3610 5364 3702 5419 ge-

2123 5448 2258 5492 stum
2289 5447 2391 5505 est,
2431 5439 2715 5495 lmmanum
2742 5451 2856 5496 erat
2883 5456 3059 5511 opus:
3105 5441 3337 5511 oportuit
3379 5452 3585 5495 vestras
3614 5455 3701 5493 ca-

2123 5530 2385 5584 lamitates
2413 5532 2619 5586 excidio
2654 5533 2811 5595 finiri,
2848 5548 2946 5588 nec
2987 5532 3192 5602 longius
3224 5531 3449 5601 proferri
3470 5540 3697 5586 vestram

2121 5621 2482 5689 Ignominiam.
2508 5624 2772 5680 Ponamus
2793 5626 2955 5691 enim,
2980 5625 3120 5695 quod
3153 5638 3251 5678 vos
3277 5622 3470 5684 dicitis,
3505 5624 3694 5676 uitruia

2124 5715 2190 5770 ab
2213 5713 2519 5772 hominibus
2547 5716 2707 5773 fuisse
2734 5717 3007 5776 subversa.
3043 5717 3307 5773 civitatem
3333 5714 3584 5777 dirutam,
3616 5711 3685 5765 al-
