4084 6186
305 334 410 393 907

301 468 394 516 νος
420 452 513 507 οὗ)
539 452 726 509 ἕνεκεν
756 457 858 511 οὑκ
886 459 1179 533 ήνέσχετο;
1223 463 1342 517 Κάν
1378 464 1533 534 ὑμεῖς
1562 462 1887 533 αἰσχύνησθε

300 538 478 591 εἰπεῖν
506 536 606 609 τὴν
638 539 838 603 αἰτίαν,
875 541 986 610 ἐγὼ
1014 545 1262 616 φανερῶς
1286 545 1428 617 ἐρῶ·
1459 544 1658 616 μᾶλλον
1697 545 1754 598 δὲ
1788 545 1889 598 οὑκ

303 619 435 689 ἐγὼ,
458 619 575 673 ἀλλ’
604 621 742 693 αὑτὴ
764 624 873 678 τῶν
902 628 1247 699 πραγμάτων
1271 629 1304 698 ή
1336 624 1584 700 ἀλήθεια.

388 782 604 852 Ἐπειδὴ
630 783 721 837 τὸν
751 786 984 855 Χριστὸν
1012 788 1388 852 ἀπεκτείνατε,
1416 790 1604 861 ἐπειδὴ
1629 789 1771 843 κατὰ
1793 788 1888 843 τοῦ

304 866 576 919 Δεσπότου
613 867 712 931 τὰς
753 872 943 940 χεῖρας
988 872 1312 937 ἐξετείνατε,
1345 874 1535 942 ἐπειδὴ
1562 873 1625 926 τὸ
1656 867 1795 943 αἷμα
1826 873 1890 927 τὸ

303 949 486 1020 τίμιον
515 949 788 1020 ἐξεχέατε,
821 952 910 1006 διὰ
937 954 1095 1007 τοῦτο
1119 957 1221 1009 οὐκ
1251 954 1397 1009 ἐστιν
1425 956 1555 1027 ὑμῖν
1580 954 1885 1027 διόρθωσις,

304 1033 426 1087 οὐδὲ
459 1032 755 1105 συγγνώμη
785 1033 987 1101 λοιπὸν,
1014 1038 1135 1091 οὐδὲ
1174 1032 1622 1107 ἀπολογίαΔΤότε
1654 1039 1750 1109 μὲν
1779 1038 1890 1108 γὰρ

304 1119 385 1180 εἰς
412 1115 630 1180 δούλους
652 1113 721 1188 ἦν
740 1118 809 1171 τὰ
832 1119 1177 1191 τολμώμενα,
1198 1125 1277 1185 εἰς
1297 1123 1533 1177 Μωῦσέα
1554 1121 1888 1175 καὶἭσαῖαν

305 1201 399 1253 καὶ
431 1200 702 1271 Ἱερεμίαν
723 1217 737 1231 ο
770 1200 891 1255 τότε
925 1205 974 1256 εἰ
1005 1204 1099 1257 καὶ
1137 1205 1367 1260 ἀσέϐειά
1393 1223 1478 1270 τις
1510 1206 1744 1274 ἐγένετο,
1773 1205 1889 1258 ἀλλ’

303 1281 460 1337 οὔπω
490 1283 553 1336 τὸ
574 1284 871 1353 κεφάλαιον
898 1287 1008 1341 τῶν
1036 1288 1224 1341 κακῶν
1250 1286 1319 1361 ἦν
1346 1289 1636 1362 τολμηθέν.
1674 1290 1809 1342 NW}.
1833 1290 1891 1343 δὲ

304 1367 484 1420 πάντα
511 1367 865 1439 ἀπεκρύψατε
898 1370 967 1424 τὰ
995 1371 1224 1436 παλαιὰ,
1256 1374 1431 1427 οὐδενὶ
1476 1374 1531 1426 δὲ
1564 1374 1750 1445 τρόπῳ
1787 1390 1892 1426 πα-

311 1451 572 1520 ρανομίας
602 1452 903 1523 ὑπερϐολὴν
933 1454 1253 1510 κατελίπετε
1284 1457 1371 1510 διά
1400 1457 1501 1526 τῆς
1539 1460 1618 1520 εἰς
1656 1456 1890 1527 Χριστὸν

312 1533 536 1602 μανίας·
566 1534 645 1587 διὸ
665 1535 760 1588 καὶ
788 1536 1051 1607 μειζόνως
1083 1539 1375 1604 κολάζεσθε
1404 1538 1517 1593 νῦν.
1537 1540 1711 1604 Ἐπεὶ,
1734 1541 1782 1592 εί
1813 1538 1887 1610 μὴ

305 1614 463 1668 τοῦτό
493 1619 608 1669 ἐστι
633 1617 695 1670 τὸ
723 1620 892 1673 αἴτιον
925 1621 1026 1690 τῆς
1056 1620 1336 1693 παρούσης
1361 1618 1515 1693 ὑμῶν
1549 1622 1793 1693 ἀτιμίας,
1815 1621 1892 1674 τί·

306 1715 397 1762 νος
415 1699 600 1754 ἐνεκεν
624 1702 1117 1757 παιδοκτονούντων
1144 1704 1242 1775 μὲν
1266 1704 1420 1776 ὑμῶν
1442 1706 1470 1758 6
1489 1704 1622 1769 Θεὸς
1633 1707 1892 1776 ἠνέσχετο

304 1783 449 1845 τότε,
475 1782 641 1854 μηδὲν
659 1784 716 1837 δὲ
736 1785 979 1839 τοιοῦτον
1000 1786 1315 1857 τολμῶντας
1335 1787 1741 1860 ἀποστρέφεται
1762 1787 1886 1851 νῦν;

304 1860 386 1918 Ἦ
414 1865 573 1936 δῆλον
596 1867 679 1921 ὅτι
707 1868 802 1921 καὶ
824 1869 1202 1934 παιδοκτονίας
1221 1873 1316 1925 καὶ
1337 1871 1520 1938 πάσης
1542 1870 1891 1941 παρανομίας

306 1948 489 2020 πολλῷ
517 1952 700 2021 χεῖρον
744 1951 1080 2025 ἐτολμήσατε
1130 1955 1226 2008 καὶ
1273 1953 1480 2026 μεῖξον,
1511 1954 1603 2009 τὸν
1656 1954 1891 2026 Χριστὸν

303 2033 607 2098 ἀνελόντες.
1879 2039 1910 2065 ⁶

377 2203 452 2275 γ’.
485 2207 607 2260 Ἔτι
628 2203 722 2262 οῦν
744 2207 1002 2276 ἀνέξεσθε
1024 2209 1226 2265 πλάνον
1264 2209 1427 2264 αὑτὸν
1455 2211 1552 2264 καὶ
1573 2209 1892 2281 παράνομον

305 2291 513 2355 καλεῖν,
543 2291 735 2346 εἴπατέ
767 2310 857 2363 μοι
878 2308 892 2321 ·
929 2294 1025 2347 καὶ
1044 2293 1145 2347 οὑκ
1173 2293 1503 2357 ἀπελθόντες
1532 2291 1759 2356 ἑαυτούς
1786 2307 1887 2345 που

304 2371 633 2445 κατορύξετε
654 2386 681 2415 ι
712 2374 849 2445 πρὸς
898 2374 1042 2429 οὑτω
1090 2376 1331 2448 φανεράν
1382 2374 1726 2447 πραγμάτων
1757 2373 1890 2444 ἀλή-

305 2456 458 2510 θειαν
488 2456 935 2523 ἀντιϐλέποντεςς
981 2460 1045 2513 Εἰ
1089 2458 1199 2529 γάρ
1246 2459 1445 2523 πλάνος
1486 2454 1554 2530 ἦν
1600 2461 1630 2511 6
1662 2457 1889 2529 Ἰησοῦς,

304 2539 561 2611 καθάπερ
590 2539 744 2612 [655]
774 2541 934 2610 φατὲ,
960 2542 1055 2595 καὶ
1094 2538 1433 2612 παράνομος,
1469 2542 1564 2596 καὶ
1602 2540 1892 2612 εὐδοκιμῆ-

306 2638 400 2677 σαι
427 2622 572 2693 ὑμᾶς
601 2624 790 2695 ἐχρῆν,
825 2624 908 2677 ὅτι
933 2624 1096 2678 αὑτὸν
1120 2624 1499 2679 ἀπεκτείνατε.
1527 2624 1591 2677 Εἰ
1613 2623 1724 2696 γὰρ
1754 2624 1784 2675 6
1804 2626 1896 2677 Φι-

303 2706 427 2769 νεὲς
451 2705 549 2760 ἕνα
578 2706 702 2762 τινὰ
725 2707 952 2772 ἀνελὼν,
978 2708 1268 2781 ὁλόκληρον
1291 2708 1391 2780 τὴν
1413 2707 1556 2763 κατὰ
1582 2707 1678 2762 τοῦ
1709 2708 1895 2772 ἔθνους

303 2790 477 2862 ὀργὴν
514 2790 781 2845 ἔπαυσενσ
823 2794 1011 2862 Ἔστη
1056 2793 1169 2864 γὰρ
1209 2794 1438 2860 Φινὲες,
1478 2796 1632 2864 φησὶ,
1670 2793 1769 2848 καί
1798 2793 1897 2858 ἐξ-

304 2872 583 2939 ιλάσατο,
611 2874 711 2928 καί
754 2876 1059 2930 ἐκόπασεν
1084 2877 1124 2945 ἡ
1157 2876 1409 2944 θραῦσις
1427 2894 1441 2908 ο
1467 2877 1563 2931 καὶ
1606 2875 1893 2941 τοσούτους

303 2956 684 3029 ἀσεϐήσαντας
729 2956 1050 3030 ἀνθρώπους
1098 2958 1380 3032 ἐξήρπασε
1429 2959 1530 3030 τῆς
1577 2960 1747 3033 ὀργῆς
1798 2958 1894 3012 τοῦ

305 3039 444 3093 Θεοῦ
493 3041 593 3112 μιᾷ
642 3044 825 3113 σφαγῇ
876 3041 1196 3113 παρανόμου
1247 3042 1393 3105 τινὸς
1441 3042 1667 3114 ἀνδρός’
1716 3040 1896 3114 πολλῴ

310 3123 512 3194 μᾶλλον
537 3124 624 3192 ἐφ’
647 3122 802 3195 ὑμῶν
842 3122 1003 3177 τοῦτο
1026 3124 1282 3193 γενέσθαι
1329 3124 1520 3195 ἐχρῆν,
1546 3126 1601 3179 εί
1625 3140 1690 3193 γε
1722 3127 1899 3197 παρά-

307 3221 471 3278 νομος
519 3201 588 3277 ἦν
636 3209 664 3261 6
713 3206 802 3275 ὑφ’
832 3207 987 3277 ὑμῶν
1032 3207 1385 3279 σταυρωθείς.
1417 3209 1483 3261 Τί
1514 3208 1715 3280 δήποτε
1747 3205 1840 3263 οὖν
1868 3212 1898 3263 6

310 3290 412 3359 μὲν
440 3290 629 3353 1Ιιινεές
652 3288 825 3361 ἀνδρα
853 3290 1170 3361 παράνομον
1198 3290 1403 3344 ἀνελὼν
1437 3290 1762 3356 ἐδικαιοῦτο,
1801 3292 1898 3346 καὶ

309 3371 580 3445 ἰερωσύνῃ
625 3374 884 3444 ἐτιμᾶτο·
934 3373 1096 3444 ὑμεῖς
1140 3374 1219 3439 δὲ,
1246 3374 1324 3437 ὼς
1373 3376 1529 3445 φατὲ,
1556 3374 1757 3429 πλάνον
1802 3376 1898 3429 καὶ

307 3454 555 3509 ἀντίθεόν
576 3472 699 3510 τινα
724 3454 1155 3528 σταυρώσαντες,
1174 3458 1233 3510 οὑ
1258 3456 1420 3529 μόνον
1445 3458 1546 3511 οὑκ
1560 3458 1897 3528 εὐδοκιμεῖτε

309 3540 431 3594 οὑδέ
460 3540 718 3611 τιμᾶσθε,
744 3540 882 3594 ἀλλὰ
933 3541 1028 3593 καὶ
1073 3540 1433 3614 χαλεπώτερα
1461 3542 1715 3606 ἐπάθετε,
1741 3543 1775 3611 ἢ
1807 3544 1896 3596 ὅτε

308 3625 438 3686 τοὺς
469 3625 622 3688 υἱοὺς
656 3624 811 3695 ὑμῶν
857 3624 1186 3693 ἐσφάττετε;
1235 3625 1336 3679 οὑκ
1378 3624 1601 3697 εὔδηλον
1648 3627 1742 3680 καὶ
1785 3628 1898 3689 τοῖς

312 3705 521 3778 σφόδρα
566 3708 837 3775 ἀνοήτοις,
877 3707 978 3770 ὄτι,
1016 3707 1205 3780 ἐπειδὴ
1248 3710 1331 3773 εἰς
1379 3709 1473 3764 τὸν
1519 3709 1750 3779 Σωτῆρα
1804 3708 1900 3762 καὶ

311 3789 625 3861 προστάτην
663 3789 764 3861 τῆς
792 3790 1120 3862 οἰκουμένης
1163 3794 1615 3863 παρηνομήσατε,
1642 3791 1898 3862 τοιαύτην

312 3873 617 3944 ὑπομένετε
666 3872 856 3944 δίκην;
909 3874 1104 3927 Καίτοι
1150 3891 1216 3944 γε
1258 3873 1356 3930 νῦν
1391 3876 1486 3930 καὶ¹
1518 3876 1766 3947 αἱμάτων
1795 3876 1901 3929 ἀπ-

311 3956 502 4026 έχεσθε
535 3955 766 4026 μιαρῶν,
789 3958 885 4011 καλ⁸
908 3957 1155 4012 σάϐϐατα
1185 3962 1403 4031 τηρεῖτε
1421 3976 1436 3990 ·
1462 3959 1584 4012 τότε
1611 3960 1668 4012 δέ
1696 3960 1790 4013 καὶ
1818 3960 1900 4023 εἰς

311 4038 483 4110 αὐτὴν
511 4037 820 4109 ἐνυϐρίζετε
850 4040 949 4112 τὴν
981 4042 1214 4113 ἡμέραν.
1245 4044 1355 4096 Καὶ
1398 4043 1428 4096 6
1464 4043 1597 4107 Θεὸς
1627 4042 1900 4114 ἐπηγγέλ-

311 4121 434 4174 λετο
460 4120 552 4176 διὰ
579 4120 675 4173 τοῦ
715 4122 1000 4192 Ἰερεμίου,
1033 4124 1310 4193 φείδεσθαι
1341 4126 1444 4197 τῆς
1482 4126 1692 4190 πόλεως
1721 4126 1896 4197 ὑμῶν,

311 4208 360 4259 εἰ
386 4202 688 4258 παύσαισθε
720 4205 966 4277 αἴροντες
990 4207 1351 4279 βαστάγματα
1375 4212 1433 4263 ἐν
1462 4209 1718 4281 σαϐϐάτῳ
1738 4226 1751 4239 ⁸
1781 4208 1898 4262 ἀλλ’

315 4289 428 4342 ἰδοὺ
474 4285 569 4339 νῦν
597 4286 754 4339 τοῦτο
779 4291 1007 4353 ποιεῖτε,
1040 4290 1134 4343 καὶ
1171 4292 1273 4345 οὑκ
1313 4294 1497 4363 αῐρετε
1540 4293 1901 4365 βαστάγματα

313 4373 372 4425 ἐν
421 4370 698 4441 σαϐϐάτῳ,
746 4372 845 4425 καὶ⁵
887 4372 1007 4425 οὑδέ
1052 4372 1226 4436 οὑτως
1270 4375 1698 4429 καταλλάττεται
1745 4378 1896 4448 ὑμῖν.

314 4456 388 4510 Τὸ
430 4455 541 4526 γάρ
579 4455 889 4527 ἁμάρτημα
917 4455 1070 4527 ὑμῶν
1099 4456 1276 4510 ἐκεῖνο
1305 4456 1559 4512 ἁπάντων
1590 4459 1771 4529 μεῖζον
1808 4456 1897 4531 ἦν,

313 4537 457 4592 ὥστε
496 4537 753 4609 περιττὸς
796 4539 927 4609 ὑμῖν
966 4533 1122 4603 οὗτος
1155 4542 1186 4593 6
1212 4539 1369 4609 λόγος
1400 4541 1429 4593 6
1455 4541 1563 4594 τῶν
1594 4543 1898 4614 ἁμαρτιῶν.

316 4621 392 4675 Οὐ
420 4621 530 4693 γάρ
556 4621 645 4676 διά
676 4622 768 4675 τὸν
812 4621 998 4676 λοιπὸν
1034 4623 1190 4693 ὑμῶν
1216 4622 1351 4694 βίον,
1378 4623 1512 4677 ἀλλὰ
1540 4624 1607 4677 δι’
1635 4626 1810 4678 ἐκεῖνο
1842 4626 1904 4679 τὸ

314 4704 574 4777 τόλμημα
602 4706 660 4758 ἐν
681 4709 793 4771 τοῖς
822 4705 1090 4779 παροῦσιν
1113 4707 1236 4760 ἐστὲ
1254 4707 1637 4772 δεινοῖς.”Ωστε
1662 4709 1716 4763 ετ
1736 4726 1799 4778 γε
1826 4708 1903 4781 μὴ

316 4789 475 4843 τοῦτο
503 4784 593 4859 ἦν,
623 4789 724 4843 οὑκ
750 4790 816 4843 ἂν
845 4790 938 4843 ἐπὶ
961 4789 1216 4845 τοσοῦτον
1243 4793 1271 4845 6
1295 4790 1429 4856 Θεὸς
1461 4792 1605 4862 ὑμᾶς
1629 4792 1905 4864 ἀπεστρά-

319 4889 417 4943 φη,
443 4873 494 4925 εἰ
526 4874 621 4927 καὶ
656 4873 823 4943 μυρία
852 4869 952 4944 ἦτε
986 4875 1395 4945 ἡμαρτηκότες·
1432 4875 1528 4929 καὶ
1558 4875 1717 4946 δῆλον
1752 4875 1816 4929 ἐκ
1841 4893 1904 4930 τε

318 4956 424 5010 τῶν
453 4956 758 5027 εἰρημένων
784 4957 1057 5023 ἁπάντων,
1094 4959 1187 5012 καὶ
1208 4958 1399 5013 τούτου
1426 4953 1488 5013 οὗ
1519 4959 1696 5027 μέλλω
1724 4959 1903 5027 λέγειν

319 5039 433 5092 νῦν.
467 5038 533 5091 Τί
560 5039 617 5092 δὲ
644 5038 803 5093 τοῦτό
837 5044 1017 5102 ἐστιν;
1060 5041 1404 5113 Ἠκούσαμεν
1426 5042 1518 5095 τοῦ
1540 5041 1676 5096 Θεοῦ
1700 5042 1903 5096 πολλά-

320 5140 405 5187 κις
436 5122 687 5191 λέγοντος
730 5124 820 5178 διὰ
848 5124 959 5178 τῶν
987 5126 1281 5197 προφητῶν
1326 5127 1462 5198 πρὸς
1499 5128 1626 5191 τοὺς
1656 5129 1903 5201 πατέρας

318 5207 443 5270 τοὺς
488 5207 812 5279 ὑμετέρους,
854 5209 937 5262 ὅτι
979 5208 1175 5277 Ὑμεῖς
1196 5210 1315 5279 μὲν
1335 5210 1494 5274 ἄξιοι
1521 5200 1753 5280 μυρίωὶ·
1797 5200 1905 5283 ἦτε

319 5289 520 5345 κακῶν
541 5307 554 5320 °
591 5291 707 5361 ἐγὼ
726 5291 817 5359 δὲ,
854 5292 1008 5362 φησὶ,
1039 5293 1186 5346 ποιῶ
1217 5293 1312 5349 διὰ
1336 5294 1403 5348 τὸ
1433 5293 1622 5365 ὄνομά
1635 5313 1776 5365 μου,
1804 5298 1905 5351 ἵνα

317 5374 398 5444 μὴ
431 5375 756 5444 βεϐηλωθῇ
787 5376 858 5430 ἐν
899 5376 1026 5443 τοῖς
1057 5377 1279 5435 ἔθνεσι.
1322 5380 1431 5434 Καὶ
1474 5380 1667 5434 πάλιν⁹
1715 5383 1797 5436 Οὐ
1824 5380 1902 5436 δι’

317 5458 474 5528 ὑμᾶς
496 5458 612 5529 ἐγὼ
639 5459 807 5525 ποιῶ,
837 5456 1001 5525 οἶκος
1027 5461 1134 5515 τοῦ
1173 5462 1432 5531 Ἰσραὴλ,
1467 5466 1604 5519 ἀλλ’
1634 5464 1674 5534 ἣ
1708 5465 1807 5522 διὰ
1835 5470 1903 5525 τὸ

317 5542 508 5613 ὄνομά
545 5546 766 5613 μου.⁹“0
811 5545 868 5598 δὲ
913 5544 1084 5614 λέγει,
1110 5546 1348 5605 τοιοῦτόν
1396 5550 1550 5602 ἐστι·
1582 5551 1901 5625 Βαρυτέρας

388 5788 405 5808 ⁸
434 5782 661 5849 Quinque
685 5800 794 5837 mss.
823 5788 1113 5852 κατορύξετε,
1140 5790 1310 5841 Morel.
1339 5791 1650 5857 κατωρύξατε.

1446 342 1815 399 ADVERSUS
1848 339 2159 398 JUDEUS.
2202 343 2291 399 VI.

3464 350 3573 403 'Jb!’

1997 459 2097 529 μὲν
2130 462 2402 533 τιμωρίας
2430 457 2529 533 ἦτε
2560 465 2700 531 ἄξιοι
2745 466 2840 521 καὶ
2890 463 3162 525 κολάσεως
3184 478 3195 491 °
3232 459 3347 513 ἀλλ’
3380 461 3467 515 ἵνα
3499 464 3573 534 μή

1994 561 2078 606 τις
2116 544 2271 619 λέγῃ,
2305 546 2385 600 ὅτι
2418 548 2663 602 ἀσθενῶν
2686 553 2715 604 6
2745 547 3022 613 056g;le
3056 547 3130 618 μὴ
3156 544 3449 615 δυνάμενος
3480 545 3573 598 at?)

1994 644 2106 693 σαι,
2139 630 2318 701 ἀφῆκε
2351 632 2478 695 τοὺς
2522 632 2811 697 Ἰουδαίους
2849 635 2970 695 ταῖς
3000 629 3109 684 τῶν
3143 627 3418 699 πολεμίων
3454 645 3570 699 χερ-

1993 711 2097 775 σὶν,
2129 713 2599 786 ἀντιλαμϐάνομαι
2625 716 2719 768 κοιλ⁵
2754 713 3279 787 προῖσταμαι.’¹Ωστε
3311 714 3360 765 εἰ
3393 710 3571 782 παρά-

1992 808 2154 865 νομος
2187 792 2256 867 ἦν
2297 798 2325 849 6
2370 798 2624 870 Χριστὸς,
2660 801 2819 869 ὑμεῖς
2849 799 2907 851 δέ
2957 797 3121 852 αὑτὸν
3171 792 3574 866 ἐσταυρώσατε,

1992 879 2086 931 καὶ
2111 880 2160 931 εἰ
2189 880 2358 952 μυρία
2383 877 2481 952 ἦτε
2513 883 2911 956 ἡμαρτηκότες,
2940 884 3035 937 καὶ
3064 879 3243 951 πολλῷ
3295 879 3397 933 τῶν
3434 895 3474 931 π
3485 895 3574 949 ρο-

1991 961 2049 1014 τέ
2059 979 2164 1032 ρων
2187 963 2565 1037 χαλεπώτερα,
2591 967 2806 1031 πάντως
2834 967 2899 1020 ἂν
2932 968 3076 1037 ὑμᾶς
3097 967 3127 1019 6
3149 963 3281 1027 Θεὸς
3304 960 3393 1015 διὰ
3416 960 3579 1014 τοῦτο

1990 1045 2270 1111 διέσωσεν,
2305 1047 2389 1101 ἵνα
2424 1048 2499 1120 μὴ
2527 1050 2589 1103 τὸ
2620 1050 2790 1119 ὄνομα
2835 1050 3001 1103 αὑτοῦ
3050 1047 3353 1120 βεϐηλωθῇ,
3382 1046 3470 1099 ἴνα
3501 1045 3576 1115 μὴ

1996 1130 2170 1201 μέγας
2214 1149 2298 1195 τις
2339 1134 2548 1197 ἐκεῖνος
2593 1132 2901 1205 νομίζηται,
2935 1133 3072 1205 μηδέ
3101 1132 3232 1203 εἴπῃ
3257 1149 3361 1196 τις,
3393 1130 3473 1183 ὅτι
3506 1129 3576 1182 δι’

1992 1215 2200 1268 ἐκεῖνον
2230 1215 2403 1270 ταῦτα
2434 1217 2686 1272 ἐπάθετε,
2718 1219 2782 1271 Εἰ
2808 1216 2915 1287 γάρ
2948 1215 3195 1284 φαίνεται
3224 1213 3313 1266 διὰ
3339 1214 3439 1285 τὴν
3458 1214 3577 1266 ἐαυ-

1991 1299 2086 1353 τοῦ
2134 1300 2291 1365 δόξαν
2335 1301 2405 1355 τά
2456 1304 2827 1376 ἁμαρτήματα
2869 1301 3022 1373 ὑμῶν
3071 1299 3349 1374 παρορῶν,
3396 1296 3576 1368 πολλῷ

1995 1382 2195 1451 μᾶλλον
2225 1385 2290 1437 ἂν
2321 1383 2477 1439 τοῦτο
2508 1387 2731 1457 ἐποίησε
2764 1384 2879 1450 νῦν,
2909 1382 3005 1436 καὶ
3025 1382 3123 1453 τὴν
3151 1381 3362 1452 σφαγὴν
3390 1378 3578 1433 ἀπεδέ-

1995 1465 2123 1530 ξατο
2172 1467 2397 1538 ταύτην,
2438 1471 2531 1523 καὶ
2584 1469 2653 1523 τά
2706 1467 2879 1522 πολλά
2937 1466 3053 1540 [ἂν]
3098 1466 3253 1538 ὑμῶν
3294 1462 3575 1537 ἐξήλειψεν

1990 1549 2563 1621 ἀμαρτήματα.’οταν
2589 1552 2645 1605 δὲ
2673 1550 2928 1621 φαίνηται
2960 1552 3041 1613 εἰς
3077 1550 3231 1613 τέλος
3271 1550 3415 1620 ὑμᾶς
3443 1548 3578 1601 ἀπὸ·

1995 1637 2378 1709 στρεφόμενος,
2406 1636 2627 1709 εὔδηλον
2652 1638 2733 1690 ὅτι
2767 1636 2857 1689 διά
2899 1636 2998 1705 τῆς
3026 1634 3198 1704 ὀργῆς
3225 1632 3449 1702 ταύτης,
3481 1630 3577 1683 καὶ⁵

1990 1720 2091 1790 τῆς
2120 1722 2202 1784 είς
2227 1720 2381 1785 τέλος
2408 1718 2870 1790 ἐγκαταλείψεως,
2906 1718 3146 1771 δείκνυσι
3182 1716 3277 1771 καὶ
3306 1720 3419 1781 τοῖς
3451 1714 3579 1782 σξξό⁶

1992 1800 2095 1872 δρα
2138 1803 2605 1874 ἀναισχυντοῦσιν,
2653 1804 2735 1857 ὅτι
2785 1802 2906 1873 οὑχί
2960 1800 3271 1873 παράνομός
3311 1815 3396 1862 τις
3442 1792 3510 1868 ἦν
3549 1795 3580 1848 6

1994 1880 2393 1955 σφαγεὶς,’ἀλλ“
2426 1887 2588 1950 αὑτὸς
2636 1887 2664 1938 6
2711 1884 3027 1957 νομοθέτης,
3073 1884 3170 1938 καὶ
3215 1882 3323 1936 τῶν
3370 1879 3580 1952 μυρίων

1993 1969 2215 2038 ἀγαθῶν
2244 1971 2418 2035 αἴτιος
2444 1972 2477 2023 6
2504 1971 2965 2043 παραγενόμενος.
2991 1969 3091 2023 Διά
3113 1968 3271 2021 τοῦτο
3297 1968 3345 2020 οἰ
3377 1965 3473 2037 μὲν
3500 1965 3580 2027 εἰς

1993 2056 2156 2109 αὑτὸν
2184 2057 2554 2129 ἀσεϐήσαντες
2584 2058 2763 2128 ὑμεῖς,
2797 2058 2855 2109 ἐν
2887 2055 3044 2129 ῦϐρει
3074 2055 3169 2109 καὶ
3199 2051 3414 2123 ἀτιμίᾳ,
3442 2052 3492 2104 οἱ
3523 2050 3581 2103 δὲ

1993 2141 2429 2213 προσκυνοῦντες
2454 2143 2615 2197 αὑτὸν
2632 2144 2815 2214 ἡμεῖς,
2835 2142 3152 2213 άτιμότεροι
3184 2139 3401 2193 πάντων
3424 2135 3579 2207 ὑμῶν

1993 2226 2304 2299 ἔμπροσθεν
2350 2227 2528 2292 ὄντες,
2558 2227 2646 2281 διὰ
2675 2227 2774 2299 τὴν
2802 2226 2895 2280 τοῦ
3122 2223 3257 2277 Θεοῦ
3292 2221 3454 2294 χάριν
3487 2219 3583 2274 καὶ

1996 2311 2315 2382 σεμνότεροι
2358 2312 2575 2365 πάντων
2623 2309 2779 2382 ὑμῶν
2812 2311 2979 2382 ἐσμεν
3011 2308 3126 2374 νῦν,
3161 2307 3255 2361 καὶ
3285 2308 3343 2359 ἐν
3373 2303 3580 2377 μείζονι

1992 2398 2126 2467 τιμῇ
2154 2395 2598 2467 καθεστήκαμεν.
2617 2395 2727 2449 Καὶ
2750 2393 2915 2450 πόθεν
2940 2393 3100 2466 δῆλον
3125 2393 3205 2446 ὅτι
3230 2389 3578 2462 ἀπεστράφη.

1995 2480 2180 2549 φησὶν,
2216 2480 2364 2550 ἡμᾶς
2408 2480 2436 2532 6
2479 2478 2638 2543 Θεός;
2666 2479 2840 2547 Λόγου
2873 2478 2982 2549 γὰρ
3010 2476 3089 2530 ἐτι
3123 2475 3282 2548 χρεία
3313 2473 3409 2528 καὶ
3447 2474 3583 2527 ἀπο-

1994 2560 2247 2627 δείξεως;
2284 2562 2407 2615 εἰπέ
2438 2579 2550 2633 μοι.
2581 2560 2704 2616 Τῶν
2733 2561 3075 2633 πραγμάτων
3103 2558 3283 2612 αὐτῶν
3314 2553 3580 2628 βοώντων,

1996 2646 2089 2697 καὶ
2112 2644 2410 2715 σάλπιγγος
2431 2645 2818 2717 λαμπροτέραν
2842 2644 3110 2715 ἀφιέντων
3135 2642 3341 2713 φωνὴν,
3370 2638 3459 2692 διά
3480 2638 3582 2704 τῆς

1996 2730 2359 2800 κατασκαφῆς
2386 2729 2486 2799 τῆς
2513 2730 2654 2784 κατά
2681 2728 2776 2802 τὴν
2796 2728 2971 2795 πόλιν,
3003 2727 3092 2781 διὰ
3114 2727 3214 2799 τῆς
3249 2722 3583 2796 ἐρημώσεως

1995 2811 2090 2864 τοῦ
2121 2811 2274 2877 ναοῦ,
2309 2812 2404 2865 καὶ
2433 2812 2520 2865 διὰ
2550 2812 2660 2867 τῶν
2685 2810 2861 2866 ἀλλων
2891 2811 3146 2866 ἀπάντων
3179 2808 3289 2863 τῶν
3322 2810 3402 2871 εἰς
3438 2806 3583 2879 ὑμᾶς

1999 2894 2443 2965 συμϐεϐηκότων,
2477 2894 2557 2948 ἔτι
2584 2895 2674 2949 διά
2692 2895 2868 2963 λόγων
2905 2892 3180 2960 ἀπόδειξιν
3203 2891 3511 2962 ἐπιζητεῖτε
3530 2886 3583 2945 δε

2011 2978 2148 3032 Ἀλλ’
2182 2978 2482 3050 ἄνθρωποι,
2526 2979 2681 3051 φησὶ,
2714 2976 2889 3032 ταῦτα
2931 2979 3064 3049 ήμῖν
3099 2978 3403 3047 ἐπήγαγον,
3432 2973 3530 3043 οὑχ
3554 2972 3586 3024 6

1998 3062 2150 3126 Θεός.
2186 3061 2439 3116 Μάλιστα
2474 3061 2572 3132 μὲν
2604 3057 2697 3115 οὖν
2741 3062 2770 3113 6
2798 3060 2931 3124 Θεὸς
2964 3058 3138 3113 ταῦτα
3175 3056 3489 3128 εἰργάσατο.
3520 3054 3585 3108 Εἰ

1997 3144 2054 3197 δὲ
2093 3143 2401 3217 ἀνθρώποις
2434 3144 2605 3197 ταῦτα
2646 3143 2859 3216 λογίζῃ,
2894 3144 3167 3214 σκόπησον
3199 3140 3360 3194 πάλιν
3386 3140 3582 3201 ἐκεῖνο,

1998 3231 2081 3285 ὅτι
2112 3230 2207 3285 καὶ
2232 3230 2528 3301 ἄνθρωποι,
2576 3229 2623 3282 εί
2658 3227 2733 3301 μὴ
2760 3228 2838 3298 τῷ
2870 3225 2990 3297 Θεῷ
3017 3223 3207 3280 δοκοῦν
3233 3220 3301 3296 ἦν
3328 3222 3503 3287 τοῦτο,
3534 3222 3584 3275 εἰ

2000 3315 2092 3369 καὶ
2140 3313 2403 3385 ἐτόλμων,
2436 3314 2537 3366 οὐκ
2572 3312 2638 3366 ἂν
2674 3311 2899 3381 ἴσχυσαν
2943 3310 3025 3373 εἰς
3073 3308 3247 3380 πέρας
3276 3306 3416 3360 αὑτά
3444 3306 3583 3376 ἀγα-

1999 3398 2275 3468 γεῖν.”οτε
2309 3395 2439 3465 γοῦν
2466 3395 2564 3467 τὴν
2591 3394 2829 3467 Περσίδα
2860 3394 3042 3447 πᾶσαν
3076 3391 3223 3462 ἀγων
3242 3403 3263 3429 ε
3295 3389 3528 3463 ἐπῆλθεν
3555 3389 3586 3442 6

2003 3481 2300 3554 βάρϐαρος,
2319 3480 2414 3534 καὶ
2434 3479 2493 3546 ἐξ
2520 3479 2821 3552 ἐπιδρομῆς
2846 3476 3093 3540 ἅπαντας
3121 3473 3386 3547 λήψεσθαι
3414 3489 3585 3543 προσ-

2000 3567 2253 3637 εδόκησε,
2280 3564 2375 3619 καὶ
2405 3563 2656 3635 καθάπερ
2674 3566 2731 3617 ἐν
2763 3563 2973 3635 σαγήνῃ
3002 3562 3107 3615 τινὶ
3130 3561 3223 3614 καὶ
3249 3559 3486 3624 δικτύοις
3506 3559 3586 3623 εἰς

1999 3649 2098 3722 τὴν
2129 3649 2283 3702 πόλιν
2313 3647 2557 3712 ἅπαντας
2580 3643 2695 3717 εἶχε
2723 3645 3253 3717 συγκεκλεισμένους
3272 3660 3285 3674 ·
3319 3644 3441 3715 οὑχὶ
3463 3643 3587 3697 τότε

1999 3736 2086 3808 δὴ,
2121 3736 2263 3800 τότε,
2301 3734 2488 3807 ἐπειδὴ
2515 3735 2544 3787 6
2572 3732 2705 3798 Θεὸς
2741 3732 2898 3796 ἵλεως
2919 3726 3007 3804 ἦν,
3035 3731 3204 3803 χωρὶς
3235 3730 3473 3801 πολέμου
3494 3729 3587 3782 καὶ

2005 3821 2187 3893 μάχης
2224 3820 2318 3874 καὶ
2349 3817 2623 3890 συμϐολῆς
2651 3816 2846 3872 ἐκατὸν
2874 3815 3201 3888 ὀγδοήκοντα
3228 3815 3390 3868 πέντε
3411 3813 3580 3886 χιλιάι

2001 3905 2095 3970 δας
2150 3903 2498 3978 στρατιωτῶν
2556 3903 2786 3974 νεκροὺς
2846 3901 3006 3972 ἀφεὶς
3055 3903 3185 3973 παρ’
3218 3902 3368 3971 ὑμῖν,
3415 3897 3589 3964 οὕτως

2002 3988 2224 4059 ἔφυγεν,
2255 3987 2507 4058 ἀγαπῶν,
2539 3988 2588 4040 εἰ
2618 3984 2908 4055 διασωθείη
2947 3984 3142 4055 μόνος;
3179 3984 3289 4037 Καὶ
3319 3982 3510 4044 ἄλλους
3531 3980 3587 4034 δέ

2006 4073 2232 4146 μυρίους
2273 4071 2547 4142 πολέμους
2588 4068 2762 4133 οὕτως
2790 4068 3004 4139 ἔκρινεν
3055 4068 3084 4120 6
3128 4066 3262 4131 Θεὸς
3304 4065 3583 4127 πολλάκις.

2004 4157 2167 4210 Ὥστε
2195 4158 2289 4211 καὶ
2317 4156 2432 4220 νῦν,
2456 4156 2505 4207 εἰ
2537 4153 2611 4226 μὴ
2632 4153 2795 4215 αὑτὸς
2814 4147 2881 4223 ἦν
2906 4155 2934 4205 6
2963 4148 3220 4215 καθάπαξ
3245 4151 3389 4219 ὑμᾶς
3408 4149 3585 4219 ἀφεὶς,

2003 4244 2103 4298 οὑκ
2137 4242 2204 4297 ἂν
2236 4242 2460 4311 ἴσχυσαν
2501 4241 2549 4293 οἱ
2582 4240 2682 4312 τὴν
2722 4237 2875 4293 πόλιν
2909 4235 3063 4308 ὑμῶν
3103 4234 3445 4298 καθελόντες,
3495 4238 3589 4288 καὶ

2002 4328 2095 4381 τὸν
2128 4326 2253 4379 ναὸν
2277 4322 2685 4396 ἐρημώσαντες,
2705 4322 2805 4375 οὐκ
2836 4320 2900 4374 ἂν
2928 4321 3092 4393 μέχρι
3113 4318 3369 4372 τοσούτου
3398 4318 3465 4371 τά
3490 4318 3589 4389 τῆς

2004 4410 2242 4483 ἐρημίας
2285 4409 2527 4480 ἔμεινεν·
2570 4407 2672 4460 οὑκ
2700 4406 2788 4469 ἂν,
2832 4404 3093 4468 πολλάκις
3136 4402 3290 4475 ὑμῶν
3319 4404 3589 4475 ἐπιχειρη-

2006 4496 2238 4562 σάντων,
2273 4492 2532 4564 ἀνόνητος
2566 4492 2600 4563 ή
2628 4489 2970 4561 ἐπιχείρησις
2993 4488 3237 4558 γέγονεν.

2075 4733 2137 4788 6'.
2164 4734 2278 4787 Οὐκ
2300 4729 2549 4786 ἐντεῦθεν
2574 4728 2631 4782 δέ
2657 4726 2838 4800 μόνον,
2865 4725 3001 4781 ἀλλά
3021 4727 3115 4780 καὶ
3142 4721 3410 4795 ἑτέρωθεν
3444 4722 3590 4793 ὑμᾶς

2007 4821 2191 4872 πεῖσαι
2217 4816 2574 4890 πειράσομαι,
2610 4815 2691 4868 ὅτι
2717 4813 2819 4867 οὑκ
2860 4810 3040 4882 οἰκείᾳ
3068 4810 3299 4881 δυνάμει
3327 4806 3591 4878 ἐποίησαν

2006 4906 2142 4977 ὅπερ
2172 4904 2436 4975 ἐποίησαν
2463 4903 2543 4965 εἰς
2573 4900 2718 4971 ὑμᾶς
2752 4898 2801 4951 οί
2849 4896 3089 4969 βασιλεῖς
3123 4892 3427 4977 Ῥωμαίων,
3454 4890 3591 4977 ἀλλά

2005 4974 2219 5059 διάίτὴν
2246 4974 2417 5059 ὀργὴν
2444 4985 2538 5040 τοῦ
2566 4983 2702 5038 Θεοῦ
2729 4982 2826 5038 καὶ
2852 4982 2955 5052 τὴν
2980 4977 3146 5035 αὑτοῦ
3179 4974 3583 5047 ἐγκατάλειψιν.

2007 5077 2070 5132 Εἰ
2095 5074 2205 5146 γὰρ
2234 5070 2536 5144 ἀνθρώπων
2562 5066 2631 5142 ἦν
2658 5069 2819 5141 ἔργον
2857 5067 2917 5121 τὸ
2949 5066 3262 5136 γενόμενον,
3288 5062 3394 5118 ἔδει
3427 5060 3590 5132 μέχρι

2006 5160 2106 5231 τῆς
2129 5155 2384 5221 ἁλώσεως
2414 5154 2607 5225 στῆναι
2636 5154 2707 5207 τά
2741 5152 3003 5225 ὑμέτερα,
3039 5149 3135 5205 καὶ
3166 5147 3241 5231 μὴ
3281 5146 3591 5231 περαιτέρω

2007 5229 2290 5314 προελθεῖν
2318 5240 2472 5313 ὑμῶν
2517 5238 2616 5309 τὴν
2657 5237 2900 5308 ἀτιμίαν.
2941 5233 3159 5289 Κείσθω
3184 5230 3294 5303 γάρ
3325 5229 3467 5314 κατά
3498 5238 3591 5284 τόν

2008 5312 2273 5398 ὑμέτερον
2301 5312 2480 5394 λόγον,
2508 5324 2591 5376 ὅτι
2616 5319 2685 5374 τὰ
2712 5320 2865 5392 τείχη
2897 5315 3246 5386 κατέσκαψαν
3283 5315 3334 5367 οί
3377 5312 3589 5398 ἀνθρω-

2009 5397 2122 5475 ποι,
2155 5397 2251 5465 καὶ
2275 5410 2374 5480 τὴν
2408 5407 2563 5460 πόλιν
2588 5403 2857 5469 καθεῖλον,
2896 5403 2992 5457 καὶ
3033 5401 3123 5455 τὸν
3152 5398 3335 5473 βωμὸν
3368 5397 3588 5469 ἀνέτρε-

2067 5608 2097 5648 δ
2124 5609 2258 5668 Haec,
2282 5610 2377 5656 τῶν
2400 5609 2464 5663 εἷς
2480 5609 2603 5669 ὑμᾶς
2620 5605 3007 5668 συμϐεήκότων,
3034 5605 3102 5653 ἔτι
3127 5605 3205 5654 διὰ
3227 5605 3379 5666 λόγων
3396 5602 3593 5651 ἀπόδει-

2006 5673 2071 5726 ξιν
2094 5670 2371 5734 ἐπιζητεῖτε.
2398 5669 2582 5717 desunt
2601 5670 2650 5717 in
2676 5669 2849 5734 decep)
2872 5680 3001 5734 ωδε..
3066 5731 3074 5734 _
3156 5731 3165 5734 _
3316 5725 3325 5734 ο

2015 5719 2028 5726 ’
2055 5735 2091 5804 ’⁸
2118 5719 2254 5843 ΤΕ)ιό
2272 5719 2565 5795 scripturam
2588 5732 2777 5781 nolam
2800 5725 2966 5778 Μοηιπ
2989 5728 3042 5777 in
3064 5731 3205 5775 textu
3230 5725 3452 5774 scribens
3474 5719 3585 5779 ἇιγιῖι⁷

2005 5809 2116 5854 γων.
2164 5808 2172 5825 ο
2218 5806 2279 5842 ιτ.
