4084 6186
486 353 591 406 909

486 469 593 533 ᾤαν
610 481 623 494 ·
673 463 746 535 μὴ
777 464 1015 527 καὶτοὺς
1042 464 1323 535 προφήτας
1348 461 1622 533 ἅνθρωποι
1650 460 1891 513 ἐπαυσαν
1915 475 1930 523 ;
1981 457 2056 529 μὴ

487 548 586 619 τὴν
627 546 722 600 τοῦ
773 547 1085 616 Πνεύματος
1117 547 1274 616 χάριν
1303 544 1544 607 ἀνεῖλονς
1579 545 1653 615 μὴ
1701 544 1770 596 τά
1817 544 1952 597 ἄλλα
1992 542 2060 595 τὰ

492 629 664 700 σεμνὰ
691 627 759 681 τὰ
782 629 911 697 παρ’
937 630 1083 698 ὑμῖν,
1116 629 1268 681 αὐτοὶ
1294 628 1614 690 κατέλυσαν,
1649 622 1759 680 οἷον
1786 627 1845 679 τὸ
1877 624 2058 695 φωνὴν

491 715 556 767 ἐκ
600 712 691 765 τοῦ
731 711 1043 783 ίλαστηρίου
1083 710 1363 782 φέρεσθαι.
1396 712 1493 782 τὴν
1542 711 1635 763 ἐπ)⁸
1676 710 1753 781 τῷ
1800 711 2059 780 χρίσματι

491 795 787 865 γενομένην
816 795 1112 865 ἐνέργειαν,
1140 793 1237 864 τὴν
1266 793 1493 861 δήλωσιν
1527 792 1624 863 τὴν
1650 794 1739 844 ἐπὶ
1765 794 1870 845 τῶν
1899 790 2060 844 λίθων

490 881 581 933 τοῦ
619 878 843 950 ίερέως;
888 878 998 930 Καὶ
1024 876 1133 947 γὰρ
1165 879 1198 946 ή
1238 876 1499 945 Ἰουδαῖκὴ
1527 875 1772 927 πολιτεία
1802 876 1923 944 οὐχὶ
1959 873 2061 926 κά-

488 962 657 1015 τωθεν
690 962 867 1024 πάσας
902 958 1013 1030 εἶχε
1038 960 1136 1023 τὰς
1166 959 1357 1030 ἀρχὰς,
1389 957 1525 1011 ἀλλά
1562 956 1661 1019 τάς
1708 956 1925 1019 πλείους
1966 954 2063 1008 καὶ

490 1046 821 1116 σεμνοτέρας
854 1044 1059 1098 ἀνωθεν
1093 1045 1156 1096 ἐκ
1186 1044 1294 1096 τῶν
1321 1042 1593 1114 οὐρανῶψ
1642 1036 1753 1094 οἷόν
1798 1058 1849 1093 τι
1894 1040 2058 1107 λέγω,

491 1128 679 1190 θυσίας
708 1127 1054 1197 συνεχώρησε
1083 1125 1352 1193 γενέσθαι.
1372 1126 1429 1178 Ὀ
1466 1125 1564 1195 μὲν
1587 1121 1678 1178 οὖν
1708 1123 1889 1194 βωμὸς
1912 1123 2062 1177 κάτω

490 1207 578 1282 ἦν,
612 1212 706 1264 καὶ
730 1210 799 1263 τά
822 1210 967 1274 ξύλα,
1008 1210 1101 1262 καὶ
1130 1210 1162 1278 ἡ
1204 1209 1467 1279 μάχαιρα,
1495 1207 1589 1262 καὶ
1613 1210 1641 1260 6
1669 1207 1847 1279 ἱερεύς
1866 1224 1879 1238 ”
1915 1207 1976 1260 τὸ
2004 1207 2063 1260 δὲ

491 1293 622 1366 πῦρ,
651 1293 712 1346 τὺ
744 1293 935 1363 μέλλον
968 1293 1102 1345 ἰέναι
1140 1295 1197 1345 ἐν
1225 1295 1336 1355 τοῖς
1365 1292 1577 1355 ἀδύτοις
1602 1292 1828 1355 ἐκείνοις
1850 1291 2062 1355 καὶτὰς

493 1376 684 1439 Θυσίας
717 1375 980 1444 δαπανᾷν,
1012 1373 1215 1429 ἀνωθεν
1244 1369 1356 1444 εἶχε
1385 1375 1481 1445 τὴν
1508 1375 1698 1446 ἀρχήν.
1729 1377 1804 1429 Οὐ
1839 1375 1946 1447 γὰρ
1972 1375 2063 1429 ἄν-

493 1459 709 1528 θρωπος
739 1459 818 1520 εἰς
846 1458 937 1510 τὸν
970 1456 1094 1509 ναὸν
1136 1459 1322 1528 εἰσῆγε
1361 1457 1490 1528 πῦρ,
1519 1458 1655 1511 ἀλλά
1692 1459 1822 1528 φλὸξ
1858 1459 2062 1513 ἄνωθεν

493 1533 898 1611 κατενεχθεῖσα.
941 1542 1081 1595 οὕτω
1117 1542 1214 1613 τὴν
1264 1542 1356 1594 ἐπὶ
1402 1545 1501 1614 τῆς
1557 1543 1746 1607 θυσίας
1791 1544 2063 1597 διακονίαν

495 1625 751 1695 ἐπλήρου.
784 1626 888 1677 Καὶ
918 1624 1078 1677 πάλιν
1099 1624 1300 1678 εἴποτε
1331 1626 1433 1679 ἔδει
1456 1646 1508 1680 τι
1539 1627 1749 1698 μαθεῖν,
1774 1627 1878 1681 ἀνά
1902 1628 2063 1699 μέσον

502 1707 601 1760 τῶν
633 1707 893 1777 χερουθιμ
918 1708 982 1759 ἐκ
1022 1706 1117 1759 τοῦ
1162 1706 1477 1779 ίλαστηρίου
1514 1711 1663 1781 φωνή
1697 1727 1780 1772 τις
1813 1711 2062 1781 ἐφέρετο,

495 1790 589 1842 καὶ
613 1792 682 1842 τά
707 1790 967 1859 μέλλοντα
1002 1790 1289 1861 προύλεγε,
1324 1792 1490 1846 Πάλιν
1520 1794 1611 1846 ἐπὶ
1629 1793 1736 1848 τῶν
1769 1794 1929 1847 λίθων
1958 1794 2066 1848 τῶν

495 1873 587 1925 ἐπὶ
611 1872 705 1925 τοῦ
732 1873 960 1943 στήθους
988 1872 1079 1925 τοῦ
1104 1873 1425 1947 ἀρχιερέως,
1460 1876 1595 1946 ὅπερ
1632 1876 1858 1929 ἐκάλουν
1891 1875 2064 1946 δήλω-

498 1973 602 2023 σιν,
630 1957 837 2025 ἐγίνετό
859 1973 944 2019 τις
970 1955 1261 2026 ἓκλαμψις,
1292 1958 1388 2010 καὶ
1406 1957 1476 2010 τὰ
1503 1960 1761 2028 μέλλοντα
1781 1960 2064 2031 ἐσήμαινε.

495 2039 640 2110 Πρὸς
674 2039 900 2103 τούτοις,
932 2040 1092 2110 ήνίκα
1118 2040 1242 2093 τινὰ
1270 2041 1516 2112 χρίεσθαι
1549 2042 1674 2106 ἔδει,
1708 2045 1741 2112 ἡ
1773 2042 1866 2095 τοῦ
1900 2043 2069 2096 Πνεύ-

499 2139 667 2193 ματος
698 2123 856 2194 χάρις
890 2124 1174 2191 ἐφίπατο,
1205 2123 1357 2195 [655]
1388 2125 1483 2177 καὶ
1510 2124 1569 2178 τὸ
1598 2125 1774 2177 ἔλαιον
1795 2126 2065 2197 ἀνεπήδαο

496 2206 590 2261 καὶ
626 2207 899 2278 προφῆται
930 2205 1138 2269 τούτοις
1167 2206 1444 2276 διηκόνουν
1488 2210 1601 2271 τοῖς
1631 2208 1938 2279 πράγμασι,
1975 2210 2069 2262 καὶ

496 2292 694 2360 νεφέλη
724 2291 980 2354 πολλάκις
1004 2289 1097 2345 καὶ
1128 2289 1333 2352 καπνὸς
1352 2288 1420 2343 τὰ
1448 2289 1614 2342 ἄδυτα
1639 2291 2066 2361 κατελάμϐανεν.

498 2377 595 2430 Ἵν’
624 2371 716 2427 οὖν
750 2375 821 2445 μή
849 2376 1276 2445 ἀναισχυντῶσιν
1302 2374 1351 2426 οί
1389 2373 1651 2436 Ἰουδαῖοι,
1687 2364 1821 2444 μηδέ
1857 2373 2069 2445 ἀνθρώ-

498 2478 621 2524 ποις
645 2458 963 2527 λογίζωνται
985 2458 1083 2529 τὴν
1106 2456 1283 2512 αὐτῶν
1313 2458 1613 2529 ἐρήμωσιν,
1648 2458 1768 2527 οὐχὶ
1789 2456 1885 2528 τὴν
1916 2457 2070 2509 πόλιν

502 2545 659 2615 μόνον
690 2544 869 2612 ἀφῆκε
901 2546 1106 2607 πεσεῖν,
1140 2542 1235 2595 καὶ
1266 2542 1354 2595 τὸν
1389 2541 1512 2594 ναὸν
1544 2540 1914 2612 ἐρημωθῆναι,
1938 2539 2071 2593 ἀλλά

501 2632 595 2682 καὶ
630 2627 699 2681 τά
726 2629 1027 2700 πράγματα
1057 2629 1259 2689 ἐκεῖνα,
1296 2626 1439 2697 άπερ
1471 2627 1535 2678 ἐκ
1559 2626 1667 2677 τῶν
1702 2625 1942 2692 οὐρανῶν
1972 2624 2071 2688 τὰς

500 2712 672 2782 ἀρχὰς
698 2707 862 2779 εἶχεν,
896 2709 1135 2763 ἐκποδὼν
1165 2708 1418 2778 γενέσθαι
1451 2708 1697 2779 ἐποίησε,
1730 2708 1790 2760 τὺ
1824 2707 1953 2776 πῦρ,
1975 2707 2071 2778 τὴν

502 2794 705 2864 φωνὴν,
741 2794 837 2864 τὴν
870 2794 978 2847 τῶν
1022 2793 1182 2847 λίθων
1223 2794 1509 2865 ἔκλαμψιν,
1550 2794 1616 2847 τὰ
1640 2793 1775 2846 ἄλλα
1809 2793 1982 2846 πάντα
2005 2794 2072 2846 τά

500 2878 919 2930 τοιαῦτα.”οταν
949 2873 1040 2930 οὖν
1062 2877 1195 2949 λέγῃ
1228 2896 1309 2931 σοι
1337 2880 1365 2931 6
1401 2877 1669 2939 Ἰουδαῖος,
1693 2878 1774 2931 ὅτι
1799 2877 2073 2948 ἄνθρωποι

500 2962 635 3030 ἡμῖν
661 2960 1020 3030 ἐπολέμησαν,
1054 2961 1327 3031 ἄνθρωποι
1359 2960 1773 3024 ἐπεϐούλευσαν,
1796 2961 1915 3013 είπέ
1941 2961 2075 3031 πρὸς

503 3044 686 3107 αὑτὸν,
722 3043 970 3097 Μάλιστα
1008 3043 1106 3113 μὲν
1138 3045 1235 3097 οὐκ
1283 3044 1349 3098 ἂν
1396 3043 1740 3115 ἐπολέμησαν
1777 3043 2071 3114 ἄνθρωποι,

503 3129 552 3180 εί
600 3125 673 3197 μὴ
714 3127 742 3178 6
784 3125 916 3188 Θεὸς
965 3120 1554 3196 συνεχώρησεν.Ἔστω
1581 3126 1658 3191 δὲ,
1685 3125 1745 3178 τὸ
1775 3125 1952 3195 τεῖχός
1980 3142 2073 3177 σου

503 3209 750 3264 καθεῖλον
776 3210 823 3261 οἱ
855 3208 1159 3279 ἄνθρωποι·
1198 3209 1272 3281 μὴ
1303 3210 1365 3262 τὸ
1401 3209 1510 3281 πῦρ
1535 3209 1740 3264 ἀνωθεν
1768 3208 2074 3279 καταφέρε-

504 3295 629 3347 σθαι
657 3294 941 3365 ἀνθρωπος
969 3292 1272 3361 ἐκώλυσεν;
1304 3294 1377 3364 μὴ
1412 3294 1511 3364 τὴν
1535 3294 1718 3364 φωνὴν
1745 3293 1844 3362 τήν
1880 3293 1944 3345 ἐκ
1979 3291 2073 3344 τοῦ

507 3375 816 3449 ίλαστηρίου
852 3377 1088 3447 συνεχῶς
1136 3378 1474 3448 ἀκουομένην
1522 3377 1805 3448 ἄνθρωπος
1850 3377 2073 3447 ἐπέσχες

509 3460 584 3531 μὴ
607 3460 706 3531 τὴν
733 3460 962 3531 δήλωσιν
986 3459 1084 3530 τὴν
1115 3460 1335 3514 ἐπὶτῶν
1356 3459 1549 3523 λίθων;
1589 3461 1662 3530 μὴ
1696 3460 1755 3512 τὸ
1785 3463 1990 3531 χρῖσμα
2018 3461 2078 3513 τὺ

506 3541 813 3613 ίερατικόν;
848 3541 921 3612 μὴ
961 3542 1028 3594 τά
1061 3537 1194 3594 ἄλλα
1222 3541 1441 3597 ἅπαντα
1471 3542 1717 3595 καθεῖλεν
1762 3543 2074 3613 ἀνθρωπος;

506 3624 605 3694 οὐχ
632 3626 661 3678 6
692 3624 821 3687 Θεὸς
852 3623 1026 3676 ταῦτα
1057 3623 1389 3688 ἀνέστειλενς
1428 3626 1595 3677 Παντί
1621 3642 1722 3677 που
1749 3626 1906 3697 δῆλόν
1936 3626 2073 3680 ἐστι.

507 3707 662 3769 Τίνος
695 3704 787 3761 οῦν
816 3708 998 3759 ἐνεκεν
1031 3707 1269 3773 ἀνεῖλεν;
1316 3709 1414 3761 οὐκ
1450 3707 1690 3779 εὔδηλον,
1724 3711 1805 3762 ὅτι
1845 3712 2078 3779 μισήσας

508 3794 654 3862 ὑμᾶς
686 3792 780 3846 καὶ
811 3791 1179 3862 ἀποστραφεὶς
1231 3792 1518 3856 καθάπαξ;
1549 3794 1701 3863 Οὐχὶ,
1737 3793 1899 3863 φησίν
1922 3810 1935 3822 ⁸
1963 3793 2075 3846 ἀλλ’

507 3877 693 3949 ἐπειδὴ
721 3878 820 3950 τὴν
855 3877 1183 3948 μητρόπολιν
1207 3878 1306 3930 οὐκ
1335 3878 1550 3948 ἔχομεν,
1580 3878 1669 3931 διά
1710 3878 1866 3932 τοῦτο
1904 3878 2077 3931 ταῦτα

507 3963 608 4017 οὐκ
652 3963 865 4034 ἔχομεν.
899 3963 1054 4027 Τίνος
1097 3964 1154 4016 δὲ
1208 3962 1392 4016 ἕνεκεν
1442 3963 1540 4033 τὴν
1594 3962 1925 4034 μητρόπολιν
1976 3965 2077 4016 οὐκ

508 4046 693 4118 {xz-zzz;
723 4049 821 4102 ούκ
854 4049 1039 4119 ἐπειδὴ
1074 4049 1216 4118 ὑμᾶς
1245 4050 1273 4101 6
1300 4048 1432 4111 Θεὸς
1469 4048 1829 4116 ἐγκατέλιπε;

576 4131 791 4186 Μᾶλλον
822 4131 901 4197 δὲ,
930 4133 1015 4185 ἵνα
1060 4133 1124 4185 ἐκ
1161 4133 1474 4203 περιουσίας
1515 4132 1585 4185 τὰ
1628 4133 1954 4203 ἀναίσχυντα
1981 4133 2079 4185 αύ-

506 4221 615 4275 τῶν
646 4221 1011 4292 ἐμφράξωμεν
1042 4220 1304 4291 στόματα,
1339 4221 1472 4292 φέρε
1505 4221 1597 4273 καὶ
1625 4220 1782 4274 τοῦτο
1810 4222 1875 4274 δι’
1900 4221 2076 4274 αὐτῶν

506 4306 872 4376 ἀποδείξωμεν
904 4306 1011 4359 τῶν
1035 4306 1284 4375 Γραφῶν,
1320 4306 1400 4358 ὅτι
1429 4306 1524 4375 οὐχ
1551 4307 1583 4375 ἡ
1617 4305 1710 4358 τοῦ
1753 4306 1880 4358 ναοῦ
1908 4323 2077 4358 κατα-

508 4390 692 4460 σκαφὴ
726 4390 826 4458 τῆς
853 4389 993 4443 κατὰ
1020 4390 1116 4460 τὴν
1142 4390 1477 4461 προφητείαν
1511 4389 1840 4461 ἀναιρέσεώς
1870 4392 2015 4443 ἐστιν
2041 4393 2075 4461 ή

509 4474 679 4535 αἰτία,
710 4472 822 4525 ἀλλ’
851 4474 883 4543 ἡ
910 4473 1045 4545 ὀργὴ
1090 4473 1183 4526 τοῦ
1218 4474 1372 4537 Θεοῦ,
1423 4474 1518 4527 καὶ
1544 4474 1604 4527 τὸ
1637 4474 1894 4545 μειζόνως
1918 4473 2077 4528 αὑτὸν

510 4554 807 4623 παροξῦναι
836 4554 930 4607 νῦν
961 4555 1048 4607 διὰ
1079 4557 1176 4626 τῆς
1204 4558 1283 4617 εἰς
1310 4556 1401 4608 τὸν
1430 4556 1662 4627 Χριστὸν
1688 4557 1903 4625 μανίας,
1930 4556 1961 4626 ἢ
1987 4557 2076 4609 ὅτε

509 4638 601 4691 τὸν
638 4636 835 4706 μόσχον
862 4638 1428 4707 προσεκύνησαν.”υτε
1463 4637 1592 4705 γοῦν
1624 4641 1652 4691 6
1681 4639 1917 4708 Μωῡσῆς
1948 4656 2078 4709 προ-

510 4722 825 4790 εφήτευσεν,
855 4719 977 4773 οὔτε
1022 4721 1148 4781 ναὸς
1194 4716 1281 4790 ἦν,
1321 4719 1443 4773 οῦτε
1488 4720 1691 4791 βωμὸς,
1725 4722 1860 4774 ἀλλά
1910 4722 2078 4794 μυρία

510 4803 833 4865 ἀσεϐοῦντες
880 4801 1164 4865 διετέλουν,
1193 4803 1286 4855 καὶ
1337 4802 1398 4854 τὸ
1445 4803 1546 4873 τῆς
1592 4805 1934 4879 ,προφητείας
1979 4806 2078 4858 οὐκ

509 4887 726 4957 ἀπέπτη
748 4899 773 4926 α
807 4886 1068 4957 χάρισμα,
1100 4885 1235 4938 ἀλλά
1260 4886 1354 4939 καὶ
1384 4879 1538 4950 οὗτος
1567 4887 1727 4951 αὐτὸς
1750 4892 1777 4941 6
1799 4891 1970 4958 μέγας
1985 4892 2078 4944 καὶ

508 4971 751 5038 γενναῖος
777 4969 936 5039 ἀνὴρ,
973 4968 1067 5021 καὶ
1095 4968 1271 5037 ἕτεροι
1297 4969 1431 5039 πρὸς
1459 4969 1633 5041 τούτῳ
1659 4970 1821 5023 πάλιν
1858 4971 2079 5043 ἐϐδομή-

510 5067 673 5106 κοντα
698 5050 1083 5120 ἀνεδείχθησαν
1109 5050 1229 5102 τότε
1257 5051 1549 5121 προφῆται.
1597 5053 1707 5105 Καὶ
1739 5054 1800 5105 οὐ
1836 5053 1957 5106 τότε
1991 5054 2080 5124 μό-

510 5151 599 5188 νον
620 5132 667 5195 b.
701 5134 836 5187 ἀλλά
856 5134 950 5186 καὶ
979 5132 1116 5203 μετά
1138 5132 1311 5185 ταῦτα
1335 5134 1462 5187 ναοῦ
1479 5134 1740 5201 δοθέντος,
1770 5136 1972 5208 καὶτῆς
1993 5137 2080 5189 ἄλ-

510 5217 607 5287 λης
627 5217 878 5287 λατρείας
911 5217 1127 5287 ἀπάσης
1145 5233 1158 5246 ·
1182 5211 1299 5268 εἶτα
1332 5217 1737 5287 ἐμπρησθέντος
1755 5218 1964 5283 τούτου,
1987 5219 2080 5273 καὶ

510 5300 725 5353 πάντων
754 5300 1029 5371 ἀχθέντων
1054 5303 1133 5365 είς
1166 5301 1477 5367 Βαϐυλῶνα,
1508 5302 1667 5355 πάλιν
1712 5303 1967 5375 Ίεζεκιηλ
1988 5305 2080 5357 καὶ

511 5383 703 5454 Δανιὴλ
733 5384 791 5435 οὐ
826 5383 895 5437 τά
926 5384 1055 5452 am
1092 5384 1201 5438 τῶν
1226 5386 1397 5455 ἀγίων
1430 5385 1682 5457 ὁρῶντες,
1713 5386 1774 5438 οῦ
1804 5386 1955 5459 παρά
1990 5388 2080 5439 τὸν

514 5462 691 5536 βωμὸν
723 5465 977 5531 ἑστῶτες,
1011 5467 1124 5521 ἀλλ’
1158 5470 1215 5522 ἐν
1266 5470 1403 5541 μέσῃ
1451 5468 1604 5540 χώρα
1639 5469 1949 5543 βαρόάρων,
1992 5488 2082 5541 με·

573 5674 597 5738 _‘
621 5671 763 5739 Alius
781 5674 966 5734 ἀπέπτη
988 5679 1130 5739 ὅμως.

566 5733 704 5805 b‘Sic
732 5741 865 5805 rgcle
884 5733 1234 5844 luindueﬁmss.
1275 5744 1325 5790 cl
1350 5743 1499 5791 Savil.
1545 5743 1711 5792 Moml‘.
1743 5746 1797 5791 οὐ
1841 5745 1981 5794 τοῦτο
2005 5763 2074 5806 μ..

602 5793 731 5843 Idem
756 5794 875 5844 Infra
927 5800 1244 5844 ναιοεθέντων.
1264 5803 1310 5844 ἐν
1330 5810 1386 5844 τῆ
1414 5806 1672 5844 ηαιξυ),ρίινι-
1697 5807 1824 5844 mund
1846 5820 1873 5844 ρ
1896 5808 1980 5844 Rm
1995 5810 2074 5844 |Im

513 5802 582 5869 ει,
602 5793 731 5869 iuem
756 5794 876 5869 iuer
895 5793 1244 5869 ἀναιρεθέντων,
1264 5803 1310 5850 ἐν
1330 5810 1386 5865 τῇ
1414 5806 1674 5865 Βαϐυλῶνι,
1697 5807 1827 5866 quod
1846 5820 1873 5854 ι’
1896 5793 1980 5856 εει
1994 5793 2077 5855 {lui

515 5856 663 5906 etiam
685 5856 1153 5909 correximusilimr.

1240 347 1296 404 S.
1336 346 1623 403 JOANNES
1657 341 2143 400 CHRYSOSTOMI
2181 342 2497 399 ARCHIEP.
2542 342 3075 401 CONSTANTINOP.

3618 340 3723 397 9w

2158 457 2292 523 ταξὺ
2338 458 2667 528 παρανόμων
2715 459 2809 511 καὶ
2854 456 3175 526 ἀκαθάρτων
3207 453 3357 516 ὄντες
3406 450 3719 524 ἀνθρώπων,

2163 542 2471 613 πνεύματος
2511 541 2865 614 ἐπληροῦντο,
2903 540 2997 594 καὶ
3018 540 3087 592 τὰ
3120 536 3381 610 μέλλοντα
3408 536 3721 608 προῦλεγον⁹

2163 629 2257 680 καὶ
2289 627 2467 698 πολλῷ
2498 627 2606 681 τῶν
2640 627 2919 697 προτέρων
2950 625 3043 679 καὶ
3066 625 3287 678 πλείονα
3314 621 3411 676 καὶ
3439 622 3726 693 παραδοξό-

2160 726 2291 779 τερα
2338 705 2489 763 εῐπον
2517 710 2833 780 πράγματα,
2862 710 2957 763 καλ⁸
2982 708 3103 777 ὄψιν
3136 706 3428 761 ἐθεάσαντο
3456 705 3623 766 θείαν,
3650 706 3724 768 ὡς

2162 793 2346 856 αὐτοῖς
2378 792 2605 848 δυνατὸν
2640 790 2707 864 ἦν
2746 794 2891 846 ἰδεῖν.
2928 792 3085 854 Τίνος
3112 786 3205 845 οὖν
3233 790 3440 855 ἐνεκεν,
3464 788 3586 842 είπέ
3615 806 3722 859 μοι,

2161 878 2256 931 νῦν
2300 877 2400 930 ούκ
2429 877 2579 947 ἔχετε
2608 879 2919 948 προφήτας;
2962 877 3063 929 οὐκ
3087 874 3329 944 εὔδηλον,
3355 874 3443 926 ὅτι
3466 872 3558 926 τοῦ
3595 872 3725 925 Θεοῦ

2163 961 2233 1014 τά
2257 960 2377 1014 καθ’
2404 962 2549 1031 ὑμᾶς
2575 961 3011 1032 ἀποστραφέντος
3034 977 3049 1025 ;
3077 959 3232 1023 Τίνος
3259 952 3352 1012 οὖν
3380 956 3564 1011 ἕνεκεν
3587 956 3729 1024 ὑμᾶς

2161 1043 2514 1116 ἀπεστράφη;
2556 1043 2792 1114 Εὔδηλον
2848 1044 2942 1096 καὶ
2980 1041 3138 1095 τοῦτο
3187 1039 3369 1101 πάλιν,
3403 1040 3485 1092 ὅτι
3513 1037 3604 1091 διὰ
3640 1037 3735 1091 τὸν

2164 1126 2539 1198 σταυρωθέντα
2584 1128 2678 1181 καὶ
2719 1126 2818 1197 τὴν
2848 1126 3049 1195 τόλμαν
3085 1123 3183 1195 τὴν
3233 1121 3551 1194 παράνομον
3591 1120 3731 1172 ἐκεί-

2162 1226 2278 1277 νην.
2309 1208 2478 1261 Πόθεν
2500 1208 2658 1262 τοῦτο
2693 1206 2874 1279 δῆλον,
2907 1208 3098 1279 φησίν;
3142 1205 3258 1272 Ἀφ’
3291 1198 3365 1257 ῶν
3396 1204 3501 1274 πρὸ
3541 1202 3735 1255 τούτου

2167 1291 2264 1361 μὲν
2290 1292 2630 1358 ἀσεϐοῦντες,
2658 1295 2876 1347 πάντων
2897 1290 3311 1359 ἐπετυγχάνετε,
3328 1288 3421 1341 νῦν
3441 1287 3497 1339 δέ
3520 1285 3737 1339 δοκοῦν-

2163 1391 2254 1437 τες
2299 1375 2700 1446 ἐπιεικέστερον
2749 1375 2846 1445 ζῇν
2896 1373 3034 1445 μετά
3076 1374 3167 1426 τὸν
3214 1371 3468 1442 σταυρὸν,
3512 1370 3735 1441 μείζονα

2165 1459 2465 1528 ὑπομένετε
2494 1459 2783 1531 τιμωρίαν,
2812 1459 2907 1512 καὶ⁵
2926 1457 3137 1520 οὐδενὸς
3156 1455 3456 1510 ἀπολαύετε
3478 1452 3587 1506 τῶν
3607 1468 3738 1522 προ-

2162 1543 2357 1615 τέρων.

2234 1613 2420 1681 ε¹.’⁹1να
2438 1626 2493 1679 δὲ
2519 1628 2612 1680 καὶ
2631 1628 2725 1681 ἀπ’
2744 1626 2921 1682 αὐτῶν
2945 1626 3054 1679 τῶν
3075 1622 3366 1696 προφητῶν
3379 1619 3543 1674 τοῦτο
3552 1613 3737 1685 σαφῶς

2164 1710 2259 1762 καὶ
2296 1709 2588 1781 διαρρήδην
2632 1710 3020 1780 παριστώντων
3047 1708 3144 1779 τὴν
3170 1707 3348 1761 αἰτίαν
3378 1705 3486 1758 τῶν
3529 1703 3740 1773 παρόν-

2165 1810 2272 1845 των
2310 1793 2493 1846 κακῶν
2525 1794 2753 1864 μάθητε,
2781 1794 3047 1847 ἀκούσατε
3078 1792 3130 1844 τί
3157 1808 3321 1862 φησιν
3360 1789 3603 1851 Ἡσαΐας,
3617 1785 3742 1849 πῶς

2168 1879 2263 1931 καὶ
2286 1876 2383 1948 τὴν
2412 1878 2675 1949 ἐσομένην
2701 1878 3019 1949 εὐεργεσίαν
3040 1878 3174 1930 πᾶσι
3198 1874 3288 1929 διὰ
3309 1873 3411 1927 τοῦ¹
3609 1871 3743 1949 Χρι-

2170 1961 2296 2014 στοῦ
2323 1961 2599 2032 προλέγει,
2632 1948 2728 2015 καὶ
2767 1948 2866 2032 τὴν
2904 1960 3173 2031 ὑμετέραν
3205 1954 3633 2027 ἀγνωμοσύνην
3662 1948 3749 2015 Τῷ

2162 2043 2408 2113 μώλωπι
2438 2044 2645 2106 αὐτοῦ,
2679 2044 2861 2114 φησὶν,
2891 2043 3063 2112 ἡμεῖς
3092 2041 3339 2110 [domm
3360 2056 3375 2069 -
3406 2036 3505 2109 τὴν
3530 2035 3618 2088 διὰ
3644 2032 3741 2114 Ἔοῦ

2171 2127 2401 2198 σταυροῦ
2431 2128 2700 2199 σωτηρίαν
2726 2112 2858 2180 πᾶσι
2886 2126 3183 2196 γενομένην
3206 2122 3489 2195 προλέγων
3507 2130 3553 2174 ο.
3602 2112 3745 2169 Εἶτα

2168 2208 2338 2278 λέγων
2383 2212 2541 2281 ἡμεῖς
2586 2210 2749 2273 τινες,
2778 2211 3050 2281 ἐπήγαγε·
3090 2208 3318 2271 Πάντες
3355 2205 3437 2269 ὡς
3477 2202 3745 2269 πρόϐατα

2168 2292 2608 2363 mam-2507198,»,
2649 2293 2955 2361 ἄνθρωπος
2981 2293 3049 2347 ἐν
3087 2292 3161 2361 τῇ
3193 2288 3310 2355 όδῷ
3337 2287 3525 2342 αὑτοῦ
3555 2286 3745 2337 ἐπλα-

2169 2376 2345 2444 νήθη.
2377 2378 2485 2430 Καὶ
2513 2377 2684 2444 λέγων
2711 2377 2803 2430 τοῦ
2838 2376 3071 2449 σταυροῦ
3099 2376 3189 2429 τὸν
3209 2373 3429 2445 τρόπον,
3458 2370 3600 2424 οὓτω
3625 2369 3747 2431 πώς

2173 2478 2367 2530 φησιν·
2407 2462 2500 2527 Ὠς
2530 2462 2826 2530 πρόϐατον
2867 2461 2966 2515 ἐπὶ
3010 2458 3257 2529 σφαγὴν
3294 2456 3472 2525 ἤχθη,
3514 2451 3612 2506 καὶ
3665 2450 3747 2515 ὡς

2171 2548 2359 2616 ἀμνὸς
2378 2547 2655 2601 ἐναντίον
2680 2547 2786 2601 τοῦ
2819 2547 3120 2615 κειζροντος
3141 2543 3328 2601 αὐτὸν
3355 2541 3609 2610 ἄφωνος,
3639 2537 3748 2590 οὔ-

2173 2652 2287 2700 τως
2318 2636 2428 2687 οὐκ
2460 2634 2682 2701 ἀνοίγει
2719 2632 2787 2686 τὸ
2830 2634 3025 2702 στόμα
3057 2630 3242 2685 αὑτοῦ
3262 2644 3276 2659 ·
3328 2628 3398 2680 ἐν
3431 2624 3507 2693 τῇ
3543 2639 3750 2677 ταπει-

2172 2719 2349 2773 νώσει
2381 2718 2566 2773 αὑτοῦ
2594 2720 2631 2786 ἠ
2663 2719 2863 2785 κρίσις
2888 2716 3072 2771 αὑτοῦ
3099 2714 3273 2783 ἤρθη.
3304 2711 3410 2764 Καὶ
3437 2707 3540 2761 ποῦ
3568 2706 3748 2759 ταῦτα

2174 2802 2318 2855 ἐστιν
2352 2802 2478 2855 ἰδεῖν
2510 2801 2822 2866 ἐξελθόντα;
2862 2800 2952 2854 Ἐν
2976 2799 3054 2870 τῷ
3083 2798 3382 2870 παρανόμῳ
3407 2792 3749 2862 δικαστηρίῳ

2174 2887 2427 2940 Πιλάτου.
2468 2885 2716 2939 Τοσαῦτα
2756 2884 2866 2956 γὰρ
2909 2879 3519 2955 καταμαρτυρησάντων
3551 2873 3748 2956 αύτρῦ,

2176 2971 2359 3039 φησὶν,
2386 2968 2537 3022 οὐδὲν
2564 2952 2894 3039 ἀπεκρίνατο
2920 2952 3102 3029 αὐτοῖς
3131 2952 3161 3018 6
3202 2960 3433 3033 ’1ησοῦς’
3470 2959 3566 3013 καὶ
3618 2952 3750 3010 εἷπε

2176 3053 2311 3123 πρὸς
2331 3051 2491 3105 αὐτὸν
2513 3052 2542 3104 6
2570 3052 2824 3123 ἡγεμών·
2861 3051 3113 3115 Ἀκούεις
3147 3049 3204 3102 τί
3233 3042 3399 3104 οὗτοι
3423 3060 3539 3099 σου
3564 3059 3753 3096 κατα-

2170 3134 2574 3205 ,ιιαρτυροῦσις
2618 3136 2728 3188 Καὶ
2768 3134 2919 3187 οὐδὲν
2960 3132 3312 3203 ἀπεκρίνατο,
3352 3129 3468 3183 ἀλλ’
3501 3126 3753 3196 εἱστήκει

2178 3218 2366 3287 σιγῶν,
2401 3217 2570 3271 Τοῦτο
2602 3218 2780 3273 τοίνυν
2825 3220 2854 3270 6
2902 3218 3184 3288 προφήτης
3235 3209 3483 3269 ἀνωθενά
3529 3208 3753 3275 ἔλεγεν⁸

2187 3304 2281 3368 Ὠς
2308 3303 2605 3369 πρόϐατον
2646 3301 2746 3354 ἐπὶ
2790 3299 3034 3370 σφαγὴν
3074 3298 3253 3367 ἤχθη,
3294 3295 3392 3349 καί
3436 3295 3517 3359 ὡς
3554 3290 3755 3361 ἀμνὸς

2175 3386 2451 3440 ἐναντίον
2490 3385 2595 3438 τοῦ
2629 3385 2932 3452 κείροντος
2960 3382 3146 3435 αὐτὸν
3172 3380 3428 3450 ἄφωνος.
3464 3375 3599 3430 Εἶτα
3638 3376 3754 3429 δειε-

2177 3471 2312 3532 κνὺς
2341 3470 2440 3539 τὴν
2489 3468 2835 3538 παρανομίαν
2857 3465 2955 3537 τὴν
2983 3467 3040 3518 ἐν
3069 3464 3145 3535 τῷ
3170 3463 3505 3533 δικαστηρίῳ
3527 3460 3755 3531 γενομέ-

2176 3571 2272 3623 νην
2297 3553 2438 3615 τότε,
2474 3552 2668 3621 φησίν·
2716 3551 2811 3603 Ἐν
2838 3548 2911 3617 τῇ
2943 3546 3293 3602 ταπεινώσει
3316 3546 3503 3601 αὑτοῦ
3550 3545 3588 3611 ἡ
3622 3544 3755 3612 κρι-

2177 3655 2277 3701 σις
2312 3636 2498 3690 αὐτοῦ
2547 3635 2719 3702 ἤρθη.
2764 3633 2950 3696 Οὐδεὶς
2979 3632 3180 3686 αὐτδνο
3213 3631 3355 3684 κατὰ
3406 3630 3496 3683 τὸν
3544 3627 3640 3681 τοῦ
3682 3627 3757 3680 δι.-

2177 3721 2331 3773 καίου
2379 3720 2537 3787 λόγον
2575 3717 2877 3787 ἐψηφίσατο
2902 3717 3044 3779 τότε,
3074 3714 3188 3769 ἀλλ’
3214 3713 3462 3779 ἐδέξαντο
3488 3714 3587 3773 τὰς
3610 3711 3756 3780 ψευ·

2177 3803 2285 3866 δεῖς
2319 3802 2625 3873 μαρτυρίας
2654 3800 2752 3862 τάς
2782 3803 2900 3853 κατ’
2923 3798 3108 3854 αὐτοῦ.
3132 3796 3205 3850 Τὸ
3240 3795 3297 3847 δὲ
3341 3795 3512 3848 αἴτιον
3558 3794 3649 3845 διά
3690 3792 3756 3845 τὸ

2180 3889 2253 3959 μή
2308 3886 2588 3957 βούλεσθαι
2621 3887 2794 3940 αὑτὸν
2823 3883 3160 3949 ἐπεξελθεῖν·
3207 3883 3255 3934 εἰ
3310 3879 3420 3949 γὰρ
3472 3875 3752 3942 ἐϐούλετο,

2180 3971 2358 4024 πάντα
2385 3970 2451 4024 ἂν
2485 3970 2700 4042 ἐδόνησε
2727 3971 2822 4024 καὶ
2847 3970 3073 4022 ἔσεισεν.
3105 3968 3166 4019 Εἰ
3203 3965 3310 4037 γὰρ
3335 3962 3429 4016 ἐπὶ
3463 3960 3558 4015 τοῦ
3592 3977 3756 4013 σταυ-

2179 4053 2273 4126 ροῦ
2302 4053 2421 4106 τότε
2447 4053 2543 4116 ὢν,
2574 4056 2675 4116 τὰς
2724 4053 2926 4123 πέτρας
2968 4049 3244 4123 διέρρηξε,
3276 4048 3375 4117 τὴν
3423 4044 3755 4114 οἰκουμένην

2178 4139 2442 4197 ἐσκότισε,
2465 4138 2560 4202 τὰς
2596 4139 2817 4200 ἀκτῖνας
2847 4134 3153 4205 ἀπέστρεψε
3181 4132 3279 4195 τὰς
3301 4129 3551 4201 ήλιακάς,
3577 4126 3752 4179 νύκτα

2177 4222 2235 4274 ἐν
2282 4220 2463 4291 ἡμέρα
2514 4220 2786 4289 πανταχοῦ
2816 4219 2916 4289 τῆς
2952 4219 3054 4287 γῆς
3083 4216 3324 4286 ἐποίησε,
3353 4212 3445 4267 καὶ
3476 4214 3533 4263 ἐν
3562 4208 3639 4277 τῷ
3671 4208 3752 4261 δι·-

2179 4306 2459 4378 καστηρίῳ
2490 4305 2713 4368 δυνατὸς
2734 4301 2802 4375 ἦν
2824 4303 2978 4357 τοῦτο
3004 4301 3248 4371 ποιῆσαι.
3267 4298 3404 4351 Ἀλλ’
3428 4297 3527 4349 οὐκ
3551 4293 3752 4378 ήθέληί-

2181 4408 2261 4455 σε,
2313 4376 2589 4463 πραότητα
2638 4391 2733 4444 καὶ
2782 4389 3079 4443 ἐπιείκειαν
3131 4384 3594 4451 ἐπιδεικνύμενος.
3652 4376 3752 4430 Διά

2178 4474 2335 4527 τοῦτό
2360 4492 2551 4544 φησιν·
2597 4476 2694 4527 Ἐν
2738 4473 2812 4541 τῇ
2852 4470 3203 4527 ταπεινώσει
3244 4466 3429 4523 αὐτοῦ
3476 4466 3515 4533 ἡ
3552 4463 3753 4531 κρίσις

2178 4556 2363 4611 αὐτοῦ
2396 4556 2566 4625 ἤρθη.
2598 4554 2731 4613 Εἶτα
2767 4559 2979 4620 δεικνὺς
3005 4556 3080 4618 ὡς
3126 4555 3225 4607 οὐκ
3266 4552 3549 4622 ἄνθρωπος
3569 4545 3638 4619 ἦν
3668 4547 3758 4612 εἰς

2179 4643 2286 4696 τῶν
2315 4642 2542 4707 πολλῶν,
2581 4644 2826 4714 ἐπήγαγε
2848 4658 2861 4670 ·
2900 4640 3019 4709 Τὴν
3057 4638 3125 4691 δὲ
3173 4637 3386 4706 γενεὰν
3434 4632 3621 4687 αὐτοῦ
3659 4629 3752 4694 τίς

2181 4726 2563 4797 διηγήσεταυ
2596 4728 2692 4790 Τίς
2725 4728 2834 4797 γάρ
2851 4728 2967 4778 ἐστι
2992 4725 3119 4794 περὶ
3149 4717 3247 4775 οἷ’)ῐ
3286 4737 3450 4789 φησιν
3477 4719 3559 4771 ὅτι
3588 4716 3751 4783 Αἵρε-

2180 4827 2276 4864 ται
2317 4811 2436 4864 ἀπὸ
2477 4810 2587 4877 τῆς
2618 4809 2731 4879 γῆς
2769 4811 2808 4876 ἠ
2860 4807 2970 4875 ζωὴ
3019 4806 3247 4867 autat};
3285 4803 3383 4856 Διά
3410 4800 3569 4854 τοῦτο
3602 4799 3692 4851 καὶ
3719 4798 3750 4849 6

2182 4893 2393 4957 Παῦλός
2423 4878 2635 4964 φησιν(
2666 4895 2726 4947 Ἡ
2769 4892 2879 4961 ζωὴ
2921 4891 3092 4962 ἡμῶν
3132 4889 3461 4957 κέκρυπται
3503 4885 3629 4938 σὺν
3668 4878 3753 4945 τῷ

2180 4974 2410 5043 Χριστῷ
2433 4977 2503 5029 ἐν
2530 4976 2609 5041 τῷ
2638 4974 2971 5042 Θεῷ.”οταν
2993 4978 3027 5029 ὀ
3053 4972 3305 5043 Χριστός
3340 4966 3673 5040 φανερωθῇ,
3704 4966 3748 5031 ἡ

2181 5055 2290 5125 ζωὴ
2332 5058 2518 5127 ἡμῶν,
2567 5060 2698 5111 τότε
2742 5057 2841 5111 καὶ
2880 5057 3049 5127 ὑμεῖς
3087 5054 3584 5126 φανερωθήσεσθε
3629 5048 3752 5105 σὺν

2180 5142 2339 5206 αὐτῷ
2369 5143 2441 5196 ἐν
2464 5143 2633 5211 δόξῃ.
2651 5143 2787 5195 Ἀλλ’
2814 5145 2950 5215 ὅπερ
2979 5141 3288 5213 προεθέμην
3314 5141 3486 5192 εἰπεῖν
3518 5138 3611 5191 καὶ
3641 5136 3749 5188 δεῖ-

2185 5225 2291 5290 ξαι,
2316 5227 2398 5279 ὅτι
2426 5226 2492 5279 δι’
2520 5227 2681 5280 αὐτὸν
2708 5227 2775 5281 τά
2806 5227 3049 5297 παρόντα
3078 5225 3407 5296 ὑπομένουσι
3434 5223 3599 5287 κακὰ,
3633 5221 3748 5289 ὥρα

2183 5309 2364 5362 λοιπὸν
2412 5312 2724 5379 εἰσαγαγεῖν
2758 5310 2848 5362 τὸν
2887 5310 3110 5363 Ἡσαΐαν
3154 5310 3397 5377 λέγοντα.
3426 5307 3536 5361 Ποῦ
3575 5304 3749 5359 τοίνυν

2184 5392 2341 5447 τοῦτό
2384 5409 2551 5463 φησι;
2588 5395 2740 5447 Μετά
2789 5393 2849 5446 τὸ
2897 5393 3267 5464 δικαστήριον,
3302 5393 3440 5463 μετά
3475 5392 3573 5460 τὴν
3622 5406 3750 5457 σφα·

2183 5476 2303 5547 γὴν,
2334 5477 2471 5547 μετά
2491 5477 2589 5546 τὴν
2621 5477 2906 5547 ἀνάληψιν,
2944 5477 3083 5547 μετὰ
3110 5478 3173 5531 τὸ
3197 5480 3370 5533 εἰπεῖν
3397 5477 3479 5531 ὅτι
3516 5475 3745 5543 Αἲρεται

2246 5686 2270 5755 ’ξ
2291 5682 2517 5755 Quinque
2541 5695 2652 5731 mss.
2681 5687 2733 5755 ει
2753 5681 2863 5755 δεμ*2
2890 5682 3217 5755 αἰνιττόμενος.

2247 5746 2272 5781 ά
2292 5743 2517 5804 Quinque
2538 5758 2651 5791 mss.
2672 5745 2698 5791 6
2714 5743 2952 5805 προφήτης
2972 5743 3125 5801 δηλῶν
3146 5744 3337 5793 ἀνωθεν.

2246 5807 2266 5827 ⁸
2296 5807 2391 5853 Alii
2418 5813 2469 5853 (ιι
2491 5805 2637 5853 Savil.
2667 5805 2814 5858 οὐδεὶς
2832 5806 2978 5865 αὐτῷ.

2251 5865 2269 5905 ί
2296 5867 2393 5917 Alii
2416 5867 2482 5922 τίς
2505 5868 2553 5916 δέ
2574 5866 2707 5921 οὗτος
2727 5869 2829 5927 περὶ
2867 5865 2939 5913 ού.
