4084 6186
341 368 443 423 909

335 492 449 537 tare
476 481 775 550 dejectum;
822 496 946 535 num
976 491 1030 537 et
1075 481 1203 537 illud
1232 474 1318 537 'ab
1354 479 1659 536 hominibus
1700 479 1917 542 factum,

328 571 474 640 quod
504 572 777 642 prophetae
821 572 1140 628 cessarunt?
1183 572 1320 627 Num
1357 580 1413 627 et
1454 572 1671 642 spiritus
1694 572 1918 642 gratiam

328 664 695 718 sustulerunt?
720 663 852 719 Num
887 664 986 718 alia
1010 679 1127 734 qua:
1154 662 1294 733 apud
1313 677 1409 717 vos
1443 662 1591 717 fuere
1618 662 1919 716 veneranda

326 758 727 822 destruxerunt,
765 756 928 809 veluti
973 771 1158 809 vocem
1210 756 1279 809 de
1334 754 1698 824 propitiatorio
1743 752 1915 815 reddi.

331 838 435 902 vim
464 848 747 910 unctionis,
783 847 1195 902 declarationem
1223 863 1342 918 quae
1372 846 1543 901 flebas
1573 848 1624 901 in
1656 845 1916 915 lapidibus

328 937 619 993 sacerdotis
635 937 661 992 ?
677 937 860 1008 Neque
876 938 1017 992 enim
1043 938 1258 992 Judaica
1279 938 1464 1008 religio
1480 937 1710 1006 origines
1729 950 1917 991 omnes

330 1028 559 1083 habebat
576 1044 641 1083 ex
668 1029 1025 1091 inferioribus,
1046 1028 1137 1083 sed
1157 1029 1333 1099 plures
1355 1044 1416 1083 ac
1436 1027 1917 1097 magnificentiores

330 1135 562 1190 superne
592 1136 621 1174 e
659 1120 824 1175 cmlis.
856 1120 1095 1190 Exempli
1123 1136 1279 1175 causa
1315 1140 1328 1175 :
1373 1121 1616 1191 permisit
1658 1120 1913 1175 sacriﬁcia

328 1212 466 1265 lieri.
506 1210 688 1265 Altare
737 1210 949 1280 quidem
978 1220 1094 1266 erat
1134 1211 1289 1275 infra,
1342 1212 1574 1280 itemque
1616 1211 1822 1280 gladius
1862 1218 1916 1266 et

328 1302 491 1373 ligna,
539 1318 745 1358 necnon
789 1303 1080 1358 sacerdos:
1122 1312 1374 1358 castorum
1404 1302 1538 1372 ignis
1577 1312 1830 1357 venturus
1860 1302 1911 1357 in

325 1394 482 1464 adyta
512 1392 625 1461 illa,
655 1394 999 1462 victimasque
1025 1401 1462 1463 consumpturus,
1494 1407 1526 1447 e
1553 1394 1798 1462 supernis
1820 1392 1913 1447 ha-

324 1483 486 1539 bebat
511 1483 791 1554 originem.
832 1483 941 1539 Nec
978 1485 1119 1539 enim
1152 1485 1311 1538 homo
1354 1483 1612 1538 inferebat
1654 1484 1826 1553 ignem
1857 1484 1911 1538 in

326 1574 602 1644 templum,
628 1575 721 1629 sed
747 1576 957 1629 flamma
979 1591 1011 1629 e
1035 1575 1249 1629 sublimi
1280 1575 1517 1629 immissa
1540 1574 1784 1629 sacrificii
1809 1574 1909 1628 mi-

323 1666 602 1721 nisterium
633 1666 947 1735 complebat.
991 1665 1222 1719 Rursum
1259 1667 1303 1720 si
1347 1666 1558 1735 quando
1584 1679 1911 1735 cognoscen-

322 1759 449 1811 dum
481 1766 594 1812 erat
614 1756 811 1828 aliquid
837 1772 869 1812 e
898 1757 1285 1825 propitiatorio,
1315 1772 1420 1809 vox
1442 1756 1703 1824 quaepiam
1737 1771 1768 1810 e
1793 1770 1909 1809 mc-

321 1848 411 1901 dio
446 1846 734 1902 Cherubim
772 1848 1033 1917 prodibat,
1075 1848 1369 1918 praedicens
1413 1846 1604 1901 futura.
1642 1846 1844 1905 Rursus
1877 1861 1909 1901 e

321 1937 583 2006 lapidibus
610 1938 700 2008 qui
728 1947 881 1993 erant
916 1938 967 1992 in
1016 1946 1230 2009 pectore
1271 1938 1463 1994 summi
1492 1937 1808 2004 sacerdotis,
1856 1936 1905 1991 id

320 2030 580 2085 vocabant
607 2030 1045 2095 declarationem,
1072 2030 1341 2085 relucebat
1381 2030 1551 2099 fulgor
1580 2028 1792 2098 quidam
1820 2030 1905 2082 fu—

317 2135 436 2179 tura
465 2123 787 2195 significans.
832 2124 1094 2179 Prmterea
1125 2123 1332 2194 quoties
1359 2132 1502 2177 esset
1524 2122 1716 2192 aliquis
1750 2121 1905 2175 inun-

314 2213 543 2284 gendus,
566 2215 851 2270 devolabat
877 2215 1096 2285 spiritus
1116 2215 1305 2284 gratia,
1333 2223 1387 2268 et
1411 2213 1587 2267 oleum
1616 2211 1900 2268 insiliebat.

315 2308 442 2362 llaec
466 2316 641 2362 autem
669 2308 1108 2363 administrabant
1137 2306 1431 2377 prophetae.
1462 2305 1599 2372 Quin
1631 2314 1685 2359 et
1710 2305 1903 2359 nebula

312 2398 620 2467 frequenter
639 2406 693 2453 et
715 2397 890 2451 fumus
914 2398 1069 2468 adyta
1098 2397 1407 2466 occupabat.
1438 2395 1619 2466 Itaque
1648 2410 1714 2450 ne
1734 2395 1904 2450 Judaei

313 2488 562 2557 perfricta
592 2486 766 2544 fronte
795 2487 1103 2543 hominibus
1129 2489 1450 2557 imputarent
1479 2501 1694 2541 suarum
1722 2501 1901 2541 rerum

312 2580 687 2644 vastationem,
733 2595 841 2633 non
887 2579 1059 2633 solum
1099 2579 1367 2633 civitatem
1418 2578 1555 2632 Deus
1594 2591 1781 2647 passus
1819 2584 1903 2632 est

310 2669 473 2737 dirui,
522 2685 585 2724 ac
634 2670 887 2739 templum
936 2670 1155 2734 vastari,
1200 2684 1383 2723 verum
1423 2669 1582 2722 etiam
1628 2667 1737 2735 illa,
1782 2682 1901 2737 qnze

309 2761 518 2816 caelitus
544 2761 810 2817 habebant
836 2762 1095 2831 originem
1112 2804 1127 2829 ,
1172 2778 1202 2817 e
1228 2761 1403 2816 medio
1428 2761 1663 2826 sustulit,
1706 2760 1899 2814 videli-

307 2861 397 2907 cet
427 2853 624 2923 ignem,
645 2868 850 2916 vocem,
880 2869 911 2907 e
932 2853 1192 2922 lapidibus
1209 2851 1355 2906 reddi
1383 2851 1593 2905 solitum
1618 2849 1895 2919 fulgorem,

307 2955 363 3000 et
380 2946 539 3015 hujus
557 2946 766 3015 generis
786 2946 888 3000 alia
906 2946 1166 3000 universa.
1188 2943 1415 2999 Proinde
1431 2958 1550 2997 cum
1573 2943 1662 2997 tibi
1681 2941 1899 2997 Iudaeus

305 3036 525 3103 dixerit,
555 3037 797 3093 homines
819 3038 968 3093 nobis
996 3037 1189 3092 bellum
1219 3037 1526 3100 intulerunt,
1553 3034 1794 3088 homines
1813 3036 1898 3089 in-

304 3127 484 3181 sidiati
512 3137 654 3192 sunt,
687 3126 853 3181 dicito
894 3127 965 3179 illi
1006 3144 1020 3177 :
1057 3124 1291 3195 profecto
1316 3140 1423 3178 non
1455 3125 1650 3179 bellum
1691 3124 1900 3179 intulis-

305 3229 427 3273 sent
453 3218 716 3283 homines,
748 3217 850 3272 nisi
878 3218 1019 3273 Deus
1050 3217 1148 3271 hoc
1174 3216 1524 3286 permisisset.
1557 3216 1753 3271 Verum
1782 3225 1899 3271 esto

304 3325 457 3375 sane,
513 3325 722 3365 murum
768 3318 1003 3364 vestrum
1048 3308 1309 3363 dirtterint
1360 3308 1622 3372 homines,
1671 3323 1797 3363 num
1845 3318 1900 3363 et

304 3401 484 3471 ignem
513 3416 575 3455 ex
607 3400 716 3454 alto
752 3400 942 3455 devehi
974 3400 1141 3455 vetuit
1168 3399 1364 3452 homo?
1389 3398 1525 3453 Num
1548 3415 1731 3455 vocem
1764 3399 1899 3453 assi-

302 3492 411 3547 due
451 3507 517 3546 ex
559 3491 925 3561 propitiatorio
965 3490 1134 3545 audiri
1174 3490 1386 3545 solitam
1426 3489 1654 3543 inhibuit
1692 3488 1898 3544 homo?

305 3599 435 3638 num
493 3583 905 3638 declarationem
955 3583 1008 3638 in
1051 3583 1314 3653 gemmis?
1348 3596 1473 3637 num
1508 3581 1895 3637 sacerdotalem

306 3676 654 3730 unctionem?
681 3690 806 3729 num
828 3684 1017 3729 caetera
1044 3675 1218 3728 omnia
1241 3674 1454 3729 sustulit
1479 3674 1676 3728 homo?
1705 3674 1895 3727 Annon

306 3767 450 3821 Deus
503 3767 615 3821 lure
658 3766 835 3822 omnia
882 3765 1135 3820 sustulit?
1175 3766 1380 3821 Nemini
1422 3783 1528 3821 non
1560 3767 1895 3836 perspicuum

304 3866 425 3920 est;
456 3856 548 3911 sed
580 3851 682 3927 qua
723 3858 791 3913 de
827 3873 984 3913 causa
1032 3858 1278 3912 sustulit?
1319 3859 1510 3911 Annon
1557 3856 1896 3912 manifesmm

304 3957 391 4003 est
439 3947 559 4001 ideo
614 3948 842 4015 fecisse,
907 3948 1050 4019 quod
1092 3963 1187 4003 vos
1223 3949 1449 4013 odisset,
1497 3949 1745 4018 quodque
1798 3963 1895 4017 pe-

304 4039 451 4093 nitus
490 4040 861 4095 aversarctur?
897 4040 1261 4110 Nequaquam,
1314 4041 1577 4110 inquiunt,
1627 4039 1724 4094 sed
1764 4054 1897 4109 quo-

306 4134 451 4183 niam
506 4131 786 4201 metropoli
851 4146 1128 4197 caremus,
1167 4131 1287 4185 ideo
1330 4147 1572 4185 caremus
1633 4141 1686 4185 et
1744 4131 1891 4185 istis:

302 4234 406 4273 cur
434 4234 563 4274 vero
596 4220 684 4273 illa
722 4220 958 4275 caretis?
999 4220 1181 4276 Nonne
1218 4222 1342 4291 quia
1381 4235 1475 4275 vos
1503 4221 1648 4276 Deus
1697 4220 1895 4276 dereli-

300 4314 443 4381 quit.
1902 4306 1903 4309 “

377 4400 523 4455 Deus
570 4399 824 4471 indignius
848 4402 959 4455 tulit
987 4402 1173 4458 Christi
1209 4420 1409 4470 necem,
1439 4423 1590 4476 quam
1627 4407 1769 4460 vituli
1793 4408 1895 4461 atl-

306 4494 685 4548 orationem.-—
699 4492 835 4559 Quin
871 4492 1067 4563 potius,
1101 4504 1156 4548 ut
1187 4495 1399 4549 uberius
1426 4496 1750 4566 impudentia
1781 4498 1897 4551 illo-

309 4602 426 4641 rum
454 4602 546 4642 ora
573 4586 883 4641 claudamus
915 4604 928 4641 :
957 4602 1053 4657 age
1082 4596 1135 4641 et
1175 4586 1277 4641 hoc
1314 4587 1705 4658 Scripturarum
1748 4591 1897 4644 testi-

308 4679 503 4733 moniis
523 4678 972 4749 demonstremus,
997 4680 1138 4751 quod
1170 4680 1348 4750 templi
1376 4681 1582 4735 eversio
1611 4698 1713 4735 non
1740 4680 1899 4738 fuerit

309 4785 467 4825 causa
501 4770 877 4827 destructionis
904 4781 1218 4827 czeterorum
1245 4786 1275 4825 a
1312 4770 1584 4840 prophetis
1611 4774 1893 4843 prmdictze,

310 4862 403 4917 sed
432 4862 509 4917 ira
536 4862 651 4928 Dei,
680 4871 734 4919 et
766 4863 907 4934 quod
939 4864 1106 4933 magis
1132 4864 1294 4918 etiam
1326 4863 1496 4932 ipsum
1529 4862 1783 4917 irritarint
1813 4864 1893 4917 in-

311 4954 579 5009 sanientes
613 4955 666 5008 in
695 4954 964 5009 Christum
988 4995 1003 5019 ,
1034 4970 1191 5024 quam
1241 4963 1350 5007 tum
1397 4967 1518 5007 cum
1551 4952 1771 5006 vitulum
1802 4953 1896 5007 ad-

309 5056 541 5102 orarent.
570 5045 702 5101 Nam
731 5061 851 5102 cum
878 5047 1257 5101 vaticinaretur
1285 5044 1479 5109 Moses,
1516 5059 1614 5098 nec
1643 5045 1893 5114 temphnn

309 5148 423 5194 erat
445 5181 460 5204 ,
490 5154 589 5193 nec
618 5138 823 5204 altare;
851 5138 944 5193 sed
978 5154 1095 5193 cum
1126 5138 1475 5207 persisterent
1513 5136 1565 5191 in
1607 5137 1898 5190 inuuuu-ris

310 5230 701 5300 impietatibus,
734 5240 909 5285 tamen
954 5229 1246 5299 prophetiae
1275 5229 1473 5283 donum
1514 5243 1618 5282 non
1646 5229 1895 5282 cessavit.

311 5321 508 5377 Verum
534 5330 590 5376 et
614 5322 700 5376 hic
743 5323 856 5390 ipse
899 5336 1119 5391 magnus
1145 5329 1304 5390 atque
1330 5319 1574 5390 egregius
1601 5319 1699 5381 vir.
1731 5328 1784 5373 et
1808 5319 1897 5372 alii

308 5428 493 5468 rursus
542 5421 734 5483 praeter
776 5412 917 5467 hunc
961 5412 1290 5482 septuaginta
1340 5420 1449 5466 tum
1484 5412 1735 5466 exstitere
1779 5428 1901 5481 pro-

308 5513 485 5573 p'ieta:
518 5520 532 5556 :
565 5518 662 5556 nec
690 5503 742 5557 id
772 5502 942 5556 solum
966 5543 980 5567 ,
1012 5517 1192 5556 verum
1218 5510 1272 5555 et
1298 5510 1416 5571 post
1439 5501 1618 5555 datum
1648 5500 1897 5570 templum

307 5596 673 5665 reliquamque
700 5603 863 5648 lotam
885 5593 1167 5661 culturam,
1191 5592 1383 5647 deinde
1405 5592 1506 5647 hoc
1532 5592 1747 5646 incenso
1773 5608 1903 5647 cun-

308 5688 515 5758 ctisquc
543 5686 789 5754 sublatis,
823 5686 875 5741 in
906 5685 1177 5756 Babylone
1208 5700 1392 5740 rursus
1420 5684 1740 5739 exstiterunt
1765 5684 1901 5739 Eze-

311 5779 449 5834 thiel
476 5787 528 5835 ct
559 5778 764 5846 Daniel,
790 5779 877 5848 qui
904 5793 1021 5834 cum
1050 5793 1148 5833 nec
1174 5785 1354 5833 sancta
1381 5784 1686 5833 sanctorum
1709 5776 1908 5846 aspice-

1542 363 1908 421 ADVERSUS
1944 364 2245 421 JUDA'IOS.
2293 365 2377 420 Vl.

3512 393 3615 447 9l0

2028 486 2168 541 rent,
2197 493 2295 534 nec
2321 479 2474 535 altari
2505 484 2834 553 assisterent,
2862 487 2956 542 sed
2984 488 3034 543 in
3065 489 3236 545 media
3263 492 3608 551 barbarorum

2029 568 2246 638 regione
2274 579 2330 625 et
2358 571 2687 641 impurorum
2730 575 3003 633 hominum
3049 584 3318 637 consortio
3355 598 3574 654 agerent
3599 628 3617 654 ,

2027 656 2213 728 spiritu
2255 662 2440 730 repleti
2490 662 2664 718 futura
2710 667 3099 735 praadicebant,
3142 672 3298 742 idque
3336 673 3404 729 de
3450 676 3613 731 rebus

2026 749 2195 802 multo
2222 759 2330 804 tum
2365 750 2601 820 pluribus
2619 795 2635 819 ,
2667 763 2775 809 tum
2803 757 3283 817 admirabilioribus
3307 779 3464 833 quam
3492 782 3611 834 qua:

2026 852 2412 910 praecesserant
2442 862 2455 896 :
2487 859 2550 899 ac
2577 845 2809 902 divinam
2840 850 3097 906 visionem
3126 854 3386 918 viderunt,
3416 867 3608 925 quate-

2025 949 2123 987 nus
2151 934 2280 1003 ipsis
2303 935 2486 990 videre
2522 937 2688 991 licuit.
2733 939 2912 1010 Itaque
2937 942 3098 998 dicite
3124 945 3253 999 mihi
3273 986 3287 1010 ,
3314 962 3477 1015 quare
3504 962 3609 1002 non

2024 1023 2229 1079 habetis
2258 1041 2398 1080 nunc
2427 1027 2751 1096 prophetas?
2780 1033 2968 1086 Annon
2995 1035 3334 1103 perspicuum
3363 1047 3445 1091 est
3474 1036 3610 1092 hanc

2021 1131 2140 1171 esse
2189 1132 2440 1182 causam,
2482 1122 2620 1189 quod
2666 1122 2803 1176 Deus
2841 1136 3011 1178 vestra
3050 1137 3325 1183 aversatus
3365 1130 3475 1183 sit?
3503 1129 3607 1184 Sed

2019 1221 2179 1275 quam
2208 1208 2279 1262 ob
2312 1223 2525 1263 causam
2558 1226 2652 1265 vos
2686 1223 2959 1269 aversatus
2996 1216 3112 1270 est?
3145 1218 3357 1271 Clarum
3398 1220 3523 1274 item
3556 1233 3611 1273 et

2019 1297 2122 1352 hoc
2140 1340 2153 1361 ,
2183 1300 2323 1369 quod
2354 1301 2423 1355 ob
2448 1301 2594 1356 illum
2619 1302 2931 1359 crucifixum
2955 1346 2969 1371 ,
2997 1316 3052 1361 et
3081 1307 3298 1376 impium
3327 1310 3452 1363 illud
3484 1312 3597 1364 faci-

2019 1406 2138 1445 nus.
2170 1389 2319 1446 Unde
2346 1392 2449 1447 hoc
2479 1393 2660 1463 liquet,
2692 1394 2900 1463 inquis?
2927 1395 3004 1449 Ex
3043 1395 3163 1461 hoc,
3194 1398 3331 1467 quod
3358 1415 3478 1453 cum
3509 1415 3607 1453 an-

2019 1484 2173 1536 tehac
2215 1483 2376 1552 impie
2416 1485 2699 1552 viveretis,
2740 1486 2871 1539 nihil
2913 1503 3019 1541 non
3064 1487 3423 1553 obtinebatis;
3468 1506 3607 1547 nunc

2017 1590 2145 1631 vero
2172 1591 2293 1631 cum
2324 1576 2610 1633 videamini
2649 1578 2945 1633 modestius
2983 1580 3163 1635 vivere
3200 1589 3319 1649 post
3353 1598 3601 1649 erucem,

2017 1666 2246 1734 majores
2278 1667 2422 1722 luitis
2449 1682 2655 1737 poenas,
2685 1684 2857 1737 neque
2886 1670 3167 1739 quidquam
3190 1686 3372 1726 eorum
3395 1673 3606 1726 contin-

2013 1755 2089 1825 git
2115 1754 2332 1822 habere,
2359 1774 2478 1827 quze
2505 1759 2653 1827 prius
2683 1759 2979 1814 habebatis.

2084 1847 2137 1901 5.
2180 1846 2265 1900 Ea:
2300 1849 2557 1918 prophetis
2595 1849 2836 1919 probatur
2868 1853 3041 1921 futura
3072 1852 3358 1921 reprobatio
3393 1852 3604 1907 Judtro-

2012 1954 2146 1991 rum.
2171 1969 2245 1979 —
2271 1938 2340 1995 Ut
2366 1950 2541 1995 autem
2564 1951 2617 1993 et
2648 1942 2772 2010 ipsis
2802 1942 3082 2012 prophetis
3118 1943 3219 1997 hoc
3247 1945 3523 2000 evidenter
3549 1956 3604 2001 et

2009 2044 2264 2099 expresse
2286 2032 2707 2098 testificantibus,
2738 2032 3087 2102 praisentium'
3103 2036 3361 2090 malorum
3386 2051 3600 2090 causam

2010 2123 2344 2193 intelligatis,
2372 2124 2549 2178 audite
2576 2125 2701 2195 quid
2750 2124 2881 2180 dicit
2925 2125 3120 2193 Isaias,
3150 2127 3417 2197 quomodo
3459 2143 3598 2197 prae-

2009 2214 2138 2270 dicit
2167 2215 2324 2269 simnl
2353 2224 2407 2269 et
2435 2225 2712 2270 venturam
2739 2217 2986 2272 omnibus
3014 2233 3112 2287 per
3137 2219 3405 2273 Christum
3436 2220 3600 2274 bene-

2009 2309 2307 2375 ficentiam,
2334 2317 2389 2363 et
2412 2317 2643 2363 vestram
2675 2310 3126 2379 ingratitudinem.
3155 2310 3370 2376 Livore,
3400 2312 3598 2380 inquit.

2007 2399 2116 2468 ejus
2155 2413 2247 2452 nos
2291 2399 2460 2452 sanati
2498 2415 2670 2453 sumus
2696 2397 2807 2468 (Is.
2833 2400 2923 2455 55.
2950 2399 3024 2469 5)
3054 2418 3068 2455 :
3094 2401 3320 2455 salutem
3362 2401 3601 2455 indicans

2006 2503 2103 2559 per
2129 2504 2343 2544 crucem
2386 2490 2638 2545 omnibus
2679 2490 2933 2543 oblatam.
2978 2491 3176 2546 Deinde
3213 2492 3398 2561 quales
3434 2493 3601 2546 simus

2007 2596 2106 2635 nos
2147 2582 2422 2648 indicans,
2456 2581 2683 2650 subjecit
2712 2599 2726 2636 :
2761 2581 2947 2636 Omnes
2982 2592 3036 2635 ut
3074 2599 3187 2636 oves
3220 2583 3596 2648 aberravimus,

2005 2672 2154 2725 homo
2184 2672 2236 2725 in
2262 2671 2342 2725 via
2369 2688 2461 2726 sua
2487 2673 2669 2725 erravit
2694 2670 2801 2745 (Ib.
2830 2689 2878 2726 υ.
2908 2673 2983 2742 b).
3015 2673 3148 2727 Tum
3178 2674 3349 2728 crucis
3379 2676 3594 2730 modum

2004 2762 2282 2830 explicans
2305 2803 2320 2828 ,
2352 2763 2430 2816 sic
2468 2762 2700 2832 loquitur
2731 2781 2744 2817 :
2777 2763 2922 2817 Sicut
2951 2765 3054 2818 ovis
3081 2764 3149 2817 ad
3176 2765 3471 2819 occisionem
3499 2766 3597 2818 du-

2005 2862 2115 2906 ctus
2143 2860 2245 2916 est,
2277 2860 2321 2905 et
2350 2862 2403 2904 ut
2431 2868 2594 2922 agnus
2621 2853 2673 2906 in
2699 2865 2972 2923 conspectu
3010 2854 3259 2908 tondentis
3297 2856 3464 2923 ipsum
3491 2857 3599 2909 sine

2003 2959 2123 2997 voce
2161 2944 2284 3015 fuit,
2318 2944 2390 2997 sic
2418 2960 2519 2997 non
2557 2944 2719 3014 aperit
2756 2961 2811 2998 os
2853 2960 3019 2998 suum.
3057 2942 3125 2997 In
3164 2945 3445 2999 humilitate
3489 2947 3599 3016 ejus

1993 3034 2249 3105 judicium
2288 3035 2397 3105 ejus
2436 3035 2687 3089 sublatum
2726 3044 2799 3090 est
2826 3034 2945 3106 (Ib.
2974 3051 3025 3089 υ.
3060 3036 3112 3089 7.
3143 3035 3235 3107 8).
3269 3036 3332 3090 Et
3361 3036 3448 3090 ubi
3482 3038 3597 3091 lucc

2003 3127 2246 3182 evenisse
2276 3126 2399 3180 licet
2424 3125 2643 3181 videre?
2669 3126 2724 3180 ln
2756 3125 2957 3182 nefario
2984 3128 3232 3196 prmtorio
3259 3127 3433 3181 Pilati.
3461 3129 3593 3182 Cum

2003 3217 2145 3273 enim
2178 3226 2285 3272 tam
2317 3218 2499 3280 multa,
2526 3216 2713 3285 inquit,
2748 3217 3049 3271 testimonia
3076 3217 3377 3285 proferrent
3404 3217 3597 3272 adver-

2002 3324 2094 3363 sus
2120 3309 2315 3379 ipsum,
2343 3308 2473 3362 nihil
2504 3308 2581 3362 eis
2608 3309 2883 3377 respondit
2910 3309 3085 3364 Jesus.
3112 3306 3174 3364 Et
3199 3309 3333 3363 dixit
3353 3309 3419 3363 ad
3448 3309 3593 3363 illum

2005 3398 2207 3453 Prteses
2226 3440 2242 3463 ,
2271 3398 2429 3453 Audis
2455 3414 2605 3466 quam
2635 3397 2795 3451 multa
2835 3399 2888 3452 in
2927 3408 2975 3452 te
3007 3399 3333 3466 testiﬁcentur
3359 3398 3378 3469 (
3407 3398 3592 3452 Matth.

2002 3490 2090 3544 27.
2136 3487 2264 3561 15)?
2308 3490 2505 3544 Verum
2550 3489 2682 3543 nihil
2722 3489 3022 3559 respondit,
3051 3490 3145 3545 sed
3176 3490 3349 3545 stabat
3379 3492 3592 3546 tacitus.

2003 3582 2115 3636 lloc
2139 3581 2265 3635 olim
2293 3583 2494 3636 ccelitus
2515 3582 2724 3637 amatus
2749 3582 3003 3652 prepheta
3030 3582 3238 3639 dixerat
3270 3602 3284 3640 :
3316 3584 3462 3639 Sicut
3487 3586 3595 3639 ovis

2000 3672 2069 3725 ad
2099 3673 2396 3726 occisionem
2423 3672 2600 3727 ductus
2626 3683 2733 3738 est,
2767 3682 2812 3726 et
2837 3674 2966 3727 sicut
2988 3690 3148 3744 agnus
3177 3689 3346 3727 coram
3387 3690 3441 3729 se
3476 3684 3592 3728 ton-

2001 3764 2148 3818 dente
2174 3774 2340 3819 mutus
2370 3763 2522 3833 (Isai.
2553 3766 2642 3821 53.
2668 3765 2743 3836 8).
2769 3766 3012 3821 Posthzec
3041 3780 3315 3835 exponens
3345 3767 3598 3837 iniquita-

2003 3864 2110 3909 tem
2148 3854 2201 3908 in
2244 3856 2495 3925 praetorio
2536 3863 2894 3925 perpetratam
2931 3855 3004 3910 ait
3036 3872 3049 3908 :
3082 3854 3150 3909 In
3179 3857 3461 3910 humilitate
3487 3858 3596 3927 ejus

1990 3947 2249 4017 judicium
2272 3949 2381 4019 ejus
2406 3947 2656 4001 sublatum
2681 3959 2774 4002 est.
2804 3948 2974 4003 Nemo
3000 3957 3110 4002 tum
3140 3965 3206 4003 ex
3230 3948 3362 4017 juris
3391 3949 3595 4002 ratione

1999 4036 2068 4092 de
2097 4038 2188 4093 illo
2217 4039 2523 4109 suffragium
2560 4040 2704 4105 tulit,
2737 4038 2828 4093 sed
2868 4038 2996 4092 falsa
3042 4039 3216 4107 potius
3243 4039 3500 4092 adversus
3532 4039 3595 4091 il-

2002 4127 2109 4182 lum
2151 4129 2474 4198 recipiebant
2501 4129 2821 4183 testimonia.
2857 4128 2913 4181 In
2950 4141 3107 4181 causa
3136 4138 3279 4193 crat,
3311 4128 3451 4194 quod
3480 4139 3585 4181 tum

2002 4217 2218 4273 nolebat
2245 4233 2364 4273 esse
2395 4219 2608 4273 vindex.
2640 4218 2771 4273 Nam
2805 4219 2847 4271 si
2880 4219 3151 4282 voluisset,
3183 4219 3357 4272 omnia
3388 4210 3599 4273 turbas-

2002 4316 2103 4369 set,
2132 4309 2612 4377 concussissetquc.
2642 4308 2850 4362 Etenim
2882 4309 2924 4361 si
2957 4307 3006 4360 id
3037 4308 3310 4377 temporis,
3335 4324 3440 4378 quo
3466 4323 3593 4378 pen-

2000 4398 2160 4452 debat
2201 4399 2252 4452 in
2293 4414 2483 4463 cruce,
2518 4414 2642 4452 saxa
2675 4399 2917 4462 discidit,
2960 4400 3142 4452 orbem
3191 4409 3450 4454 terrarum
3491 4400 3589 4454 ob-

2003 4492 2272 4558 scuravit,
2301 4492 2432 4547 solis
2474 4492 2652 4547 radius
2690 4492 2915 4559 avertit,
2945 4502 3152 4547 noctem
3183 4492 3357 4547 medio
3385 4494 3471 4547 die
3500 4508 3594 4562 per

2003 4584 2301 4639 universam
2327 4594 2519 4639 terram
2548 4584 2776 4650 induxit,
2804 4582 2942 4638 idem
2969 4585 3228 4654 potuisset
3257 4585 3307 4639 iu
3341 4586 3590 4654 prmtorio

2000 4674 2198 4730 facere.
2231 4674 2427 4730 Verum
2469 4674 2635 4729 noluit
2660 4716 2674 4741 ,
2706 4673 3166 4729 mansuetudinem
3208 4689 3271 4728 ac
3319 4674 3590 4729 lenitatem

2001 4765 2280 4820 exhibens.
2309 4764 2433 4819 ldeo
2457 4764 2585 4819 dicit
2615 4784 2628 4819 :
2660 4763 2727 4818 In
2755 4764 3038 4818 humilitate
3064 4765 3172 4834 ejus
3200 4764 3454 4835 judicium
3483 4781 3594 4835 ejus

2001 4857 2251 4911 sublatum
2295 4865 2386 4910 est.
2432 4855 2633 4911 Deinde
2674 4856 3080 4917 demonstrans,
3119 4855 3260 4924 quod
3304 4870 3408 4908 non
3452 4866 3593 4908 esset

2003 4963 2138 5001 unus
2160 4947 2379 5017 quilibet
2403 4962 2434 5002 e
2459 4947 2637 5017 vulgo,
2664 4947 2887 5014 subjecit
2917 4963 2930 4999 :
2957 4943 3338 4999 Generationem
3360 4947 3466 5016 ejus
3485 4946 3595 5014 quis

2002 5037 2290 5092 cnarrabit?
2309 5038 2439 5104 Quis
2459 5039 2598 5093 enim
2623 5047 2724 5101 cst,
2749 5037 2816 5091 de
2836 5052 2939 5107 quo
2960 5036 3082 5089 dicit
3109 5054 3121 5090 :
3145 5035 3358 5089 Tollitur
3378 5035 3440 5089 de
3461 5045 3595 5088 terra

2003 5132 2103 5185 vita
2126 5131 2277 5201 ejus?
2306 5130 2430 5184 ldeo
2454 5138 2508 5184 et
2532 5130 2729 5184 Paulus
2753 5129 2880 5184 dicit
2910 5146 2924 5183 :
2962 5127 3076 5182 Vita
3105 5138 3275 5182 nostra
3300 5127 3595 5181 abscondita

2002 5235 2076 5277 est
2104 5240 2217 5277 cum
2254 5222 2452 5277 Christo
2492 5224 2543 5276 in
2591 5221 2714 5276 Deo.
2755 5221 2882 5276 Cum
2923 5221 3214 5293 apparuerit
3243 5218 3470 5274 Christus
3495 5220 3597 5274 vita

2005 5328 2197 5385 nostra,
2227 5328 2346 5371 tunc
2371 5327 2416 5370 et
2441 5334 2527 5371 vos
2552 5317 2857 5385 apparebitis
2877 5333 2989 5369 cum
3009 5316 3097 5369 illo
3120 5314 3170 5368 in
3193 5313 3355 5386 gloria
3377 5312 3594 5384 (Coloss.

2005 5411 2057 5465 5.
2089 5411 2141 5465 5.
2173 5408 2258 5480 Δ).
2289 5408 2393 5464 Sed
2423 5408 2565 5477 quod
2603 5407 2782 5461 dicere
2826 5422 3247 5476 proposueram,
3277 5414 3335 5460 ut
3370 5404 3597 5460 demon-

2006 5509 2229 5554 strarem
2260 5513 2352 5553 cos
2378 5507 2593 5568 propter
2620 5496 2762 5552 hunc
2787 5498 3066 5567 prtesentia
3096 5497 3231 5551 mala
3257 5495 3595 5564 sustinuisse,

1976 5599 2170 5646 restat
2211 5597 2270 5643 ut
2297 5588 2470 5658 ipsum
2511 5588 2698 5642 Isaiam
2729 5587 2973 5643 inducam
3018 5588 3345 5656 loquentem.
3373 5586 3596 5643 Ubinam

2008 5681 2111 5736 hoc
2137 5680 2308 5736 dicit?
2336 5679 2465 5734 Post
2493 5678 2819 5749 prmtoriuut,
2850 5686 2969 5747 post
2993 5678 3337 5742 occisionem,
3371 5686 3489 5747 post
3512 5692 3592 5730 as~

2007 5774 2363 5844 sumptioncm
2387 5814 2401 5840 ,
2462 5772 2550 5828 ubi
2609 5770 2740 5827 dixit
2772 5787 2787 5825 :
2828 5768 3043 5825 Tollitur
3081 5771 3143 5825 de
3181 5781 3312 5824 terra
3351 5771 3448 5823 situ
3476 5772 3606 5844 t‘jus,
