4084 6186
495 341 596 396 9ll

494 457 710 527 subjicit
739 475 751 510 :
781 455 844 510 Et
872 453 1000 508 dabo
1026 453 1276 522 improbos
1305 468 1394 523 pro
1422 453 1680 515 sepultura
1705 451 1813 520 ejus
1831 490 1847 515 ,
1873 458 1917 502 et
1943 447 2071 501 divi-

497 563 571 605 tes
599 567 689 620 pro
717 559 871 602 morte
895 548 1031 602 illius
1057 545 1208 616 (lsai.
1231 545 1319 600 55.
1349 543 1427 613 9).
1464 543 1578 598 Non
1609 543 1919 612 simpliciter
1945 540 2077 594 dixit

495 642 729 703 Judzeos,
756 639 848 694 sed
878 638 1164 707 improbos.
1189 636 1323 704 Quid
1351 637 1490 690 enim
1514 635 1616 688 illis
1641 633 1934 702 improbius
1955 645 2078 686 esse

497 732 685 800 possit,
717 731 806 798 qui
835 737 953 798 post
982 737 1058 782 tot
1083 736 1328 796 tantaque
1356 735 1568 796 accepta
1599 724 1851 778 benelicia
1877 722 2073 777 benefi-

497 838 616 876 rum
647 821 988 877 occiderunt?
1012 820 1121 874 Nisi
1146 819 1259 872 hate
1282 826 1587 879 evenerunt,
1612 815 1711 868 nisi
1742 830 1880 869 nunc
1901 813 2074 868 vivitis

497 913 548 966 in
590 910 872 980 ignominia
897 951 911 972 ,
943 909 1043 963 nisi
1082 909 1325 964 onmibus
1357 922 1476 976 quae
1516 905 1743 975 majores
1780 904 2076 959 habuerunt

492 1002 623 1054 estis
653 1001 859 1069 privati,
890 999 989 1052 nisi
1023 998 1227 1053 corruit
1253 1007 1426 1050 vestra
1456 996 1658 1058 civitas,
1692 994 1791 1048 nisi
1819 994 2070 1063 templum

495 1101 731 1145 vestrum
773 1105 980 1144 versum
1017 1098 1100 1144 cst
1141 1090 1194 1142 in
1238 1088 1439 1141 ruinam
1461 1129 1476 1152 ,
1505 1087 1729 1155 denique
1759 1086 1857 1139 nisi
1884 1095 2074 1140 vestra:

494 1182 822 1236 calamitates
863 1188 1116 1249 superant
1141 1194 1350 1233 omnem
1389 1177 1730 1247 tragoediam,
1757 1192 1824 1231 ne
1852 1176 2070 1242 credas,

494 1290 527 1324 o
551 1271 752 1326 .lndzce.
775 1271 969 1326 Contra
997 1271 1040 1324 si
1071 1284 1156 1324 res
1181 1271 1308 1338 ipsa:
1334 1269 1621 1329 clamitant.
1648 1269 1692 1323 si
1719 1268 1856 1338 quod
1887 1268 2072 1337 praadi-

495 1372 637 1415 ctum
667 1371 782 1414 erat
809 1377 837 1412 a
869 1360 1140 1428 prophetis
1162 1402 1175 1421 ,
1217 1358 1502 1427 perfectum
1533 1369 1614 1413 cst
1645 1375 1659 1411 :
1688 1358 1814 1428 quid
1845 1358 2032 1412 frustra
2054 1399 2072 1424 ,

496 1452 620 1519 quid
666 1453 928 1504 incassum
972 1449 1246 1517 impudens
1288 1450 1385 1505 es?
1425 1449 1556 1503 Nam
1587 1449 1673 1503 ubi
1704 1451 1788 1504 illa
1815 1449 1952 1518 apud
1981 1465 2074 1504 vos

497 1540 795 1595 veneranda
815 1581 830 1604 ,
864 1540 949 1592 ubi
990 1539 1222 1607 pontifex
1242 1579 1256 1603 ,
1288 1539 1378 1592 uhi
1421 1541 1555 1594 stola
1581 1550 1633 1593 et
1663 1540 1918 1593 rationale
1943 1581 1958 1605 ,
1986 1540 2074 1594 ubi

497 1633 825 1687 declaratio?
857 1632 933 1686 Nc
968 1649 1092 1685 vero
1131 1633 1258 1686 mihi
1303 1632 1430 1686 istos
1472 1632 1798 1702 patriarchas
1839 1632 2072 1698 dixeris,

496 1742 794 1796 caupones,
826 1727 1210 1794 negotiatores,
1248 1727 1391 1781 omni
1433 1727 1707 1799 iniquitate
1745 1727 1952 1794 plenos.
1983 1725 2075 1778 Dic

499 1819 625 1873 tnihi
650 1861 664 1882 ,
698 1820 868 1886 qualis
897 1831 974 1873 est
1015 1818 1298 1882 sacerdos,
1329 1835 1448 1873 cum
1491 1835 1593 1871 non
1637 1819 1707 1872 sit
1753 1829 1903 1871 vetus
1945 1816 2072 1870 illud

495 1910 692 1974 oleum,
717 1913 886 1978 neque
907 1909 1191 1980 quidquam
1218 1911 1434 1964 omnino
1461 1909 1652 1963 veteris
1677 1907 2074 1962 SﬁﬂClllltOltit‘B?

497 2001 607 2064 Dic,
639 2000 868 2068 inquam,
899 2002 1049 2066 mihi,
1079 2003 1254 2072 qualis
1283 2002 1570 2063 sacrificus,
1604 2016 1722 2054 cum
1753 2016 1858 2054 non
1892 2001 1962 2053 sit
1985 2013 2072 2053 sa-

495 2087 769 2153 crificium,
797 2105 967 2161 neque
985 2092 1174 2154 altare,
1199 2106 1370 2160 neque
1389 2090 1602 2144 cultus?
1625 2090 1714 2143 Vis
1737 2090 1828 2142 tibi
1856 2090 2072 2144 recitem

495 2178 640 2247 leges
669 2179 734 2231 de
771 2180 1069 2236 sacerdotio
1089 2221 1104 2245 ,
1131 2179 1397 2248 quomodo
1425 2178 1566 2232 soliti
1596 2178 1701 2232 sint
1727 2178 1853 2232 olim
1882 2193 2073 2232 conse-

495 2267 673 2322 crari?
699 2267 762 2326 Ut
789 2271 1072 2340 intelligas,
1103 2269 1242 2339 quod
1266 2269 1356 2339 qui
1384 2283 1524 2324 nunc
1545 2269 1682 2338 apud
1710 2283 1804 2323 vos
1829 2268 2076 2322 dicuntur

495 2357 828 2436 patriarchae,
854 2375 956 2413 non
983 2360 1087 2412 sint
1107 2358 1430 2424 sacerdotes,
1455 2357 1548 2412 sed
1572 2372 1664 2427 per
1687 2357 2072 2412 simulationem

494 2457 830 2512 sacerdotum
861 2459 1018 2520 agant
1058 2464 1334 2519 personam
1357 2490 1372 2514 ,
1402 2464 1500 2504 nec
1529 2448 1681 2502 aliter
1708 2447 1891 2502 ludant
1916 2463 2073 2518 quam

495 2549 775 2603 histrione.-
820 2541 875 2594 in
912 2556 1068 2596 scena
1095 2557 1109 2604 ;
1140 2541 1245 2594 imo
1272 2551 1328 2593 ut
1356 2540 1529 2594 verius
1553 2539 1754 2604 dicam,
1786 2554 1884 2592 nec
1910 2539 2065 2593 susti-

496 2656 624 2694 nere
662 2639 860 2708 possint
912 2631 1200 2686 sacerdotis
1244 2645 1522 2699 personam
1558 2647 1571 2682 :
1602 2639 1704 2683 tam
1744 2631 1925 2698 procul
1969 2646 2074 2684 non

492 2731 664 2784 solum
700 2746 730 2784 a
767 2731 1024 2789 veritate,
1058 2740 1235 2777 verum
1281 2724 1438 2777 etiam
1480 2724 1546 2778 ab
1586 2724 1694 2793 ipsa
1740 2725 2076 2780 simulatione

493 2823 770 2876 sacerdotii
801 2823 1015 2875 absunt.
1045 2816 1341 2870 Recordare
1372 2817 1527 2885 igitur
1545 2817 1810 2885 quomodo
1836 2825 1942 2870 tum
1971 2820 2076 2871 Aa-

495 2929 591 2966 ron
616 2912 782 2966 factus
806 2913 875 2965 sit
895 2905 1162 2970 sacerdos,
1188 2915 1315 2975 quot
1341 2907 1538 2960 hostias
1565 2923 1658 2975 pro
1684 2907 1773 2961 illo
1793 2908 2077 2962 immolarit

495 3002 703 3067 Moses,
741 3011 870 3071 quot
915 2998 1157 3056 thimas
1204 2999 1582 3066 prostraverit,
1617 2999 1881 3068 quomodo
1925 3001 2074 3054 illum

494 3095 712 3158 laverit,
740 3092 1005 3162 quomodo
1037 3089 1246 3142 unxerit
1278 3089 1442 3156 ipsius
1470 3101 1763 3143 extremum
1789 3092 2036 3146 auricula:
2055 3133 2071 3159 ,

492 3199 702 3237 manum
731 3184 1007 3249 dextram,
1045 3178 1231 3247 pedem
1261 3179 1501 3236 dextrum
1523 3219 1539 3245 ,
1570 3179 1764 3235 deinde
1803 3180 1852 3234 in
1894 3190 2074 3238 sancta

489 3285 792 3328 sanctorum
823 3269 1175 3328 introduxerit
1199 3284 1214 3332 ;
1255 3277 1372 3337 post
1390 3268 1742 3337 haecjusserit
1762 3271 2074 3345 praescripto

489 3364 695 3417 dierum
723 3378 943 3417 numero
973 3373 1191 3415 manere
1216 3356 1377 3411 intus.
1399 3358 1537 3424 Quin
1569 3359 1740 3428 potius
1761 3375 1939 3429 opera:
1965 3376 2077 3430 pre-

494 3453 624 3508 tium
651 3461 730 3507 est
757 3453 868 3521 ipsa
897 3453 1055 3505 verba
1087 3447 1270 3501 audire
1301 3465 1314 3501 :
1350 3446 1508 3515 Hcce,
1540 3449 1740 3519 inquit,
1771 3452 1937 3504 unctio
1967 3452 2072 3504 Aa-

491 3561 601 3606 ron,
626 3553 672 3595 et
699 3545 863 3596 unctio
891 3543 1110 3608 ﬁliorum
1138 3539 1265 3608 ejus.
1292 3537 1357 3591 Et
1382 3539 1616 3607 loquutus
1640 3550 1712 3594 est
1740 3540 1984 3597 Dominus
2005 3544 2074 3597 ad

498 3634 688 3688 .lloseut
725 3634 893 3685 dicens
925 3648 942 3684 :
971 3633 1183 3686 Assume
1215 3629 1387 3682 Aaron
1424 3638 1469 3683 et
1507 3629 1640 3697 ﬁlios
1676 3632 1812 3700 ejus,
1840 3642 1886 3685 et
1919 3633 2074 3688 stolas

493 3741 692 3788 eorum,
722 3733 768 3776 et
802 3723 1047 3776 unctionis
1089 3720 1255 3775 oleum
1275 3759 1289 3781 ,
1329 3728 1373 3770 et
1400 3721 1608 3772 vitulum
1638 3737 1728 3787 pro
1767 3737 1965 3789 peccato
1985 3765 2001 3790 ,
2028 3732 2073 3776 et

491 3815 726 3879 arietem,
755 3823 801 3866 et
839 3828 1055 3866 convoca
1093 3824 1405 3877 synagogam
1441 3808 1509 3860 ad
1549 3810 1730 3862 ostium
1768 3811 2074 3866 tabernaculi

491 3907 777 3960 testimonii.
805 3904 872 3958 Et
897 3905 1021 3957 dixit
1049 3903 1218 3956 Moses
1244 3901 1487 3954 universa:
1526 3903 1835 3956 multitudini
1867 3921 2075 3975 congre-

490 4007 620 4067 gata:
647 4013 665 4049 :
689 3996 770 4048 ltic
793 4005 864 4048 est
889 4011 1071 4058 sermo,
1099 4006 1244 4061 quem
1273 3992 1526 4044 mandavit
1552 3991 1815 4046 Dominus.
1845 3992 1912 4047 Et
1933 4005 2071 4064 post-

490 4104 640 4156 quam
667 4087 962 4140 admovisset
989 4101 1071 4139 eo;
1101 4081 1402 4156 (dicendum
1431 4092 1513 4137 est
1538 4084 1677 4136 enim
1709 4087 2070 4156 compendio),

489 4180 606 4232 lavit
628 4194 708 4232 eos
727 4194 879 4247 aqua,
903 4177 1069 4230 induit
1093 4173 1283 4238 tunica,
1312 4174 1463 4226 cinxit
1488 4191 1636 4238 zona,
1663 4175 1825 4228 induit
1853 4179 2074 4249 epcndy-

490 4281 569 4323 ten
587 4311 598 4331 ,
625 4269 859 4335 imposuit
889 4267 1176 4330 Itumerale,
1208 4265 1468 4336 praxinxit
1492 4265 1637 4317 illum
1663 4282 1721 4318 ac
1745 4265 2068 4336 substrinxit,

487 4359 722 4427 imposuit
748 4358 990 4410 rationale
1009 4397 1024 4423 ,
1055 4367 1099 4410 et
1126 4373 1275 4426 super
1301 4355 1548 4410 rationale
1570 4357 1807 4426 imposuit
1833 4359 2068 4412 declara-

487 4451 672 4502 tionem
697 4459 743 4501 et
770 4451 1022 4502 veritatem
1051 4463 1070 4502 :
1095 4459 1139 4502 et
1165 4449 1363 4500 mitram
1391 4448 1625 4517 imposuit
1653 4449 1807 4518 capiti
1833 4448 1991 4514 illius,
2024 4460 2070 4504 et

487 4556 639 4608 super
681 4541 880 4591 mitram
923 4539 1164 4592 laminam
1209 4555 1412 4591 auream
1451 4555 1470 4592 :
1505 4539 1684 4592 deinde
1723 4549 1922 4608 sumpto
1959 4541 2068 4595 oleo

487 4629 762 4698 conspersit
793 4629 952 4682 altare
971 4670 984 4692 ,
1015 4638 1060 4680 et
1089 4629 1413 4694 sanctiﬁcavit
1439 4629 1604 4692 illud;
1633 4638 1678 4680 et
1702 4645 1821 4683 vasa
1840 4670 1854 4691 ,
1880 4639 1928 4682 et
1962 4632 2070 4700 pel-

487 4725 585 4776 uim
609 4731 653 4775 et
677 4720 856 4781 basiat,
883 4729 929 4773 et
955 4719 1286 4786 sancti/ienuit
1311 4736 1386 4783 ea,
1414 4730 1459 4771 et
1479 4719 1653 4785 e/fudit
1679 4737 1740 4774 ex
1767 4722 1896 4775 eoin
1916 4734 2068 4793 caput

489 4815 658 4865 Aaron
687 4825 707 4864 :
736 4819 782 4863 et
809 4808 930 4877 ﬁliis
955 4809 1090 4862 illius
1119 4807 1346 4861 similiter
1368 4809 1502 4876 fecit,
1535 4819 1577 4862 et
1601 4810 1813 4864 adduxit
1835 4812 2065 4868 vitulum.

488 4902 613 4956 Cum
639 4911 804 4953 autem
829 4899 1135 4953 immolasset
1161 4915 1293 4963 eum,
1327 4909 1586 4969 postquam
1615 4899 1784 4954 Aaron
1804 4918 1918 4956 cum
1946 4904 2068 4970 [iliis

486 4992 592 5046 suis
615 4990 932 5059 imposuisset
955 5005 1150 5053 manus,
1175 4989 1386 5058 sumpsit
1412 4991 1474 5041 de
1497 4991 1740 5059 sanguine
1764 5001 1810 5044 et
1831 4992 2068 5060 imposuit

399 5109 406 5118 -
484 5081 718 5135 cornibus
751 5079 956 5140 altaris,
986 5089 1029 5132 et
1056 5079 1335 5147 puri/ienuit
1373 5079 1561 5142 altare,
1593 5090 1638 5132 et
1667 5082 1960 5150 sanguinem
1986 5085 2064 5153 ef-

484 5173 615 5243 fudit
639 5173 694 5225 in
713 5170 871 5223 basim
895 5170 1091 5235 altaris,
1114 5179 1158 5223 et
1179 5170 1504 5238 sancti/ienuit
1524 5170 1674 5236 illud,
1696 5180 1751 5223 ut
1771 5173 2067 5242 propitiaret

483 5280 637 5333 super
659 5261 806 5315 illud.
836 5259 1033 5315 Deinde
1056 5269 1318 5330 postquam
1341 5261 1570 5329 quiedatn
1595 5277 1660 5313 ex
1681 5261 1758 5314 Itis
1780 5273 2064 5331 cremasset,

483 5353 588 5407 alia
613 5354 738 5424 foris
756 5395 770 5418 ,
803 5354 906 5406 alia
931 5353 1063 5405 intus
1083 5393 1097 5415 ,
1129 5351 1340 5404 adduxit
1366 5368 1538 5405 rursus
1563 5351 1799 5414 arietem,
1827 5363 1873 5406 et
1902 5353 2067 5422 ipsunt

486 5443 757 5495 immolavit
781 5444 832 5495 in
860 5443 1227 5507 holocaustum,
1252 5451 1296 5494 et
1318 5441 1496 5493 iterum
1519 5441 1734 5494 adduxit
1758 5442 1914 5494 alium
1935 5445 2066 5496 arie-

485 5545 581 5588 tem
609 5535 1050 5588 consummationis
1078 5549 1097 5587 :
1121 5543 1167 5586 et
1196 5549 1368 5586 rursus
1396 5531 1596 5586 Aarone
1619 5550 1732 5586 cum
1760 5533 1879 5603 ﬁliis
1905 5536 2068 5602 impo-

487 5633 634 5676 nente
658 5640 834 5676 manus
855 5624 1034 5676 occidit
1057 5640 1076 5677 :
1098 5640 1395 5694 sumensque
1416 5624 1476 5676 de
1498 5625 1739 5694 sanguine
1762 5626 1890 5695 ejus,
1918 5642 2066 5695 super

484 5723 761 5767 ixtrrmum
803 5713 1042 5767 auricula!
1077 5714 1244 5766 Aaron
1279 5714 1466 5767 dextra:
1489 5754 1503 5779 ,
1534 5726 1577 5767 et
1611 5731 1762 5784 super
1791 5728 2063 5769 extremum

1234 337 1289 391 S.
1331 335 1606 392 JOANNIS
1644 329 2119 388 CllRYSOSTOMl
2159 329 2474 386 ARCHIEP.
2515 331 3042 390 CONSTANTINOP.

3656 337 3756 392 9i?

2183 461 2362 499 manus
2386 441 2604 510 dextrae,
2635 458 2680 500 et
2717 463 2869 516 super
2895 457 3168 502 extremum
3207 449 3348 517 pedis
3380 449 3577 513 dextri,
3609 453 3757 502 simili

2183 537 2332 590 modo
2359 536 2475 606 fecit
2496 547 2540 591 et
2563 538 2681 606 ﬁliis
2706 538 2862 591 illius.
2894 537 3084 590 Deinde
3105 555 3304 592 sumens
3334 540 3562 606 qua-dam
3585 541 3645 591 de
3665 544 3756 592 lio~

2181 627 2279 680 stia
2320 627 2552 696 imposuit
2591 627 2818 682 manibus
2860 627 3032 682 Aaron
3075 638 3122 682 et
3159 629 3380 697 filiorum
3418 632 3558 700 ejus,
3592 647 3650 682 ac
3687 647 3759 683 sic

2181 717 2378 772 obtulit.
2405 718 2474 772 Et
2498 729 2698 787 sumpto
2724 737 2896 773 rursus
2923 720 3167 790 sanguine
3191 730 3237 774 et
3264 720 3327 774 de
3351 722 3460 774 oleo
3487 735 3761 790 conspersit

2179 823 2330 876 super
2352 807 2522 862 Aaron
2551 818 2595 878 θ
2619 809 2770 864 stolas
2794 810 2953 876 illius,
2981 821 3027 864 et
3051 827 3202 881 super
3224 813 3357 878 ﬁlios
3386 814 3516 882 ejus,
3539 823 3584 866 et
3609 830 3761 881 super

2180 897 2335 950 stolas
2369 914 2541 951 eorum
2569 913 2588 951 :
2607 909 2651 952 et
2675 901 3002 968 sancti/ienuit
3029 918 3140 969 eos,
3165 912 3211 954 et
3238 904 3393 973 jussit
3418 914 3474 956 ut
3498 917 3760 973 coquerent

2181 1005 2356 1042 carnes
2385 990 2438 1042 in
2465 991 2594 1043 atrio
2625 989 2930 1045 tabernaculi
2960 993 3244 1059 testimonii,
3278 993 3478 1064 illicque
3501 997 3570 1049 eis
3595 1011 3760 1050 uescc-

2180 1091 2355 1134 rentur
2387 1095 2406 1135 :
2446 1091 2492 1134 et
2527 1083 2589 1135 ab
2623 1083 2751 1136 ostio
2788 1084 3094 1137 tabernaculi
3129 1086 3398 1139 testimonii
3439 1103 3500 1140 ne
3537 1091 3759 1157 egredia-

2182 1171 2340 1234 mini,
2371 1172 2570 1241 inquit,
2602 1173 2707 1225 dies
2736 1183 2957 1242 septem,
2987 1173 3144 1226 donec
3181 1174 3286 1228 dies
3319 1175 3626 1244 impleatur,
3655 1178 3762 1229 dies

2179 1265 2510 1320 ordinationis
2538 1277 2730 1321 vestraz.
2763 1268 2969 1338 Septem
2993 1271 3123 1323 enim
3149 1271 3319 1325 diebus
3340 1273 3554 1327 initiabit
3578 1291 3761 1328 manus

2179 1365 2368 1409 vestras
2386 1397 2401 1418 ,
2427 1365 2480 1409 ut
2505 1359 2811 1426 .propitietur
2836 1376 2928 1427 pro
2953 1361 3089 1413 uobis
3112 1359 3302 1432 (Leuit.
3335 1363 3387 1416 7.
3419 1363 3518 1427 55;
3551 1364 3604 1418 8.
3633 1366 3686 1418 l.
3714 1377 3762 1418 et

2179 1448 2361 1515 seqq.).
2387 1447 2518 1502 Cum
2544 1449 2702 1518 igitur
2725 1449 2867 1505 dicat
2897 1450 2980 1506 his
3007 1453 3165 1506 rebus
3191 1453 3448 1508 initiatum
3478 1454 3638 1510 fuisse
3661 1457 3764 1510 Aa-

2181 1552 2298 1603 ron,
2333 1539 2414 1592 his
2443 1539 2798 1608 purilicatum,
2831 1540 2914 1596 his
2941 1542 3347 1610 sanctificatum,
3379 1559 3474 1613 per
3501 1545 3615 1601 hxc
3643 1547 3761 1614 pla-

2180 1643 2329 1683 casse
2360 1629 2525 1685 Deum
2544 1671 2561 1696 ,
2590 1631 2722 1685 nihil
2750 1640 2926 1686 autem
2957 1632 3144 1686 horum
3171 1649 3309 1688 nunc
3335 1635 3424 1688 fiat
3443 1677 3458 1702 ,
3488 1651 3658 1706 neque
3684 1639 3761 1690 vi-

2179 1722 2337 1776 ctima
2375 1737 2546 1792 neque
2576 1723 2963 1790 holocaustum,
2998 1741 3166 1794 neque
3204 1727 3474 1794 sanguinis
3501 1730 3760 1796 aSpersio,

2181 1826 2352 1881 neque
2380 1812 2484 1866 olei
2512 1811 2746 1867 inunctio
2766 1855 2782 1880 ,
2813 1829 2912 1869 nec
2935 1815 3074 1868 adsit
3101 1815 3492 1870 tabernaculum
3518 1819 3762 1872 testimo-

2180 1905 2250 1959 nii
2271 1946 2286 1970 ,
2315 1920 2486 1974 neque
2521 1905 2587 1959 ad
2617 1885 2942 1974 przefinitum'
2968 1907 3173 1961 dierum
3199 1923 3477 1963 numerum
3515 1909 3764 1966 sedeatur

2181 1998 2356 2052 intus:
2385 1998 2624 2067 profecto
2653 1999 2824 2067 palam
2851 2010 2932 2054 est
2958 1999 3310 2067 sacerdotem,
3337 2001 3427 2069 qui
3456 2017 3596 2056 nunc
3622 2003 3763 2072 apud

2181 2087 2312 2143 istos
2339 2099 2419 2142 est
2439 2129 2455 2151 ,
2487 2088 2750 2157 impurum
2782 2103 2845 2143 ac
2868 2089 3126 2144 nefariqu
3155 2104 3306 2156 esse,
3341 2091 3672 2162 illegitimum
3700 2107 3763 2146 ac

2181 2177 2479 2246 profanum,
2507 2177 2733 2247 denique
2760 2177 2827 2232 ad
2856 2178 2986 2233 iram
3017 2179 3182 2233 Deum
3210 2194 3519 2248 provocare.
3551 2181 3762 2236 Etenim

2177 2267 2222 2322 si
2263 2282 2368 2322 non
2413 2277 2619 2336 poterat
2661 2269 2817 2324 aliter
2856 2270 3191 2334 consecrari,
3222 2270 3324 2324 nisi
3356 2271 3499 2326 hisce
3533 2271 3722 2327 ritibus
3744 2314 3762 2336 ,

2180 2360 2398 2413 omnino
2426 2373 2644 2415 necesse
2670 2369 2754 2415 est
2795 2369 2959 2416 totum
3007 2362 3362 2416 sacerdotium
3403 2362 3616 2422 illorum
3658 2379 3762 2417 non

2179 2447 2492 2504 consistere.
2523 2448 2688 2504 Vides
2713 2464 2744 2502 a
2773 2464 2860 2505 me
2897 2451 3087 2505 merito
3112 2451 3328 2517 dictum,
3361 2451 3501 2522 quod
3536 2469 3641 2507 non
3671 2469 3762 2508 so-

2180 2539 2288 2593 lum
2317 2555 2347 2594 a
2377 2541 2597 2595 veritate
2619 2579 2637 2606 ,
2669 2556 2849 2594 verum
2881 2542 3040 2596 etiam
3069 2541 3136 2596 ab
3179 2542 3290 2611 ipsa
3320 2543 3396 2597 rei
3425 2544 3763 2599 simulatione

2179 2631 2362 2698 procul
2391 2631 2600 2686 absunt.

2250 2717 2304 2772 6.
2335 2717 2538 2785 Quanta
2565 2720 2628 2773 sit
2655 2719 2922 2773 sacerdotii
2948 2721 3185 2791 dignitas.
3208 2752 3280 2761 —
3306 2721 3413 2776 Nec
3442 2739 3509 2777 ex
3536 2724 3618 2777 his
3648 2735 3762 2777 tan~

2180 2818 2291 2863 tum
2311 2848 2328 2874 ,
2357 2823 2539 2862 verum
2564 2809 2721 2863 etiam
2749 2825 2816 2864 ex
2843 2809 2960 2864 aliis
2983 2810 3189 2865 discere
3217 2810 3358 2876 licet,
3382 2825 3575 2880 quanta
3606 2812 3762 2868 fuerit

2180 2898 2459 2954 sacerdotii
2489 2898 2737 2968 dignitas.
2777 2899 3003 2954 Proinde
3029 2915 3147 2954 cum
3174 2900 3429 2955 adversus
3456 2903 3630 2955 Aaron
3671 2919 3759 2956 sc-

2179 2990 2432 3044 ditionem
2458 2989 2750 3043 movissent
2774 2989 3014 3043 homines
3039 2990 3250 3059 quidam
3274 2991 3518 3046 scelerati
3545 2993 3762 3061 perditi-

2177 3097 2312 3152 que,
2340 3089 2592 3136 conantes
2621 3095 2746 3135 eum
2771 3095 2800 3134 a
2829 3081 3124 3151 principatu
3149 3081 3417 3151 depellere
3435 3122 3450 3147 ,
3483 3091 3536 3137 et
3564 3083 3629 3137 de
3659 3083 3758 3136 ho.

2178 3188 2308 3227 nore
2346 3188 2466 3227 cum
2511 3172 2602 3226 illo
2641 3172 2998 3242 disceptarent
3036 3189 3050 3225 :
3087 3174 3545 3228 mansuetissimus
3586 3174 3762 3230 Moses

2177 3261 2396 3332 cupiens
2423 3261 2524 3315 illis
2546 3261 2704 3315 rebus
2729 3261 2855 3330 ipsis
2879 3260 3054 3316 facere
3077 3260 3256 3328 fidem,
3277 3262 3418 3332 quod
3444 3279 3549 3318 non
3572 3273 3628 3318 ut
3655 3263 3758 3318 fra-

2179 3365 2312 3410 trem
2333 3395 2348 3419 ,
2376 3365 2467 3410 aut
2488 3365 2770 3425 cognatum
2787 3395 2802 3421 ,
2835 3361 2928 3408 aut
2952 3354 3260 3408 familiarem
3279 3396 3296 3421 ,
3321 3356 3583 3412 evexisset
3611 3356 3766 3414 illum

2179 3446 2246 3501 ad
2274 3463 2394 3502 eum
2435 3447 2692 3500 honorem
2713 3487 2729 3512 ,
2769 3446 2862 3500 sed
2901 3446 2994 3500 Dei
3035 3461 3226 3516 parens
3251 3447 3425 3502 edicto
3455 3447 3761 3504 tradidisset

2177 3537 2251 3592 illi
2280 3537 2632 3592 sacerdotium
2666 3536 2810 3601 illud,
2837 3535 2996 3606 jussit.
3022 3546 3077 3590 ut
3104 3552 3429 3606 unaquchuc
3455 3539 3628 3592 tribus
3653 3539 3758 3592 vir-

2177 3643 2294 3698 gam
2323 3627 2556 3692 afferret,
2585 3627 2724 3682 idem
2754 3628 3003 3696 praecepit
3029 3628 3222 3682 Aaroni
3256 3644 3410 3682 :cum
3438 3629 3754 3694 attulissent,

2177 3735 2364 3775 omnes
2392 3720 2627 3787 accepit,
2659 3727 2713 3773 et
2745 3720 2884 3772 intus
2923 3718 3176 3788 reposuit.
3211 3719 3287 3774 Eo
3321 3718 3461 3774 l‘acto
3480 3720 3640 3788 jussit
3661 3735 3756 3775 ex-

2177 3811 2404 3880 spectari
2428 3811 2663 3865 divinum
2689 3810 2969 3878 judicium,
2997 3810 3134 3878 quod
3163 3826 3259 3880 per
3281 3811 3452 3879 virgas
3481 3811 3597 3866 illas
3615 3823 3758 3866 esset

2178 3901 2571 3970 proferendum.
2605 3901 2802 3956 Deinde
2827 3915 2946 3955 cum
2976 3901 3132 3956 simul
3161 3902 3393 3954 omnium
3430 3903 3756 3972 reliquorum

2179 3994 2336 4062 virgae
2375 4001 2655 4046 manerent
2683 3993 2734 4045 in
2773 3991 2960 4046 eodem
3009 3992 3222 4059 habitu,
3253 3993 3363 4046 sola
3406 3993 3548 4063 virga
3581 3997 3762 4056 Aaron

2176 4081 2531 4150 germinavit,
2579 4079 2896 4151 frondesque
2933 4080 3182 4150 produxit
3219 4096 3280 4136 ac
3319 4081 3520 4136 fructus
3550 4081 3754 4155 (Num.

2178 4172 2291 4242 l7),
2318 4182 2372 4226 ut
2400 4171 2768 4241 intelligerent,
2796 4180 2998 4224 natura:
3027 4171 3304 4224 Dominum
3327 4172 3474 4225 illum
3496 4171 3759 4241 delegisse

2175 4264 2351 4318 denuo
2371 4304 2386 4327 ,
2418 4263 2711 4316 litterarum
2740 4261 2854 4315 vice
2883 4261 3018 4314 foliis
3047 4275 3219 4314 usum.
3249 4261 3458 4315 Etenim
3487 4263 3576 4331 qui
3608 4263 3756 4316 initio

2175 4353 2384 4408 dicebat
2409 4370 2422 4406 :
2447 4351 2698 4405 Germinet
2727 4361 2860 4403 terra
2887 4350 3089 4403 herbam
3114 4352 3355 4421 graminis
3387 4351 3536 4422 (Gen.
3563 4353 3615 4406 l.
3643 4353 3753 4419 ll),

2173 4444 2394 4513 ejusque
2433 4442 2538 4494 vim
2569 4440 2632 4494 ad
2663 4438 3086 4494 fructificandum
3111 4442 3396 4495 excitavit:
3428 4442 3566 4497 idem
3602 4453 3656 4498 et
3690 4443 3754 4496 il-

2175 4533 2264 4588 lud
2295 4533 2491 4603 lignum
2518 4530 2659 4601 quod
2687 4541 2802 4584 erat
2824 4530 3028 4584 aridum
3059 4541 3111 4586 ct
3139 4531 3523 4603 infrugifcrum,
3558 4534 3681 4589 fecit
3702 4545 3756 4588 ut

2172 4627 2370 4697 absque
2397 4635 2536 4680 terra
2565 4635 2619 4681 et
2641 4629 2754 4684 sine
2785 4629 2959 4684 radice
2985 4629 3299 4699 germinare!
3327 4648 3340 4684 :
3365 4641 3584 4700 eratque
3609 4632 3757 4685 dein-

2172 4731 2298 4786 ceps
2329 4717 2470 4786 virga
2501 4718 2587 4772 illa
2616 4729 2984 4788 argumentum
3017 4728 3072 4775 et
3110 4721 3464 4779 testimonium
3498 4732 3604 4775 tam
3637 4724 3754 4777 illo-

2176 4823 2290 4860 rum
2317 4808 2549 4872 malitize,
2569 4823 2727 4877 quam
2747 4809 3126 4880 divinijudicii,
3147 4826 3249 4866 non
3273 4813 3521 4868 emittens
3545 4815 3755 4884 quidem

2174 4915 2383 4967 vocem,
2401 4900 2493 4955 sed
2518 4901 2631 4970 ipso
2650 4913 2866 4970 aspecm
2884 4903 3068 4973 quavis
3092 4905 3212 4959 tuba
3234 4904 3425 4960 clarius
3445 4905 3755 4974 exhortans,

2174 5007 2241 5045 ne
2267 4991 2389 5060 quid
2418 4991 2600 5045 talium
2628 4993 2918 5048 facinorum
2945 4994 2997 5048 in
3026 5003 3295 5064 posterum
3316 4997 3752 5066 aggrederentur.

2171 5079 2278 5135 Nec
2323 5082 2423 5136 hoc
2459 5082 2617 5135 modo
2648 5091 2847 5137 tantum
2867 5124 2884 5150 ,
2912 5084 3005 5138 sed
3048 5085 3153 5140 alio
3188 5085 3416 5155 quodam
3443 5098 3760 5156 argumento

2175 5172 2312 5225 Deus
2339 5171 2632 5226 declaravit
2671 5189 2791 5228 cum
2835 5174 3188 5230 sacerdotem.
3222 5176 3429 5230 Etenim
3459 5193 3582 5231 cum
3610 5178 3756 5232 multi

2173 5274 2314 5318 mota
2355 5265 2610 5320 adversus
2649 5265 2798 5319 illum
2841 5267 3100 5321 seditione
3126 5265 3433 5336 appeterent
3462 5268 3629 5336 ipsius
3660 5269 3755 5320 ho-

2171 5370 2356 5409 norem
2390 5373 2403 5408 :
2435 5355 2756 5424 principatus
2786 5357 2926 5409 cnim
2959 5371 3046 5411 res
3083 5368 3164 5410 est
3197 5373 3289 5426 pro
3327 5373 3427 5425 qua
3469 5356 3758 5426 depugnari

2172 5447 2326 5513 solet,
2358 5457 2412 5501 et
2439 5464 2556 5517 quae
2584 5449 2848 5516 expetitur
2870 5464 2899 5502 a
2932 5449 3106 5502 multis
3139 5465 3153 5502 :
3181 5449 3337 5516 jussit
3368 5460 3420 5502 ut
3453 5449 3614 5502 illatis
3636 5449 3758 5500 thu-

2173 5537 2379 5601 rihulis,
2408 5549 2462 5592 et
2493 5538 2738 5608 imposito
2769 5538 3130 5608 thymiamate,
3162 5539 3364 5592 ca:litus
3389 5547 3759 5609 exspectarent

2173 5629 2507 5681 sententiam.
2559 5632 2730 5698 Atque
2775 5629 2876 5682 illis
2922 5628 3256 5682 adolentibus
3295 5637 3431 5682 terra
3475 5627 3756 5682 dehiscens

2173 5731 2358 5772 omnes
2384 5719 2675 5786 absorbuit,
2699 5719 2787 5788 qui
2815 5733 2934 5773 cum
2964 5719 3088 5788 ipsis
3114 5728 3533 5774 consenserant:
3561 5732 3759 5786 eosque
