4084 6186
501 312 604 366 913

499 426 784 498 ἀναμένειν
828 424 1023 496 ψῆφον.
1058 425 1166 477 Καὶ
1211 424 1526 495 θυμιώντων
1551 424 1750 487 αὐτῶν,
1785 426 1916 495 ήγῆ
1962 424 2076 478 διαι

504 512 677 564 στᾶσα
708 509 914 569 πάντας
968 505 1192 560 κατέπιε
1245 509 1368 569 τοὺς
1418 507 1835 577 συναιρομένους
1870 508 2076 569 αὐτοῖς,

501 593 597 647 καὶ
622 592 747 654 τοὺς
775 591 843 643 τὰ
884 592 1080 660 πυρεῖα
1104 588 1369 650 λαϐόντας
1391 588 1597 642 ἀνωθεν
1617 589 1911 658 κατέφλεξε
1943 587 2071 659 πῦρ.

502 675 612 728 Kal
639 674 725 725 ἴνα
760 672 833 743 μὴ
849 671 927 741 τῷ
959 672 1134 743 χρόνῳ
1165 671 1302 742 λήθῃ
1329 671 1390 723 τὸ
1418 673 1704 743 γενόμενον
1733 672 2031 742 παραδοθὲν
2050 683 2072 710 ο

501 758 717 823 ἀγνοεῖν
744 757 869 818 τοὺς
922 755 1059 825 μετά
1107 753 1279 807 ταῦτα
1318 757 1440 825 ποιῇ
1491 754 1588 826 τὴν
1643 754 1941 826 παράδοξον
1982 753 2075 806 τοῦ

501 836 637 891 Θεοῦ
667 837 864 907 ψῆφον,
898 837 1226 908 προσέταξεν
1253 839 1283 889 ό
1303 838 1543 907 Μωῡσῆς
1575 840 1755 891 ἐκεῖνα
1781 837 1849 890 τά
1880 839 2077 906 πυρεῖα

500 919 760 985 λαϐόντας
789 921 1105 991 περιελάσαι
1140 922 1221 993 τῷ
1274 920 1666 991 θυσιαστηρίῳ,
1712 921 1777 975 ἵν’
1806 920 1993 991 ῶσπερ
2042 919 2075 988 ἡ

503 1003 697 1073 ῥάϐδος
722 1007 888 1076 χωρὶς
923 1005 1105 1075 φωνῆς
1134 1005 1286 1075 ἠφίει
1315 1003 1497 1074 φωνὴν
1521 1004 1609 1056 διὰ
1634 1004 1734 1073 τῆς
1758 1004 1952 1073 ὄψεως,
1987 1000 2079 1054 οῦ-

497 1102 577 1138 τω
615 1087 708 1140 καὶ
731 1087 798 1140 τὰ
820 1088 1026 1140 πέταλα
1057 1086 1227 1141 ταῦτα
1267 1090 1381 1150 τοῖς
1415 1087 1551 1157 μετά
1570 1087 1736 1140 ταῦτα
1761 1086 2074 1155 διαλέγηται

499 1168 632 1220 πᾶσι
675 1168 823 1241 [659]
844 1171 936 1223 καὶ
990 1172 1225 1240 παραινῇ
1281 1170 1373 1222 καὶ
1402 1168 1761 1241 συμϐουλεύῃ,
1813 1167 2076 1239 μηδαμῶς

503 1254 784 1322 μιμεῖσθαι
815 1254 912 1324 τὴν
942 1253 1048 1306 τῶν
1080 1254 1355 1324 προτέρων
1384 1253 1589 1311 ἄνοιαν,
1631 1254 1717 1305 ἵνα
1756 1252 1827 1324 μὴ
1849 1252 1945 1323 τὴν
1974 1252 2074 1303 αύ-

497 1336 598 1406 τὴν
632 1337 963 1407 ὑπομείνωσι
1006 1336 1178 1406 δίκην.
1225 1338 1386 1408 Ὁρᾷς
1410 1337 1527 1400 πῶς
1558 1337 1617 1390 τὸ
1663 1336 1887 1389 παλαιὸν
1921 1336 1969 1388 οἱ
2000 1336 2075 1405 ἱε-

504 1421 617 1487 ρεῖς
649 1419 1110 1491 ἐχειροτονοῦντος
1141 1420 1273 1473 Νυνὶ
1313 1420 1370 1472 δὲ
1403 1420 1626 1488 παίγνια
1653 1419 1722 1473 τά
1751 1419 1899 1490 παρά
1943 1419 2073 1471 Ἰου-

500 1501 671 1564 δαίοις
700 1503 877 1556 πάντα
924 1503 1017 1556 καὶ
1050 1504 1220 1571 γέλως
1268 1506 1361 1557 καὶ
1393 1504 1624 1574 αἰσχύνη
1680 1505 1773 1557 καὶ
1802 1502 2074 1573 καπηλεῖα

500 1584 597 1637 καὶ
633 1585 831 1655 μυρίας
863 1586 1034 1656 μεστά
1063 1588 1426 1658 παρανομίας.
1459 1587 1682 1651 Τούτοις
1722 1583 1814 1640 οὖν
1842 1588 2071 1640 ἀκολου-

505 1665 639 1728 θεῖς,
673 1668 792 1720 είπέ
825 1686 935 1738 μοι,
962 1673 1076 1732 τοῖς
1102 1670 1427 1733 ἀπεναντίας
1453 1670 1541 1723 ἀεὶ
1570 1673 1681 1733 τοῖς
1704 1670 1797 1723 τοῦ
1831 1670 1962 1723 Θεοῦ
1985 1671 2071 1723 νό-

504 1765 626 1818 μοις
654 1751 864 1805 ἅπαντα
889 1754 982 1807 καὶ
1017 1756 1187 1806 ποιεῖν
1226 1755 1321 1807 καὶ
1360 1754 1537 1822 λέγειν
1582 1752 1956 1823 φιλονεικοῦσι,
1979 1755 2072 1806 καὶ¹

501 1834 638 1903 πρὸς
663 1834 762 1897 τάς
788 1836 1110 1904 συναγωγὰς
1134 1836 1313 1890 αὐτῶν
1336 1837 1576 1908 τρέχεις;
1615 1837 1706 1891 καὶ
1742 1837 1803 1890 οὐ
1831 1837 2072 1899 δέδοικας

503 1914 577 1985 μή
611 1917 852 1988 σκηπτὸς
886 1919 1089 1972 ἄνωθεν
1118 1921 1461 1991 κατενεχθεὶς
1495 1920 1808 1992 καταφλέξῃ
1837 1937 1932 1973 σου
1974 1920 2074 1990 τὴν

501 1999 771 2070 κεφαλήνς
811 2002 924 2056 Οὐκ
950 1998 1098 2067 οἶδας
1136 2005 1239 2066 ὅτι,
1276 2004 1379 2058 κᾶν
1410 2004 1484 2075 μὴ
1529 2004 1762 2076 λῃστεύῃ
1794 2022 1899 2067 τις,
1928 2007 1986 2058 ἐν
2016 2005 2074 2057 δὲ

498 2079 576 2152 τῷ
603 2082 709 2134 τῶν
742 2082 1119 2155 λῃστευόντων
1137 2086 1386 2157 σπηλαίῳ
1418 2090 1581 2157 φανῇ,
1615 2087 1713 2156 τὴν
1734 2088 1902 2158 αὐτὴν
1932 2087 2075 2140 ἐκεί-

500 2181 610 2228 νοις
635 2165 815 2220 δίδωσι
838 2167 1022 2239 δίκην;
1056 2169 1164 2222 Καὶ
1202 2169 1253 2222 τί
1283 2170 1425 2237 λέγω
1457 2170 1524 2223 τὰ
1553 2169 1660 2222 τῶν
1683 2170 1928 2243 λῃστῶν;

575 2251 721 2301 Ἴστε
767 2251 938 2321 δήπου
970 2254 1170 2315 πάντες
1219 2253 1313 2305 καὶ
1347 2253 1644 2325 μέμνησθε,
1675 2255 1763 2308 ὅτε
1801 2258 1928 2319 τοὺς
1983 2257 2074 2310 ἀν-

498 2329 754 2402 δριάντας
784 2333 1031 2385 καθεῖλον
1068 2335 1198 2406 παρ’
1235 2337 1366 2406 ἡμῖν
1397 2337 1580 2407 μιαροί
1609 2354 1752 2402 τινες
1802 2339 2075 2410 ἄνθρωποι

500 2416 593 2468 καὶ
622 2415 839 2486 γόητες,
889 2417 1005 2488 πῶς
1040 2418 1139 2471 οὐκ
1180 2420 1376 2472 ἐκεῖνοι
1420 2419 1577 2490 μόνον
1611 2423 1661 2473 οἱ
1685 2420 2071 2493 τολμήσαντες,

498 2498 634 2553 ἀλλά
663 2500 756 2552 καὶ
777 2501 890 2553 ὅσοι
935 2502 1201 2573 παρόντες
1232 2503 1417 2567 ἁπλῶς
1450 2506 1564 2567 τοῖς
1600 2506 1910 2576 γενομένοις
1943 2506 2075 2574 ἐφά-

497 2599 688 2653 νησαν,
725 2586 802 2646 εἰς
843 2584 1189 2656 δικαστήριον
1245 2587 1686 2659 ἀναρπασθέντες
1726 2590 1819 2642 καὶ
1872 2607 2074 2646 συναπ-

498 2664 756 2735 αχθέντες
780 2667 1029 2730 ἐκείνοις,
1052 2669 1150 2738 τὴν
1179 2670 1413 2739 ἐσχάτην
1439 2670 1644 2723 ἔδωκαν
1674 2670 1830 2740 δίκην
1853 2673 1958 2737 ;Σὺ
1991 2672 2066 2736 δὲ,

497 2746 627 2799 ἔνθα
656 2750 845 2819 Πατὴρ
879 2750 1181 2820 ὑϐρίζεται,
1217 2752 1311 2805 καὶ
1333 2752 1462 2815 Υἱὸς
1502 2751 1918 2824 βλασφημεῖται,
1944 2754 2073 2809 ἔνθα

497 2828 560 2882 τὸ
588 2829 812 2900 Πνεῦμα
837 2833 896 2885 τὸ
926 2833 1079 2900 ἆγιον
1103 2835 1200 2887 καὶ
1223 2833 1483 2898 ζωοποιὸν
1508 2834 1803 2898 ἀθετεῖται,
1828 2837 2074 2902 σπεύδεις

497 2910 733 2983 τρέχειν,
769 2914 891 2967 εἰπέ
928 2932 1053 2986 μοις
1085 2917 1179 2968 κοιλ⁵
1210 2916 1271 2968 οὐ
1303 2916 1548 2980 δέδοικας
1568 2919 1692 2971 οὐδὲ
1725 2920 1967 2991 φρίττεις
1994 2922 2074 2985 εἰς

496 2993 623 3058 τοὺς
654 2994 913 3065 βεϐήλους
949 2998 1041 3051 καὶ
1072 2998 1414 3069 ἀκαθάρτους
1438 3000 1639 3063 τόπους
1676 3002 1917 3065 ἐκείνους
1948 3020 2075 3057 aau-

497 3077 589 3130 τὸν
616 3079 880 3148 είσάγων;
916 3083 1023 3135 Καὶ
1056 3082 1211 3136 ποίαν
1238 3082 1397 3147 ἕξεις,
1448 3084 1571 3136 εἰπέ
1614 3101 1726 3153 μοι,
1758 3085 2072 3154 ἀπολογίαν,

496 3161 619 3214 τίνα
641 3164 994 3236 συγγνώμην,
1022 3165 1163 3219 ἑκὼν
1180 3166 1407 3220 σεαυτὸν
1421 3169 1502 3231 είς
1522 3168 1583 3220 τὸ
1608 3168 1882 3241 βάραθρον
1897 3170 2073 3238 ώθῶν,

498 3247 592 3299 καὶ
622 3248 760 3301 κατά
794 3250 1055 3320 κρημνῶν
1087 3250 1338 3320 ἀφιείςδς
1672 3290 1677 3295 -

568 3331 658 3400 Μὴ
691 3333 799 3401 γάρ
831 3349 921 3403 μοι
938 3333 1095 3385 τοῦτο
1122 3333 1303 3406 εἴπῃς,
1328 3335 1409 3386 ὅτι
1444 3333 1608 3403 νόμος
1633 3336 1749 3389 ἐκεῖ
1786 3339 1961 3390 κεῖται
1984 3339 2078 3392 καὶ

498 3414 796 3483 προφητῶν
847 3414 1045 3484 βιϐλία.
1101 3418 1218 3468 υὺκ
1262 3418 1424 3486 ἀρκεῖ
1448 3416 1606 3469 τοῦτο
1647 3417 1873 3488 ποιῆσαι
1912 3420 2075 3475 τόπον

499 3496 673 3562 ἀγιον.
708 3497 773 3549 Τί
795 3497 904 3568 γὰρ
934 3497 1116 3568 μεῖζόν
1138 3500 1275 3560 ἐστι,
1303 3498 1480 3568 βιϐλία
1504 3500 1712 3553 κεῖσθαι
1750 3504 1807 3555 ἐν
1842 3502 2011 3574 τόπῳ,
2040 3503 2073 3574 ἢ

499 3578 836 3646 φθέγγεσθαι
856 3580 924 3632 τὰ
944 3580 1051 3634 ἀπὸ
1091 3581 1198 3632 τῶν
1223 3580 1477 3650 βιϐλίωνς
1510 3580 1744 3652 Εύδηλον
1772 3584 1939 3637 ὅτιτά
1969 3587 2075 3639 ἀπὸ

497 3659 610 3711 τῶν
640 3660 859 3729 βιϐλίων
891 3661 1223 3730 φθέγγεσθαι
1258 3663 1352 3715 καὶ
1398 3663 1541 3734 ἐχειν
1588 3664 1644 3717 ἐν
1673 3665 1951 3731 διανοίαις.
2010 3669 2075 3722 Τί

500 3737 614 3803 οῦν,
639 3743 760 3794 εἰπέ
793 3760 904 3811 μοι,
946 3743 1131 3814 ἐπειδὴ
1156 3746 1184 3797 ό
1212 3744 1457 3808 διάϐολος
1492 3746 1793 3815 ἐφθέγξατο
1814 3749 1920 3803 ἀπὸ
1967 3750 2076 3805 τῶν

501 3823 753 3894 Γραφῶν,
800 3823 909 3896 ἄρα
944 3827 1178 3900 ἡγιάσθη
1221 3828 1386 3881 αὑτοῦ
1430 3828 1491 3882 τὸ
1541 3830 1747 3900 στόμα;
1793 3834 1905 3886 Οὑκ
1930 3834 2076 3889 ἔστιν

500 3908 699 3973 εἰπεῖν,
736 3907 851 3961 ἀλλ’
872 3908 1085 3979 ἔμεινεν
1106 3908 1180 3963 ὣν
1201 3910 1465 3976 διάϐολος.
1495 3912 1636 3965 Τίδέ
1662 3924 1684 3952 ο
1716 3915 1764 3967 οἱ
1793 3915 2073 3987 δαίμονες;

500 3991 682 4062 ἐπειδὴ
733 3994 1031 4064 ἐκήρυττον
1077 3994 1171 4047 καὶ
1214 3993 1416 4063 ελεγονο
1468 3990 1639 4051 Οὗτοι
1692 4000 1748 4050 οἱ
1779 3998 2076 4067 ἅνθρωποι

499 4073 705 4129 δοῦλοι
717 4075 822 4129 τοῦ
839 4077 986 4131 Θεοῦ
1001 4079 1119 4130 εἱσι
1136 4078 1243 4131 τοῦ
1258 4080 1292 4132 ῠ
1302 4079 1370 4147 Ψί
1372 4093 1522 4133 στου
1532 4120 1546 4144 ,
1564 4083 2076 4151 καταγγέλλοντες

498 4162 642 4232 ὑμῖν
672 4163 819 4216 ὁδὸν
851 4165 1168 4232 σωτηρίας,
1202 4159 1310 4235 ἆρα
1340 4162 1432 4218 οῦν
1485 4166 1573 4219 διά
1630 4168 1787 4221 τοῦτο
1839 4172 1917 4232 εἰς
1950 4173 2075 4236 τοὺς

499 4247 830 4310 ἀποστόλους
850 4249 1047 4312 αὐτοὺς
1068 4248 1398 4319 ἐντάξομενς
1423 4251 1703 4321 Οὐδαμῶς,
1733 4251 1848 4305 ἀλλ’
1875 4253 2075 4323 ὁμοίως

499 4332 694 4394 αὐτοὺς
730 4331 967 4400 μένομεν
993 4331 1462 4403 ἀποστρεφόμενοι
1489 4335 1582 4386 καὶ
1606 4333 1906 4404 μισοῦντες.
1939 4333 2076 4390 Εἶτα

500 4415 718 4484 ῥήματα
750 4413 847 4482 μὲν
873 4414 1257 4484 προφερόμενα
1290 4415 1388 4485 οὐχ
1425 4415 1661 4484 ἁγιάζει,
1695 4416 1765 4469 τὰ
1803 4417 1860 4471 δέ
1895 4417 2073 4488 βιϐλία

500 4497 727 4566 κείμενοι
758 4495 1004 4563 ἀγιάζει;
1041 4498 1136 4550 καὶ
1179 4498 1297 4561 πῶς
1336 4499 1403 4552 ἂν
1437 4499 1551 4569 έχοι
1580 4500 1738 4553 τοῦτο
1767 4501 1953 4570 λόγον;
1977 4505 2074 4558 Διά

497 4579 654 4631 τοῦτο
682 4579 918 4650 μάλιστα
953 4579 1051 4648 μὲν
1086 4581 1227 4649 μισῶ
1257 4581 1356 4651 τὴν
1402 4583 1742 4654 συναγωγὴν,
1770 4585 1953 4656 ἐπειδὴ
1980 4586 2073 4642 τὸν

496 4664 659 4734 νόμον
676 4664 789 4733 ἔχει
816 4663 1055 4728 καὶτοὺς
1078 4664 1385 4736 προφήτας,
1416 4666 1512 4718 καὶ
1532 4667 1696 4720 πλέον
1725 4668 1893 4740 αὐτὴν
1930 4673 2072 4741 μισῶ

497 4747 613 4813 νῦν,
650 4746 684 4819 ἢ
719 4748 769 4799 εἰ
806 4746 971 4817 μηδὲν
1002 4743 1116 4817 εἶχε
1144 4746 1371 4801 τούτων.
1419 4748 1484 4800 Τί
1511 4748 1742 4819 δήποτε;
1777 4753 1898 4806 Ὅτι
1930 4754 2072 4823 μέγα

495 4832 556 4888 τὸ
585 4831 796 4902 δέλεαρ,
825 4831 1041 4903 πολλὴή
1077 4831 1259 4902 ἀπάτη
1290 4834 1402 4894 τοῖς
1421 4832 1803 4905 ἀφελεστέροις
1822 4837 2071 4891 ἐντεῦθεν

495 4916 726 4984 γίνεται⁶
753 4915 877 4967 ἐπεὶ
906 4914 1001 4968 καὶ
1032 4914 1123 4967 τὸν
1137 4915 1366 4985 δαίμονα
1393 4917 1597 4970 ἐκεῖνον
1612 4918 1699 4971 διά
1724 4919 1882 4973 τοῦτο
1909 4923 2070 4990 φθεγο

495 5000 723 5070 γόμενον
742 4998 939 5070 μᾶλλον
973 4998 1009 5070 ἢ
1050 4999 1341 5053 σιωπῶντα
1367 5000 1598 5071 ήλαυνεν
1625 5003 1653 5054 ό
1677 5002 1904 5066 Παῦλος.
1942 5007 2072 5058 Δια-

494 5081 775 5150 πονηθεὶς
805 5082 935 5152 γὰρ,
985 5084 1138 5151 φησὶ,
1172 5081 1254 5147 τῷ
1279 5085 1568 5154 πνεύματι
1591 5080 1780 5138 εἶπενο
1814 5087 2069 5152 Ἔξελθε

492 5165 594 5220 ἀπ’
632 5164 845 5233 αὐτῆς.
878 5166 989 5219 Καὶ
1016 5165 1160 5228 τίνος
1200 5166 1415 5232 ἐνεκεν;
1459 5168 1677 5237 Ἐπειδὴ
1712 5168 1858 5222 ἐϐόαο
1894 5166 2069 5226 Οὗτοι

493 5252 548 5304 οἱ
584 5250 881 5319 ἄνθρωποι
916 5249 1123 5304 δοῦλοι
1178 5251 1285 5305 τοῦ
1313 5249 1462 5303 Θεοῦ
1483 5251 1590 5304 τοῦ
1633 5253 1899 5320 ὑψίστου
1922 5256 2063 5309 εἰσί.

495 5332 762 5402 Σιγῶντες
791 5333 889 5404 μὲν
924 5333 1034 5404 γὰρ
1066 5334 1165 5403 οὐχ
1197 5332 1370 5397 οὕτως
1407 5334 1653 5403 ἡπάτων,
1704 5335 2067 5404 φθεγγόμενοι

493 5421 547 5474 δὲ
580 5420 808 5483 πολλοὺς
837 5417 1069 5491 ήμελλον
1095 5419 1204 5472 τῶν
1229 5419 1607 5492 ἀφελεστέρων
1635 5422 1931 5493 ὑποσύρειν
1973 5425 2068 5478 καὶ⁸

555 5544 582 5611 _‘
604 5543 685 5593 Sic
704 5556 794 5593 sex
820 5556 933 5611 m_ss.
960 5542 1137 5593 elSav.
1153 5542 1340 5607 (Monlf.
1362 5562 1452 5606 γιν.
1477 5547 1717 5610 παραδοθῇ
1741 5547 1821 5595 καὶ
1845 5548 2067 5611 ἀγνοεῖν.)

498 5603 584 5670 ηιξ.
609 5606 951 5670 παρασκευάσῃ
978 5619 1065 5670 pr_o
1083 5603 1218 5668 ποιῇ,
1239 5603 1523 5670 Ροειᾼψῆφον
1545 5603 1748 5670 bonum.

553 5664 583 5756 ξ
918 5664 1048 5727 (mod
1067 5680 1154 5728 pro
1172 5664 1303 5729 ναῖε.
1338 5664 1471 5731 ἀφείς
1491 5664 1785 5732 rebepimus.

1165 309 1220 362 S.
1263 308 1548 365 JOANNIS
1587 309 2077 368 CHRYSOSTOMI
2114 309 2455 368 ARCHIEP.
2501 309 3046 370 CONSTANTINOP.

3644 313 3749 370 ου

2184 424 2410 489 πείθειν,
2435 426 2530 478 καὶ
2556 428 2613 479 ἐν
2634 431 2745 489 τοῖς
2770 427 2950 491 ἄλλοις
2982 427 3168 489 αὐτοῖς
3189 424 3492 497 προσέχειν.
3517 427 3630 480 Ἵνα
3643 429 3748 501 γὰρ

2179 507 2351 577 θύραν
2384 508 2635 575 ἀνοίξωσι
2664 512 2785 572 ταῖς
2805 509 3014 563 ἑαυτῶν
3045 509 3300 573 ἀπάταις,
3330 509 3421 562 καὶ
3455 509 3532 579 τῷ
3570 510 3749 580 ψεύδει

2179 590 2381 661 πολλὴν
2425 591 2554 644 δῶσι
2589 593 2925 664 παρρησίαν,
2951 592 3037 646 διὰ
3068 593 3224 646 τοῦτο
3277 594 3371 646 καὶ
3418 591 3593 663 άληθῆ
3634 611 3749 648 τινα

2178 673 2462 744 ἀνέμιξαν,
2488 676 2739 747 καθάπερ
2755 678 2804 730 οἱ
2833 677 2901 730 τά
2923 677 3224 748 δηλητήρια
3238 676 3595 747 κεραννύντες
3612 677 3744 749 φάρη

2182 775 2356 827 μακα,
2397 759 2571 828 μέλιτι
2605 761 2756 833 [660]
2780 762 2841 814 τὸ
2866 763 3039 832 στόμα
3060 763 3158 831 τῆς
3192 760 3413 823 κύλικος
3437 761 3749 831 περιχρίον-

2178 858 2290 906 τες,
2314 844 2720 916 εὐπαράδεκτον
2767 845 2981 899 ποιοῦσι
3027 848 3126 916 τὴν
3167 845 3372 915 βλάϐην
3399 843 3449 898 ά.
3474 845 3573 897 Διά
3597 847 3753 901 τοῦτο

2178 925 2240 996 δή
2279 928 2510 997 μάλιστα
2534 928 2744 992 Παῦλος
2773 929 3089 989 διεπονεῖτο,
3140 931 3233 982 καὶ
3265 929 3523 984 ἔσπευδεν
3558 932 3752 997 αὐτοὺς

2177 1009 2552 1079 ἐπιστομίσαι,
2588 1011 2772 1082 ἐπειδὴ
2807 1011 2879 1083 μὴ
2906 1012 3005 1084 τήν
3037 1013 3222 1075 αὐτοῖς
3246 1015 3629 1084 προσήκουσαν
3654 1015 3753 1085 ήρο

2178 1093 2345 1157 παζον
2367 1092 2541 1158 ἀξίαν.
2576 1094 2675 1146 Διά
2707 1095 2863 1149 τοῦτο
2893 1097 3046 1165 κάγὼ
3084 1098 3225 1168 μισῶ
3263 1097 3568 1162 Ἰουδαίους,
3603 1099 3752 1151 ἐπει-

2177 1177 2240 1248 δὴ
2269 1179 2432 1247 νόμον
2486 1177 2689 1247 ἔχουσι,
2725 1179 2888 1250 νόμον
2918 1181 3251 1253 ὑϐρίζοντες,
3302 1183 3397 1236 καὶ
3425 1183 3601 1253 ταύτῃ
3629 1182 3751 1245 τοὺς

2178 1261 2573 1333 ἀφελεστέρους
2598 1264 2870 1329 δελεάζειν
2887 1264 3309 1336 ἐπιχειροῦντες.
3328 1266 3442 1318 υὺκ
3465 1261 3533 1335 ἦν
3563 1265 3745 1335 ἔγκλη-

2181 1366 2256 1419 μα
2294 1352 2547 1408 τοσοῦτον
2575 1355 2776 1417 αὐτοῖς,
2811 1356 2860 1406 εἰ
2894 1352 2966 1424 μὴ
3014 1353 3361 1416 πιστεύοντες
3384 1355 3497 1414 τοῖς
3538 1353 3751 1425 προφή-

2176 1449 2315 1499 ταις,
2345 1437 2604 1505 ἠπείθουν
2630 1437 2708 1508 τῷ
2728 1435 3092 1507 Χριστῷ.Νῦν
3127 1436 3182 1488 δὲ
3212 1435 3391 1505 πάσης
3414 1434 3753 1506 ἀπεστέρην-

2175 1532 2266 1569 ται
2311 1519 2658 1591 συγγνώμης,
2712 1520 2941 1581 ἐκείνοις
2997 1519 3094 1589 μὲν
3144 1518 3425 1571 πείθεσθαι
3477 1517 3752 1586 λέγοντες,

2176 1602 2594 1672 καθυϐρίζοντες
2613 1605 2668 1657 δὲ
2699 1604 2790 1657 τὸν
2821 1602 3293 1673 προφητευόμενον
3321 1604 3410 1656 ὑπ’
3439 1602 3679 1655 ἐκείνων.

2248 1686 2314 1750 ζ’.
2338 1687 2514 1751 Ὄλως
2543 1687 2597 1740 δὲ
2628 1691 2675 1741 εἰ
2700 1688 2962 1757 νομίζεις,
2988 1686 3121 1738 διότι
3143 1687 3304 1755 νόμος
3331 1687 3447 1738 ἐκεῖ
3467 1689 3640 1738 κεῖται
3658 1683 3749 1738 καὶ

2177 1769 2472 1840 προφητῶν
2497 1770 2698 1841 βιϐλία,
2733 1772 2823 1824 τὸν
2842 1771 3006 1823 τόπον
3034 1770 3185 1837 ἆγιον
3206 1766 3367 1826 εἶναι,
3398 1766 3516 1839 ὥρα
3542 1785 3623 1821 σοι
3645 1769 3755 1820 λοι-

2177 1853 2276 1907 πὸν
2297 1855 2480 1908 καὶτὰ
2499 1855 2713 1919 εἴδωλα,
2731 1856 2825 1909 καλ⁹
2840 1856 2964 1917 τοὺς
2978 1855 3153 1917 ’ναοὺς
3178 1852 3286 1906 τῶν
3310 1849 3543 1904 εἰδώλων
3564 1851 3751 1920 ἁγίους

2174 1936 2315 1992 εἶναι
2345 1941 2602 2011 νομίζειν.
2638 1941 2753 1993 Καὶ
2779 1941 2886 2008 γὰρ
2919 1938 3155 2007 πολέμου
3189 1934 3320 1989 ποτέ
3352 1934 3754 1996 καταλαϐόντος

2173 2024 2301 2086 τοὺς
2353 2024 2637 2088 Ἰουδαίους
2662 2063 2677 2086 ,
2731 2025 3106 2096 κρατήσαντες
3134 2022 3182 2073 οἱ
3227 2017 3496 2083 Ἀζώτιοι,
3524 2020 3619 2071 καὶ
3652 2018 3754 2089 τήν

2174 2106 2406 2161 κιϐωτὸν
2443 2107 2720 2173 λαϐόντες,
2754 2110 2831 2170 εἰς
2879 2106 2940 2160 τὸ
2993 2105 3200 2159 ἑαυτῶν
3255 2104 3400 2173 ἱερὸν
3434 2105 3748 2172 εἰσήγαγον.

2174 2185 2320 2260 τΑραι
2344 2187 2437 2244 οὖν
2463 2190 2554 2244 διά
2576 2190 2735 2243 τοῦτο
2757 2191 2912 2258 ἅγιος
2935 2185 3003 2260 ἦν
3028 2190 3057 2242 ό
3076 2188 3221 2251 ναὸς,
3250 2186 3439 2257 ἐπειδὴ
3467 2187 3564 2257 τήν
3589 2186 3755 2239 κιϐω-

2173 2271 2263 2325 τὸν
2295 2268 2478 2342 εῖχεν;
2514 2273 2799 2343 Οὐδαμῶς,
2830 2272 2966 2325 ἀλλά
3003 2272 3097 2326 καὶ
3127 2270 3353 2341 βέϐηλος
3383 2269 3479 2323 καὶ
3504 2268 3752 2339 ἀκάθαρ-

2173 2376 2285 2422 τος.
2317 2355 2419 2411 Kal
2451 2358 2654 2420 εὐθέως
2682 2356 2840 2409 τοῦτο
2864 2356 2951 2410 διὰ
2972 2356 3078 2409 τῶν
3100 2356 3277 2426 ἔργων
3305 2356 3597 2409 ἐδείκνυτο.
3635 2355 3754 2407 Ἵνα

2174 2441 2280 2513 γάρ
2329 2440 2576 2511 μάθωσιν
2624 2440 2673 2493 οἱ
2721 2439 2972 2510 πολέμιοι
3001 2440 3084 2493 ὅτι
3116 2440 3175 2492 οὐ
3231 2439 3298 2492 δι’
3334 2439 3620 2491 ἀσθένειαν
3656 2438 3751 2491 τοῦ

2174 2522 2333 2587 Θεοῦ,
2368 2522 2505 2578 ἀλλά
2536 2521 2624 2576 διά
2664 2523 2764 2594 τὴν
2818 2523 3162 2593 παρανομίαν
3190 2521 3299 2575 τῶν
3341 2522 3753 2591 θεραπευόντων

2174 2606 2336 2659 αὐτὸν
2358 2607 2391 2678 ή
2412 2600 2552 2677 ἧττα
2570 2606 2763 2675 γέγονε
2779 2622 2793 2636 °
2827 2608 2919 2658 καὶ
2942 2607 2974 2677 ἡ
3004 2605 3233 2669 κιϐωτὸς
3261 2604 3527 2674 ληφθεῖσα
3550 2603 3753 2673 αἰχμά-

2174 2688 2362 2755 λωτος,
2404 2692 2462 2743 ἐν
2491 2689 2745 2762 ἀλλοτρίᾳ
2774 2692 2843 2760 γῇ
2876 2690 2973 2759 τὴν
3003 2689 3155 2758 ἰσχὺν
3184 2689 3281 2759 τὴν
3309 2688 3514 2740 οἰκείαν
3548 2687 3754 2740 ἐπεδείο

2175 2792 2359 2836 κνυτο,
2387 2774 2468 2838 δ⁸ις
2494 2774 2555 2826 τὸ
2579 2775 2795 2828 εἴδωλον
2837 2773 3009 2845 χαμαὶ
3052 2773 3277 2843 ῥίψασα,
3309 2773 3402 2825 καὶ
3420 2769 3751 2839 διακλάσθῆ-

2174 2877 2264 2913 ναι
2295 2859 2785 2930 παρασκευάσασα.
2826 2856 3091 2911 Τοσοῦτον
3132 2858 3355 2927 ἀπεῖχεν
3399 2858 3626 2924 ἁγιάσαι
3663 2856 3751 2908 τὸν

2176 2943 2358 3007 τόπον,
2394 2943 2476 2995 ὅτι
2505 2943 2602 2994 καὶ
2636 2940 2892 3011 ἐπολέμει
2916 2940 2994 3010 τῷ
3034 2941 3205 3009 τόπῳ.
3247 2939 3455 3002 Ἀλλως
3488 2939 3575 3003 δὲ,
3624 2938 3748 2991 ποία

2176 3027 2407 3089 κιϐωτὸς
2435 3024 2532 3078 νῦν
2584 3025 2734 3097 παρά
2775 3024 3068 3087 Ἰουδαίοις,
3101 3025 3235 3077 ὅπου
3294 3024 3605 3095 ἱλαστήριον
3651 3024 3751 3076 οὐκ

2176 3110 2343 3177 ἔστιν,
2374 3110 2507 3162 ὅπου
2541 3108 2601 3161 οὑ
2633 3107 2865 3180 χρισμὸς
2889 3148 2904 3173 ,
2934 3107 2995 3159 ού
3027 3106 3291 3179 διαθήκης
3318 3106 3546 3169 πλάκες,
3588 3106 3650 3158 οὐ
3682 3106 3753 3158 τὰ

2175 3194 2307 3264 ἀγια
2338 3193 2447 3246 τῶν
2474 3191 2664 3261 ἁγίων,
2696 3192 2757 3243 οὐ
2779 3191 2839 3243 τὸ
2861 3189 3282 3259 καταπέτασμα,
3316 3191 3415 3243 οὐκ
3437 3189 3749 3259 ἀρχιερεὺς,

2174 3281 2233 3333 οὐ
2268 3278 2539 3349 θυμίαμα,
2569 3276 2666 3345 οὐχ
2693 3272 3055 3336 όλοκαύτωσις
3082 3284 3129 3335 θ,
3154 3274 3214 3325 οὐ
3240 3272 3420 3334 θυσία,
3449 3273 3508 3324 οὐ
3533 3272 3600 3324 τά
3618 3271 3749 3325 ἄλλα

2173 3362 2242 3416 τὰ
2273 3362 2527 3416 ποιοῦντα
2554 3359 2755 3430 σεμνὴν
2780 3358 2876 3429 τὴν
2904 3357 3134 3411 κιϐωτὸν
3156 3358 3275 3410 τότε
3303 3357 3553 3425 ἐκείνην;
3596 3354 3749 3425 Ἐμοὶ

2174 3446 2282 3500 τῶν
2299 3447 2390 3500 ἐπὶ
2409 3447 2507 3517 τῆς
2536 3446 2741 3516 ἀγορᾶς
2760 3443 3124 3513 πωλουμένων
3147 3441 3417 3496 κιϐωτίων
3432 3441 3582 3494 οὐδὲν
3603 3441 3749 3510 ἀμει-

2174 3549 2263 3585 νον
2294 3531 2431 3602 αὕτη
2460 3531 2493 3601 ή
2515 3529 2745 3591 κιϐωτὸς
2770 3527 3072 3581 διακεῖσθαι
3101 3527 3265 3588 δοκεῖ,
3298 3526 3433 3579 ἀλλά
3453 3525 3548 3578 καὶ
3573 3522 3749 3593 πολλῷ

2173 3618 2373 3686 χεῖρον.
2404 3614 2513 3668 Καὶ
2535 3613 2643 3684 γὰρ
2663 3615 2789 3676 τοὺς
2817 3611 3112 3683 παριόντας
3136 3611 3287 3664 οὐδὲν
3316 3611 3413 3680 μέν
3434 3610 3607 3663 ταῦτα
3627 3609 3749 3679 βλά-

2173 3699 2273 3768 ψαι
2304 3699 2525 3752 δύναται
2567 3696 2589 3737 ί
2613 3739 2627 3761 ,
2672 3696 2854 3766 ἐκείνη
2906 3694 2962 3748 δὲ
3008 3694 3205 3764 πολλὴν
3245 3694 3366 3746 καθ’
3394 3692 3609 3764 ἡμέραν
3640 3693 3751 3753 τοῖς

2174 3783 2312 3853 αὐτῇ
2356 3779 2670 3852 προσιοῦσιν
2707 3780 2999 3851 ἐργάζεται
3040 3779 3264 3849 βλάϐην.
3324 3777 3624 3846 Ἀδελφοί,
3662 3775 3747 3845 μὴ

2174 3864 2381 3920 παιδία
2408 3866 2647 3934 γίνεσθε
2687 3862 2815 3928 ταῖς
2844 3861 3080 3931 φρεσὶν,
3123 3860 3285 3915 ἀλλὰ
3319 3859 3397 3929 τῇ
3428 3862 3608 3927 κακίᾳ
3641 3877 3748 3926 νη-

2175 3944 2424 4011 πιάζετε,
2454 3948 2546 4000 καὶ
2570 3949 2693 4010 τοὺς
2728 3945 2862 4016 πρὸς
2883 3944 3053 3998 ταῦτα
3078 3945 3446 4015 ἐπτοημένους
3474 3945 3573 4014 τῆς
3595 3942 3750 3996 ἀκαί-

2178 4031 2270 4103 ρου
2304 4030 2509 4100 ταύτης
2549 4030 2789 4097 ἀγωνίας
2828 4027 3290 4090 ἀπαλλάττοντες,
3334 4027 3665 4080 παιδεύσατε
3696 4024 3749 4095 τί

2175 4113 2280 4184 χρὴ
2312 4112 2594 4182 φοϐεῖσθαι
2623 4111 2716 4163 καὶ
2742 4110 3056 4172 δεδοικέναι,
3082 4111 3203 4181 οὐχὶ
3229 4112 3327 4181 τὴν
3356 4109 3587 4163 κιϐωτὸν
3614 4107 3739 4161 ταύ-

2173 4214 2292 4266 την,
2316 4195 2451 4249 ἀλλά
2486 4196 2546 4248 τὸ
2568 4192 2954 4265 καταφθείρειν
2984 4195 3073 4248 τὸν
3096 4196 3222 4248 ναὸν
3246 4194 3340 4247 τοῦ
3372 4192 3507 4246 Θεοῦ
3530 4193 3619 4246 διὰ
3642 4191 3750 4245 τῶν

2173 4282 2290 4334 ἐκεῖ
2309 4281 2544 4354 δρόμων,
2572 4280 2661 4334 διὰ
2679 4281 2770 4334 τοῦ
2793 4281 2929 4351 πρὸς
2951 4279 3042 4332 τὸν
3078 4278 3404 4349 Ἰουδαῖσμὸν
3427 4277 3748 4343 συνειδότος,

2171 4364 2261 4418 διά
2292 4365 2393 4435 τῆς
2412 4366 2639 4437 ἀκαίρου
2662 4365 2866 4435 ταύτης
2886 4364 3341 4435 παρατηρήσεως.
3364 4362 3595 4427 υἵτινες
3619 4363 3749 4434 γάρ,

2172 4450 2359 4518 φησὶν,
2375 4450 2445 4502 ἐν
2459 4451 2618 4516 νόμῳ
2640 4446 3002 4507 δικαιοῦσθε,
3021 4444 3130 4514 τῆς
3146 4444 3385 4513 χάριτος
3398 4443 3747 4509 ἐξεπέσατε.

2171 4533 2341 4587 Τοῦτο
2365 4531 2469 4602 χρὴ
2499 4530 2828 4591 δεδοικέναι,
2862 4530 2935 4601 μὴ
2966 4529 3105 4582 κατά
3138 4529 3236 4599 τὴν
3274 4529 3487 4600 ἡμέραν
3534 4529 3750 4598 ἐκείνην

2170 4616 2441 4686 ἀκούσητε
2467 4613 2620 4685 παρά
2660 4611 2755 4665 τοῦ
2799 4612 3087 4682 μέλλοντος
3127 4612 3335 4681 κρίνειν
3378 4613 3554 4681 ὑμᾶς·
3622 4612 3753 4663 '12?-

2169 4702 2360 4770 ἄγετε,
2396 4702 2509 4752 οὐκ
2536 4698 2667 4751 οἴδα
2717 4695 2899 4763 ὑμᾶς·
2937 4699 3048 4758 τοῖς
3089 4694 3198 4767 γὰρ
3231 4694 3333 4763 ἐμέ
3370 4694 3751 4765 σταυρώσασιν

2168 4785 2583 4854 ἐκοινωνήσατε,
2618 4781 2712 4834 καὶ
2737 4781 2834 4843 τὰς
2855 4780 3066 4850 ἑορτὰς,
3097 4779 3163 4841 ἀς
3193 4779 3484 4841 κατέλυσα,
3516 4779 3751 4848 φιλονει-

2168 4866 2390 4929 κοῦντές
2417 4883 2506 4935 μοι
2532 4864 2695 4917 πάλιν
2725 4864 3054 4933 ἀνεστήσατε
3075 4904 3088 4924 ,
3132 4863 3267 4933 πρὸς
3295 4863 3393 4925 τὰς
3427 4861 3751 4930 συναγωγάς

2167 4951 2431 5021 ἐδράμετε
2464 4948 2573 5001 τῶν
2624 4951 2705 5011 εἰς
2754 4947 2856 5017 ἐμὲ
2890 4948 3398 5017 παρανομησάντων
3451 4948 3746 5001 Ἰουδαίων.

2167 5035 2338 5103 Κάγὼ
2373 5035 2470 5107 μὲν
2517 5033 2607 5087 τὸν
2642 5032 2770 5085 ναὸν
2794 5032 3066 5095 καθεῖλον,
3099 5031 3194 5086 καὶ
3227 5032 3473 5102 ἐρείπιον
3516 5032 3749 5097 ἐποίησα

2165 5118 2255 5171 τὸν
2280 5117 2475 5188 σεμνὸν
2504 5118 2708 5169 ἐκεῖνον
2742 5114 2839 5169 καὶ
2863 5116 3065 5187 φρικτὰ
3086 5115 3387 5185 κατέχοντα
3420 5116 3747 5185 πράγματα,

2166 5203 2321 5274 ὑμεῖς
2341 5202 2397 5255 δὲ
2427 5203 2547 5273 οἰκή
2558 5219 2721 5271 ματα,
2754 5200 3066 5271 καπηλείων
3092 5200 3243 5253 οὐδὲν
3270 5202 3492 5271 ἄμεινον
3532 5202 3740 5256 διακεί-

2169 5305 2338 5358 μενα,
2381 5287 2476 5340 καὶ
2522 5285 2761 5357 σπήλαια
2799 5287 2823 5325 Β
2874 5284 3084 5357 λῃστῶν
3114 5284 3499 5357 ἐθεραπεύετε.
3550 5286 3615 5340 Εἰ
3640 5286 3749 5355 γὰρ

2227 5423 2252 5464 d
2279 5425 2315 5472 1]
2323 5438 2412 5473 nus
2427 5423 2483 5472 τὸ
2503 5424 2763 5488 φάρμακον.

2233 5490 2255 5516 θ
2277 5488 2469 5548 Septem
2494 5485 2963 5548 ηιεεζωηοκαύτωσις,
2987 5492 3120 5534 notat
3141 5485 3405 5547 Menthqui
3431 5485 3612 5535 edebat
3632 5486 3748 5533 ωε.

2165 5547 2411 5610 καύτωμα.
2437 5547 2588 5596 Savil.
2612 5547 2763 5596 habet
2785 5550 2932 5595 etiam
2952 5548 3289 5610 ὁλοκαύτωσις.

2234 5608 2246 5647 ί
2278 5607 2481 5685 Aliquot
2531 5622 2647 5684 m‘ss.
2711 5611 2874 5683 πολλῷ
2918 5610 3089 5673 χεῖρον.
3145 5607 3307 5658 Ταῦτα
3347 5609 3431 5671 μὲν
3471 5610 3561 5672 γὰρ
3607 5607 3740 5655 ούίὲν

2167 5670 2490 5773 παραϐλάπτει
2512 5670 2621 5726 τοὺς
2640 5671 2907 5745 παριόντας.

2288 5731 2378 5773 Alii
2404 5732 2582 5773 οἴκτιιια
2601 5734 2828 5773 ιαπνιλων
2848 5734 2907 5773 σὺ

2283 5731 2379 5782 Alii
2404 5732 2582 5789 οἴκημα
2601 5731 2828 5788 καπήλων
2848 5733 2981 5781 οὐδὲν
3002 5734 3048 5781 ἆ.
3080 5732 3390 5794 διακείμενον,
3417 5748 3463 5782 κ.
3488 5732 3735 5790 σπήλαιον.
