4084 6186
322 341 424 395 915

317 454 403 522 qui
428 450 687 505 thuri‘bnla
714 460 1070 520 sumpserant,
1099 451 1231 522 ignis
1252 465 1282 506 c
1307 452 1436 506 cado
1458 451 1719 507 demissus
1739 467 1892 506 exus-

313 543 384 596 sit
413 541 600 611 (Nunt.
635 541 744 609 f6).
774 541 908 594 Tum
941 558 1007 597 ne
1036 543 1174 611 quod
1205 543 1468 597 acciderat
1497 543 1750 612 temporis
1775 558 1898 613 pro-

313 645 500 701 gressu
528 631 778 684 oblivioni
807 632 1043 697 daretur,
1076 647 1208 686 neve
1245 633 1607 687 admirabilem
1638 633 1774 688 hanc
1800 633 1894 688 Dei

313 723 630 778 sententiam
678 723 980 792 ignorarent
1027 725 1256 792 posteri,
1303 725 1553 794 praecepit
1593 725 1802 790 Moses,
1840 733 1896 778 ut

316 815 580 870 thuribula
625 826 830 883 sumpta
870 816 1196 885 applicarent
1227 817 1293 871 ad
1322 818 1488 872 altare
1509 857 1524 880 ,
1557 827 1612 871 ut
1639 815 1894 886 quemad-

315 905 528 961 modum
561 907 703 976 virga
731 907 844 960 sine
873 921 1002 961 voce
1025 923 1207 963 vocem
1239 909 1414 963 emis-it
1443 909 1556 977 ipso
1585 917 1892 976 conspectu,

314 995 496 1048 itidem
527 1003 592 1048 et.
618 995 700 1049 lite
745 995 954 1050 laminae.
991 1007 1231 1066 posteros
1259 999 1652 1067 alloquerentur
1677 1011 1892 1063 omnes,

313 1087 695 1154 admonerent,
728 1088 895 1158 iisque
924 1091 1292 1155 consulerent,
1323 1106 1391 1145 ne
1429 1092 1688 1161 majorum
1715 1105 1898 1145 amen-

316 1179 440 1232 tiam
465 1180 815 1244 imitarentur,
841 1195 906 1234 ne
929 1182 1138 1249 quando
1157 1183 1314 1235 simili
1341 1197 1492 1251 poena
1518 1183 1892 1249 plecterentur.

317 1267 496 1330 Vides,
523 1280 576 1320 ut
598 1270 720 1320 olim
747 1270 1049 1324 sacerdotes
1072 1273 1410 1324 crearentur?
1430 1271 1580 1324 Nunc
1606 1286 1729 1325 vero
1753 1271 1896 1324 lusus

315 1364 446 1416 meri
491 1373 614 1416 sunt
653 1364 928 1432 risusque,
956 1381 1073 1434 qua:
1113 1365 1244 1418 liunt
1277 1365 1414 1434 apud
1443 1365 1652 1419 Judaeos
1678 1363 1853 1418 omnia
1877 1403 1893 1428 ,

315 1453 486 1521 pudor
515 1461 570 1507 et
607 1457 922 1522 cauponatio
963 1457 1112 1523 plena
1153 1458 1424 1511 immensa:
1459 1457 1758 1526 impietatis.
1790 1456 1897 1510 llos

315 1546 474 1613 igitur
500 1547 758 1614 sequeris,
789 1545 1050 1611 die‘mihi,
1077 1547 1164 1616 qui
1193 1548 1530 1615 pertinaciter
1558 1547 1733 1601 solent
1755 1561 1896 1600 sem-

315 1653 412 1705 per
439 1646 546 1689 tum
575 1637 785 1700 facere,
816 1648 924 1690 tum
956 1639 1133 1692 dicere
1163 1639 1336 1692 omnia
1359 1681 1374 1705 ,
1415 1654 1533 1708 quae
1574 1638 1665 1692 Dei
1697 1639 1896 1707 legibus

313 1728 701 1783 adversentur?
725 1729 790 1781 ad
823 1731 1008 1783 horum
1039 1745 1331 1801 synagogas
1356 1731 1632 1786 accurris?
1655 1731 1762 1784 Nec
1787 1747 1898 1784 mc-

315 1820 440 1882 tuis,
468 1835 532 1873 ne
559 1819 790 1872 fulminis
813 1820 1038 1888 impetus
1061 1822 1260 1874 ctrlitus
1282 1823 1517 1876 emicans
1537 1831 1722 1876 exurat
1741 1829 1898 1888 caput

317 1903 507 1955 tamn?
536 1905 614 1955 An
647 1904 857 1972 ignoras
876 1945 890 1969 ,
919 1919 1010 1957 eos
1036 1906 1123 1974 qui
1156 1906 1252 1974 ipsi
1275 1905 1487 1975 quidem
1513 1921 1617 1959 non
1654 1905 1895 1974 prtedan-

315 2003 421 2059 tur,
451 1993 542 2048 sed
570 2004 740 2048 tamen
773 1997 821 2047 in
853 1996 1160 2065 praadonum
1189 1997 1456 2066 speluncis
1480 1998 1749 2066 conspecti
1776 1996 1896 2050 fue-

312 2087 441 2152 rint,
472 2087 683 2140 easdem
710 2087 836 2142 dare
862 2103 1045 2157 poenas
1066 2105 1196 2158 quas
1223 2089 1497 2159 praedones
1516 2089 1539 2143 ?
1557 2089 1692 2156 Quid
1720 2098 1894 2143 autem

311 2177 502 2246 loquor
526 2177 592 2232 de
622 2179 996 2247 praedonibus?

390 2268 686 2323 Statuerunt
710 2271 1037 2340 dejectionem
1065 2281 1327 2326 memorat.
1367 2303 1437 2313 —
1475 2273 1722 2327 Profecto
1747 2272 1894 2327 scitis

313 2373 503 2414 omnes
529 2375 592 2414 ac
624 2362 960 2429 meministis,
991 2363 1204 2431 quando
1232 2363 1370 2432 apud
1399 2378 1497 2417 nos
1520 2363 1762 2417 scelerati
1788 2364 1899 2431 qui-

313 2452 438 2506 dam
470 2453 710 2508 homines
758 2465 811 2507 et
861 2455 1271 2524 pnestigiatores
1318 2463 1520 2508 statuas
1567 2454 1894 2523 dejecerunt,

313 2563 421 2616 quo
449 2556 604 2616 pacto
624 2562 726 2601 non
756 2547 826 2601 illi
851 2559 1046 2602 tantum
1075 2549 1162 2617 qui
1194 2547 1396 2601 facinus
1421 2548 1534 2602 ausi
1551 2547 1776 2608 fuerant,
1800 2546 1896 2600 sed

313 2646 574 2708 quotquot
597 2640 906 2708 simpliciter
929 2649 1218 2708 priesentes
1247 2641 1515 2709 censpecti
1543 2650 1687 2694 erant
1717 2679 1732 2705 ,
1761 2654 1896 2708 quo-

315 2732 458 2786 niam
493 2732 808 2786 videbantur
841 2733 942 2787 illis
973 2733 1216 2786 assentiri
1244 2774 1259 2797 ,
1289 2733 1338 2785 in
1365 2732 1618 2801 judicium
1649 2731 1850 2800 abrepti
1877 2772 1893 2798 ,

312 2824 579 2893 simulque
621 2839 740 2878 cum
773 2824 875 2878 illis
903 2824 1115 2878 abducti
1157 2865 1173 2890 ,
1221 2833 1460 2878 extremo
1505 2824 1763 2893 supplicio
1791 2823 1898 2876 sint

312 2913 510 2968 ali‘ecti.
542 2915 620 2968 Tu
644 2929 771 2970 vero
797 2916 884 2970 ubi
901 2915 1058 2970 Pater
1082 2916 1307 2970 afficitur
1331 2916 1648 2970 contumelia
1665 2956 1679 2980 ,
1700 2915 1790 2969 ubi
1811 2915 1896 2968 Fi-

316 3008 419 3061 lius
446 3007 722 3062 lacessitur
749 3008 1001 3063 conviciis
1028 3047 1046 3075 ,
1080 3007 1167 3063 ubi
1194 3017 1410 3063 sanctus
1438 3015 1491 3062 et
1514 3007 1754 3062 vivificus
1778 3005 1897 3076 Spi-

315 3097 449 3150 ritus
465 3097 839 3164 contemnitur,
873 3114 936 3152 eo
956 3097 1139 3153 studes
1163 3097 1482 3152 accurrere?
1509 3096 1624 3151 Non
1655 3097 1849 3152 metuis
1873 3137 1889 3164 ,

314 3203 422 3241 non
453 3188 734 3254 horrescis,
760 3203 876 3242 cum
907 3189 1132 3258 teipsum
1161 3192 1212 3242 in
1258 3189 1372 3243 loca
1415 3188 1628 3258 profana
1660 3189 1895 3257 impura-

311 3294 418 3346 que
443 3279 697 3346 conjicis?
727 3279 819 3333 Dic
849 3279 996 3343 mihi,
1027 3296 1181 3348 quam
1216 3279 1434 3334 habebis
1461 3281 1852 3334 excusationem
1877 3320 1892 3344 ,

312 3385 473 3440 quam
505 3373 710 3425 veniam
737 3411 752 3437 ,
799 3371 889 3440 qui
918 3372 1099 3425 volens
1128 3372 1350 3440 teipsum
1374 3372 1424 3424 in
1456 3369 1762 3424 barathrum
1793 3370 1895 3424 itu-

312 3464 514 3528 mittas,
548 3463 598 3517 in
628 3463 975 3532 praecipitium
1008 3464 1120 3518 des.

388 3551 526 3605 Libri
554 3554 713 3606 sancti
735 3571 830 3606 non
854 3564 1081 3607 sanctam
1109 3555 1303 3632 faciunt
1334 3553 1764 3626 Synagogam.—
1787 3554 1894 3610 Ne-

311 3659 417 3713 que
445 3644 585 3697 enim
613 3645 739 3698 mihi
767 3645 892 3699 illud
918 3645 1136 3710 dixeris,
1162 3646 1303 3715 quod
1332 3647 1440 3701 illic
1463 3646 1560 3700 sita
1585 3656 1670 3700 est
1696 3647 1775 3700 lex
1796 3687 1810 3711 ,
1842 3655 1897 3702 et

315 3741 688 3804 prophetarum
715 3735 856 3790 libri.
884 3735 1063 3806 Neque
1079 3737 1219 3790 enim
1251 3737 1351 3790 hoc
1377 3737 1506 3790 satis
1531 3746 1612 3790 est
1635 3735 1699 3790 ad
1721 3737 1892 3791 locum

315 3835 558 3879 sant-tum
589 3825 937 3882 reddendum.
970 3827 1156 3882 Utrum
1185 3828 1326 3882 enim
1376 3828 1546 3896 majus
1593 3837 1693 3894 est,
1733 3828 1896 3882 libros

312 3933 433 3974 esse
456 3918 716 3986 repositos
738 3919 790 3973 in
816 3918 956 3986 loco,
988 3935 1054 3973 an
1087 3920 1226 3990 loqui
1257 3934 1316 3974 ea
1344 3935 1462 3990 qua:
1487 3920 1681 3974 suntin
1710 3920 1895 3975 libris?

313 4007 655 4079 Perspicuum
702 4020 780 4064 est
815 4050 828 4075 ,
861 4010 1049 4064 melius
1073 4026 1192 4066 esse
1217 4011 1261 4065 si
1291 4026 1353 4065 ea
1383 4027 1499 4081 qua:
1523 4022 1644 4066 sunt
1672 4012 1723 4066 in
1748 4011 1896 4066 libris

310 4100 550 4170 loquaris
597 4100 899 4171 habeasque
926 4103 978 4155 in
1015 4103 1211 4157 animo.
1261 4103 1400 4173 Ergo
1428 4104 1689 4173 responde
1719 4103 1845 4158 tnihi
1876 4143 1891 4170 ,

310 4208 435 4247 cum
476 4193 720 4247 diabolus
765 4195 1012 4248 recitaret
1049 4210 1110 4249 ea
1139 4237 1152 4260 ,
1181 4210 1301 4264 qua:
1323 4205 1446 4250 sunt
1476 4196 1526 4250 in
1565 4193 1853 4264 Scripturis
1875 4235 1892 4262 ,

310 4299 442 4338 num
473 4297 536 4336 os
567 4283 706 4336 illius
744 4284 1122 4338 sanctiﬁcatum
1163 4287 1283 4339 est?
1326 4287 1439 4340 Non
1483 4299 1632 4355 potes
1675 4288 1888 4352 dicere,

310 4375 407 4430 sed
440 4375 728 4444 permansit
755 4374 805 4428 id
833 4376 971 4443 quod
1001 4376 1392 4431 eratdiabolus.
1421 4379 1555 4445 Quid
1586 4388 1762 4433 autem
1793 4379 1894 4432 dte-

315 4464 542 4520 mones?
569 4463 701 4518 Cum
734 4465 1087 4534 prmdicarent
1127 4481 1190 4520 ac
1223 4468 1496 4522 dicerent:
1546 4469 1640 4521 Isti
1670 4470 1894 4525 homines

321 4559 446 4611 servi
470 4557 564 4611 Dei
591 4558 822 4612 altissimi
838 4569 953 4612 sunt
972 4600 987 4624 ,
1016 4560 1370 4613 annuntiantes
1391 4560 1527 4614 vobis
1555 4563 1684 4614 viam
1709 4563 1894 4616 salutis

317 4648 452 4716 (Act.
482 4649 568 4704 16.
612 4648 736 4720 17);
780 4665 847 4704 an
876 4650 997 4704 ideo
1023 4650 1141 4705 illos
1170 4651 1223 4704 in
1254 4653 1610 4718 apostolorum
1653 4653 1892 4707 ordinem

316 4738 645 4795 referemus?
665 4741 1024 4812 Nequaquam,
1048 4739 1154 4795 imo
1184 4739 1537 4796 nihilominus
1557 4759 1896 4798 exsecramur

316 4831 456 4896 illos,
480 4831 813 4902 odimusque.
850 4831 990 4900 Ergo
1019 4846 1140 4884 cum
1184 4833 1342 4887 verba
1391 4833 1592 4901 prolata
1628 4850 1733 4888 non
1774 4851 1896 4888 san-

314 4922 719 4986 Ctilicent,,libri
743 4923 958 4992 repositi
983 4924 1351 4978 sanctificant?
1379 4925 1610 4980 Minime.
1639 4926 1749 4993 Qua
1783 4937 1895 4982 tan-

314 5011 435 5065 dem
467 5011 709 5066 ratione?
730 5012 840 5067 lmo
866 5013 968 5068 hoc
1005 5016 1218 5069 nomine
1244 5015 1331 5070 odi
1361 5032 1681 5088 synagogam
1713 5059 1727 5083 ,
1754 5019 1893 5088 quod

315 5102 486 5172 legem
516 5102 705 5158 habeat
732 5119 794 5159 ac
819 5106 1104 5174 prophetas
1133 5148 1147 5171 ,
1191 5117 1246 5162 et
1286 5124 1428 5162 nunc
1468 5113 1626 5163 etiam
1666 5111 1894 5180 amplius

313 5193 399 5246 odi
424 5233 440 5257 ,
463 5202 620 5263 quam
647 5195 691 5248 si
719 5194 848 5250 nihil
877 5195 1098 5250 istorum
1122 5197 1364 5253 haberet.
1395 5197 1501 5254 Cur
1526 5201 1596 5254 ita
1627 5201 1840 5256 tandem
1871 5203 1894 5256 ?

314 5285 573 5352 Quoniam
605 5287 803 5343 variam
837 5290 958 5342 hinc
985 5288 1181 5344 habent
1205 5306 1404 5356 eseam,
1431 5293 1735 5363 variamque
1764 5295 1894 5348 frau-

313 5373 394 5426 dis
411 5377 685 5431 materiam
717 5418 731 5443 ,
761 5393 860 5447 qua
889 5380 1240 5448 simpliciores
1264 5382 1516 5437 alliciant.
1544 5384 1891 5455 Quandoqui-

313 5468 501 5521 demct
527 5467 717 5524 Paulus
742 5469 983 5539 spiritum
1007 5471 1155 5526 illum
1179 5473 1481 5542 loquentem
1509 5477 1704 5546 potius,
1734 5493 1891 5548 quam

315 5565 574 5612 tacentem
604 5559 778 5628 ejecit.
805 5559 1007 5614 Etenim
1023 5564 1251 5616 molestia
1277 5565 1522 5636 taedioque
1540 5565 1774 5635 a/Tectus,
1807 5568 1890 5621 in-

313 5648 440 5715 quit,
472 5650 669 5717 spiritui
707 5650 865 5705 dixit:
908 5653 991 5706 exi
1015 5654 1078 5705 ab
1115 5651 1246 5723 iila(
1274 5652 1414 5709 Ibid.
1445 5673 1493 5711 υ.
1523 5657 1591 5712 18
1618 5656 1660 5727 ).
1688 5657 1802 5726 Qua
1824 5658 1892 5714 de

312 5739 507 5793 causa?
549 5739 805 5808 Quoniam
839 5743 1139 5798 clamabat:
1173 5743 1270 5799 Isti
1293 5746 1515 5803 homines
1543 5750 1672 5804 serui
1691 5749 1784 5804 Dei
1803 5750 1886 5804 al-

1521 339 1878 397 ADVERSUS
1916 339 2209 397 JUDASOS.
2255 340 2340 393 Vl.

3483 349 3585 406 illi.

2005 453 2180 504 tissimi
2199 463 2336 505 sunt.
2365 453 2622 508 Tacentcs
2649 456 2790 510 enim
2833 473 2936 512 non
2961 458 3178 528 perinde
3202 459 3536 530 decepisscnt
3566 505 3579 528 ,

2004 542 2277 610 loquentes
2303 553 2480 598 autem
2511 547 2706 600 multos
2737 559 2888 602 erant
2911 550 3264 618 simpliciores
3306 562 3578 606 attracturt

2004 635 2431 706 persuasurique,
2453 653 2558 707 quo
2588 641 2834 695 nimirum
2861 651 2914 696 et
2939 643 3056 697 aliis
3093 645 3144 697 in
3180 645 3338 698 rebus
3365 645 3465 700 sibi
3493 662 3582 699 au-

2003 723 2309 778 scultarent.
2339 725 2610 795 Siquidem
2635 737 2691 782 ut
2720 731 2912 785 ostium
2939 735 3206 801 aperirent
3250 736 3360 788 suis
3388 735 3582 790 fraudi-

2003 810 2121 879 bus,
2177 827 2496 885 posscntque
2547 820 2598 872 in
2636 831 2904 890 posterum
2951 826 3156 878 mentiri
3197 825 3581 882 conﬁdentius:

2003 912 2282 972 propterea
2314 923 2435 961 vera
2467 925 2677 978 quoque
2724 914 2974 967 nonnulla
3005 917 3449 983 commiscebant,
3481 935 3583 972 nor.

2001 995 2157 1048 aliter
2184 1011 2339 1065 quam
2368 1000 2457 1068 qui
2487 1000 2725 1054 lethifera
2760 1005 2981 1057 miscent
3009 1021 3208 1060 venena
3231 1049 3245 1071 ,
3307 1023 3367 1061 os
3413 1012 3582 1076 poculi

2004 1087 2162 1140 melle
2183 1089 2610 1146 circumlinentcs
2631 1133 2646 1156 ,
2687 1091 2924 1148 efliciunt
2942 1137 2957 1161 ,
2987 1105 3043 1149 nt
3065 1098 3265 1152 facilius
3291 1101 3579 1168 accipiatur

2003 1177 2223 1232 malum.
2258 1179 2408 1234 Hanc
2436 1182 2505 1236 ob
2534 1197 2746 1236 causam
2775 1193 2824 1237 et
2861 1185 3058 1240 Paulus
3095 1190 3426 1255 potissimum
3458 1190 3583 1244 afli~

2003 1269 2241 1324 cicbatur
2277 1272 2549 1336 molestia,
2580 1273 2967 1344 festinabatque
3015 1279 3116 1332 illis
3159 1282 3439 1336 oceludere
3487 1299 3546 1336 os
3570 1327 3585 1343 ,

2001 1360 2141 1428 quod
2168 1361 2266 1415 sibi
2297 1365 2662 1418 auctoritatem
2695 1378 3046 1436 usurparent,
3077 1386 3405 1440 nequaquam
3453 1375 3582 1444 ipsus

2001 1459 2402 1518 congruentem.
2449 1453 2595 1508 Hanc
2625 1455 2693 1508 ob
2719 1471 2933 1510 causam
2965 1467 3015 1511 et
3057 1460 3167 1527 ipse
3205 1459 3421 1514 Judteos
3453 1463 3537 1516 odi
3565 1506 3579 1526 ,

2003 1539 2143 1608 quod
2171 1557 2290 1594 eum
2321 1543 2486 1611 legem
2511 1544 2757 1611 habeant,
2787 1547 2955 1616 legem
2975 1549 3188 1614 violant,
3216 1561 3268 1604 et
3297 1552 3396 1606 hoc
3426 1555 3585 1608 modo

2002 1632 2352 1700 simpliciores
2400 1634 2636 1690 inescare
2675 1650 2953 1691 conantur.
3009 1640 3124 1694 Non
3163 1643 3382 1709 perinde
3425 1661 3586 1714 grave

2002 1721 2203 1776 crimen
2234 1724 2595 1790 admitterent,
2632 1728 2728 1780 nisi
2759 1745 2877 1781 cum
2907 1732 3127 1784 credant
3158 1734 3429 1801 prophetis
3452 1775 3468 1799 ,
3493 1751 3583 1790 re-

2004 1812 2540 1881 pugnarentChristo.
2565 1816 2712 1870 Nunc
2736 1834 2861 1872 vero
2887 1820 2984 1873 sibi
3004 1837 3213 1875 onmem
3245 1824 3408 1876 venite
3432 1840 3580 1893 spem

2003 1903 2314 1958 ademerunt
2338 1947 2351 1970 ,
2403 1907 2490 1974 qui
2522 1923 2640 1960 cum
2669 1923 2726 1962 se
2752 1909 2952 1978 jactent
2999 1913 3270 1980 pmpltetis
3307 1916 3528 1970 credere
3559 1957 3573 1981 ,

2002 1995 2340 2049 contumeliis
2365 1995 2602 2051 afﬁciunt
2633 2014 2753 2052 eum
2781 2041 2796 2066 ,
2821 2017 2976 2070 quem
3005 2002 3078 2055 illi
3107 2005 3482 2072 praedixerunt.

2075 2083 2125 2136 7.
2156 2083 2212 2135 ln
2244 2101 2484 2151 summa,
2517 2089 2560 2142 si
2612 2089 2789 2144 credis
2833 2091 3007 2146 locum
3055 2109 3173 2149 esse
3220 2105 3463 2152 Sanctum
3515 2115 3582 2153 eo

2001 2174 2145 2243 quod
2173 2175 2280 2229 illic
2309 2177 2390 2232 lex
2415 2187 2469 2232 et
2498 2179 2876 2248 prephetarum
2897 2182 3016 2237 libri
3048 2187 3265 2252 repositi
3297 2197 3418 2242 sunt
3441 2229 3454 2252 ,
3486 2204 3579 2243 su-

2004 2274 2182 2333 perest
2201 2275 2256 2320 ut
2281 2276 2334 2321 et
2361 2268 2498 2322 idola
2526 2279 2579 2324 et
2599 2269 2860 2325 idolorum
2885 2274 3077 2342 templa
3107 2290 3202 2344 pro
3244 2279 3444 2333 sanctis
3477 2279 3576 2333 du-

2002 2371 2112 2410 cas.
2155 2358 2430 2426 Quondam
2461 2363 2603 2416 enim
2629 2404 2643 2426 ,
2674 2379 2794 2418 cum
2826 2366 3022 2421 bellum
3067 2377 3274 2426 teneret
3316 2371 3532 2427 Judaeos
3569 2415 3585 2439 ,

2001 2449 2230 2504 victores
2257 2453 2428 2505 A20tii
2455 2466 2712 2522 ceperunt
2737 2470 2934 2522 arcam,
2954 2458 3113 2527 inque
3139 2475 3290 2514 suum
3321 2465 3578 2534 templum

2002 2536 2292 2593 intulerunt
2315 2542 2388 2610 (1.
2419 2540 2545 2613 Reg.
2572 2543 2652 2611 5).
2680 2545 2762 2598 An
2788 2545 2910 2599 ideo
2938 2559 3178 2601 sanctum
3209 2561 3324 2605 erat
3368 2553 3576 2608 illorum

2004 2632 2278 2700 templum,
2302 2633 2443 2702 quod
2467 2635 2681 2689 haberet
2704 2652 2880 2691 arcam
2897 2639 2921 2692 ?
2941 2638 3301 2710 Nequaquam,
3335 2645 3428 2699 sed
3458 2661 3583 2714 pro-

2002 2722 2180 2777 fanum
2204 2765 2218 2787 ,
2261 2727 2353 2779 sed
2381 2728 2666 2796 impurum.
2705 2729 2761 2784 ld
2801 2734 3039 2800 protinus
3069 2735 3195 2803 ipsis
3237 2736 3388 2791 factis
3413 2739 3585 2794 decla-

2003 2823 2178 2868 ratum
2207 2824 2309 2869 est.
2338 2817 2468 2870 Nam
2497 2829 2552 2872 ut
2591 2820 2771 2875 hostes
2803 2823 3158 2893 intelligerent
3202 2828 3476 2882 victoriam
3508 2830 3583 2899 ip-

2001 2908 2074 2960 sis
2089 2909 2334 2975 cessisse,
2351 2925 2452 2963 non
2472 2913 2539 2965 ob
2556 2913 2918 2982 impotentiam
2940 2918 3151 2985 Dei,sed
3171 2921 3238 2974 ob
3260 2921 3586 2992 iniquitatem

2002 3015 2185 3055 eorum
2211 3017 2241 3055 a
2265 3004 2452 3072 quibus
2473 3005 2748 3060 colebatur
2774 3025 2788 3062 :
2815 3009 2972 3062 etiam
2997 3024 3116 3064 arca
3141 3022 3290 3082 capta
3319 3015 3368 3067 in
3411 3016 3584 3070 aliena

2003 3102 2142 3147 terra
2167 3095 2271 3148 vim
2307 3111 2455 3150 suam
2478 3097 2741 3164 ostendit,
2775 3099 2901 3154 dum
2928 3101 3069 3155 idolo
3096 3102 3175 3156 bis
3207 3105 3259 3157 in
3287 3106 3459 3160 solum
3485 3108 3571 3162 de-

1996 3184 2138 3254 jeeto
2166 3180 2340 3242 effecit
2370 3190 2606 3242 utetiam
2639 3189 2988 3260 frangeretur.
3040 3193 3266 3249 Tantum
3309 3197 3490 3250 aberat
3531 3211 3585 3252 ιιι

2003 3276 2177 3330 locum
2209 3281 2592 3344 sanetilicaret,
2627 3291 2684 3334 ut
2709 3281 2881 3336 locum
2913 3285 3070 3338 etiam
3101 3298 3447 3356 expugnaret.
3484 3290 3580 3344 Ve-

2001 3382 2118 3420 rum
2143 3368 2225 3422 hic
2254 3386 2494 3438 quautam
2527 3383 2606 3424 est
2631 3387 2752 3426 arca
2786 3388 2948 3442 penes
2973 3374 3186 3430 JUdtBOS
3210 3419 3224 3443 ,
3259 3378 3344 3431 ubi
3373 3397 3476 3433 non
3507 3393 3588 3435 est

2001 3459 2469 3528 pr0pitiatorium?
2512 3477 2617 3516 non
2645 3463 2960 3531 oraculum,
3001 3481 3102 3519 non
3155 3471 3453 3522 testamenti
3500 3479 3582 3523 ta-

2000 3549 2160 3616 bulm,
2191 3567 2293 3604 non
2318 3563 2498 3606 sancta
2528 3563 2976 3620 sanctorum,non
2999 3557 3194 3623 velum,
3223 3574 3325 3612 nou
3349 3575 3588 3614 summus

2001 3641 2252 3696 sacerdos
2273 3684 2286 3708 ,
2319 3659 2421 3696 non
2448 3643 2733 3714 thymiama
2764 3687 2778 3711 ,
2807 3661 2909 3700 non
2941 3646 3302 3703 holocaustum
3325 3691 3338 3714 ,
3374 3667 3476 3704 non
3498 3667 3586 3704 sa-

2001 3731 2255 3785 crificium
2283 3774 2297 3796 ,
2331 3748 2434 3786 non
2483 3733 2584 3787 alia
2613 3749 2731 3803 qua:
2779 3745 2888 3788 tum
2935 3752 3112 3791 arcam
3161 3739 3263 3794 illis
3292 3741 3588 3796 reddebant

2001 3822 2354 3876 venerandam
2376 3823 2400 3874 ?
2426 3823 2550 3877 Mihi
2572 3825 2782 3893 quidem
2805 3825 3110 3881 Judteorum
3139 3845 3200 3883 ea
3220 3871 3236 3896 ,
3259 3847 3415 3899 quam
3447 3849 3586 3887 nunc

2002 3911 2220 3976 habent,
2248 3931 2371 3968 arca
2398 3915 2564 3969 nihilo
2591 3917 2779 3970 melius
2807 3917 3002 3973 habere
3025 3919 3234 3974 videtur
3264 3923 3327 3976 iis
3353 3925 3546 3977 arculis
3568 3965 3585 3989 ,

1999 4019 2118 4074 quae
2139 4015 2370 4060 veneunt
2393 4007 2444 4060 in
2472 4007 2586 4062 foro
2605 4050 2620 4073 ,
2651 4008 2758 4062 imo
2784 4009 2933 4077 pejus
2973 4011 3148 4064 habet.
3180 4013 3310 4066 Nam
3339 4015 3419 4068 ha:
3459 4017 3589 4070 nihil

2000 4093 2193 4150 laedere
2221 4106 2442 4164 possunt
2467 4097 2508 4151 si
2531 4098 2647 4167 quis
2666 4098 2849 4162 adeat;
2881 4099 2971 4152 illa
2994 4115 3121 4155 vero
3137 4103 3371 4170 quotidie
3394 4121 3585 4160 noxam

2000 4186 2160 4256 infert
2190 4189 2252 4240 iis
2276 4189 2366 4257 qui
2395 4190 2737 4242 accesserint.
2772 4187 3012 4255 Fratres,
3051 4207 3113 4242 ne
3139 4193 3248 4244 sitis
3275 4196 3417 4257 pueri
3444 4212 3587 4249 men-

2001 4279 2150 4344 tibus,
2190 4280 2279 4333 sed
2305 4281 2498 4332 malitia
2523 4279 2722 4346 parvuli
2747 4290 2899 4334 estote
2932 4282 3010 4350 (1.
3045 4281 3163 4337 Cor.
3194 4284 3278 4338 14.
3312 4285 3402 4357 20)
3431 4303 3589 4350 ;cos-

2000 4387 2102 4440 que
2131 4372 2218 4440 qui
2236 4371 2299 4424 ad
2329 4371 2425 4424 ista
2449 4381 2681 4440 stupent,
2705 4373 2772 4425 ab
2789 4373 2889 4426 hoc
2908 4374 3279 4443 intempestivo
3295 4387 3434 4431 metu
3453 4380 3584 4434 lihe-

2001 4475 2200 4527 rantes,
2246 4464 2454 4518 erudite
2493 4464 2620 4533 quid
2653 4474 2898 4533 oporteat
2949 4468 3137 4520 timere
3167 4507 3180 4531 ,
3216 4471 3580 4541 revererique,

2000 4572 2104 4610 non
2137 4555 2290 4609 istam
2319 4571 2529 4609 arcam:
2583 4557 2674 4611 sed
2704 4558 2842 4627 quod
2874 4572 3254 4616 concurrentes
3298 4564 3364 4617 ad
3417 4566 3581 4630 illam,

2000 4649 2199 4703 violent
2231 4651 2484 4719 templum
2515 4651 2624 4714 Dei,
2659 4667 2753 4720 per
2776 4654 3152 4708 conscientiam
3173 4656 3582 4712 adJudaismum

2001 4757 2337 4812 propensam,
2379 4759 2473 4811 per
2495 4745 2915 4812 intempestivam
2942 4746 3095 4800 istam
3134 4748 3582 4805 observationem.

2004 4833 2279 4901 Quotquot,
2312 4834 2496 4903 inquit,
2529 4835 2579 4888 in
2603 4835 2710 4905 tege
2724 4837 3101 4906 justi/icamini,
3142 4855 3174 4890 a
3201 4841 3363 4910 gratia
3387 4843 3564 4895 excidi-

2002 4924 2094 4978 stis
2125 4923 2265 4995 (Gal.
2291 4926 2345 4980 5.
2372 4925 2449 4994 4).
2478 4927 2588 4980 l-loc
2615 4936 2825 4995 oportet
2848 4929 3057 4994 timere,
3084 4944 3150 4983 ne
3178 4931 3227 4982 in
3255 4931 3340 4985 die
3368 4932 3460 4986 illo
3483 4948 3581 4986 au-

2000 5015 2156 5068 diatis
2178 5015 2246 5070 ab
2285 5030 2350 5069 eo
2391 5016 2479 5087 qui
2517 5033 2608 5071 vos
2641 5018 2974 5086 judicaturus
3018 5029 3098 5074 est
3126 5037 3139 5073 :
3171 5019 3453 5088 Discedite,
3481 5040 3582 5076 non

1999 5109 2114 5161 novi
2159 5125 2242 5162 vos
2276 5108 2422 5180 (Luc.
2450 5110 2535 5163 l3.
2565 5109 2657 5180 27)
2683 5127 2698 5174 ;
2725 5111 3158 5165 communicastis
3191 5112 3331 5165 enim
3370 5128 3489 5165 cum
3518 5114 3582 5168 iis

1999 5200 2086 5267 qui
2114 5215 2198 5254 me
2226 5199 2632 5264 cruciflxerunt;
2655 5211 2709 5255 et
2736 5201 3094 5255 solemnitates
3121 5243 3136 5268 ,
3167 5216 3300 5270 quas
3319 5217 3418 5272 ego
3443 5205 3583 5258 anti-

1999 5290 2154 5358 quavi
2180 5331 2194 5354 ,
2235 5291 2620 5345 contendentes
2666 5306 2876 5345 mecum
2903 5307 3088 5346 rursus
3111 5291 3480 5357 instaurastis;
3509 5294 3576 5348 ad

1997 5383 2326 5448 Judzeorum,
2358 5384 2445 5451 qui
2474 5383 2632 5452 impie
2661 5383 2887 5452 agebant
2917 5383 2968 5438 in
3001 5399 3088 5439 me
3115 5431 3130 5454 ,
3172 5399 3238 5439 ac
3263 5385 3430 5453 legem
3463 5386 3577 5440 vio-

1999 5474 2222 5540 labant,
2267 5488 2562 5543 synagogas
2601 5474 2967 5528 concurristis.
3009 5475 3167 5542 Atqui
3214 5489 3313 5544 ego
3365 5475 3578 5544 quidem

2001 5565 2256 5633 templum
2303 5565 2512 5618 illorum
2543 5563 2797 5630 subverti,
2839 5573 2893 5618 et
2938 5565 2989 5619 in
3030 5565 3282 5621 ruderum
3324 5579 3575 5620 acervum

1997 5655 2134 5712 verti
2163 5655 2415 5726 templum
2439 5654 2566 5709 illud
2597 5654 2900 5709 venerabile
2923 5696 2938 5720 ,
2965 5670 3052 5709 res
3090 5655 3348 5711 verendas
3375 5665 3430 5712 et
3457 5656 3577 5710 hor-

2000 5749 2194 5805 rendas
2240 5749 2552 5814 continens;
2607 5763 2700 5803 vos
2753 5755 2928 5803 autem
2978 5748 3274 5804 habitacula
3325 5751 3581 5818 cauponis
