4046 6146
460 334 560 391 915

419 416 425 439 ξ
459 446 625 502 nihilo
644 440 862 498 meliora
882 448 936 494 et
954 438 1233 509 speluncas
1256 436 1517 490 latronum
1538 431 1797 487 eoluistis.
1823 429 2030 484 Etenim

425 513 437 601 ί
460 537 505 591 si
532 544 656 590 tunc
679 545 802 588 cum
827 539 1007 586 essent
1028 526 1337 591 Cherubim,
1368 534 1488 578 cutn
1516 536 1638 576 arca
1666 563 1683 585 ,
1713 535 1833 574 cum
1860 518 2033 573 adhuc

428 610 432 616 ’
459 624 688 696 Spiritus
714 620 929 675 ﬂoreret
946 619 1134 687 gratia,
1156 615 1322 669 dixit:
1348 611 1562 666 Fecistis
1590 610 1718 664 illud
1742 608 2036 696 speluncam

458 693 729 764 latronum
759 702 978 773 (Matth.
1005 703 1097 758 21.
1123 701 1237 769 l5),
1269 708 1388 764 aut,
1415 699 1630 753 domum
1654 693 2029 764 negotiationis

463 795 644 863 (Joau.
675 794 730 848 2.
755 793 869 862 26),
892 800 1117 862 propter
1138 788 1454 859 iniquitates
1480 801 1546 842 ac
1574 785 1749 841 caedes
1771 784 1987 839 illorum
2014 800 2028 837 :

463 899 606 939 nunc
627 890 915 953 postquam
949 881 1074 936 illos
1090 879 1267 936 sancti
1299 877 1544 947 Spiritus
1562 875 1809 933 deseruit
1835 874 2030 946 gratia,

463 986 771 1047 cunctaque
784 976 877 1030 illa
892 972 1228 1030 venerabilia
1246 978 1301 1027 et
1315 969 1428 1026 Deo
1440 976 1594 1042 grata
1611 968 1827 1025 sublata
1843 977 1973 1023 sunt
1990 968 2031 1035 ¹;

462 1084 584 1123 cum
606 1069 825 1139 impiam
850 1066 1009 1123 istam
1032 1064 1352 1136 religionem
1373 1062 1652 1118 celebrant
1672 1080 1687 1128 ;
1706 1061 1836 1130 quid
1858 1061 2035 1131 appel-

462 1159 626 1215 lando
661 1173 972 1232 synagogas
995 1141 1184 1213 eorum
1212 1169 1411 1210 nomen
1446 1154 1583 1223 ipsis
1620 1152 1844 1222 dignum
1882 1153 2034 1209 inve-

467 1250 616 1306 nias?
644 1249 853 1304 Etenim
867 1249 912 1305 si
932 1249 1044 1316 jam
1067 1256 1182 1301 tum
1198 1253 1317 1301 erat
1339 1246 1600 1315 spelunca
1618 1244 1889 1301 latronum
1911 1259 2035 1298 cum

466 1350 670 1397 statum
696 1357 855 1396 suum
885 1339 1188 1403 obtineret;
1235 1350 1379 1390 nunc
1409 1336 1455 1389 si
1495 1335 1743 1404 lupanar,
1773 1334 1821 1390 si
1853 1342 2037 1388 trans-

470 1433 774 1502 gressionis
811 1432 1010 1492 locum,
1044 1429 1089 1484 si
1121 1429 1431 1484 daemonum
1453 1426 1840 1491 diversorium,
1860 1426 1905 1480 si
1928 1426 2040 1480 dia-

467 1525 577 1579 boli
614 1522 1103 1595 propugnaculum,
1146 1520 1192 1574 si
1228 1520 1534 1574 animarum
1567 1516 1790 1572 exitium
1812 1516 2040 1581 dixeris,

467 1614 513 1669 si
536 1614 705 1669 totius
728 1611 1053 1682 perditionis
1087 1609 1446 1680 praecipitium
1490 1623 1556 1663 ac
1582 1607 1920 1673 barathrum,
1944 1607 2042 1664 de-

468 1705 636 1775 nique
684 1703 948 1773 quidquid
1001 1701 1385 1773 appellaveris,
1430 1700 1612 1754 minus
1644 1715 1804 1769 quam
1838 1715 1936 1768 pro
1966 1700 2043 1754 rei

470 1796 738 1868 dignitate
762 1794 989 1850 dixeris.
1010 1794 1295 1863 Templum
1316 1793 1477 1862 cupis
1494 1791 1723 1847 videre?
1750 1791 1826 1847 Ne
1852 1807 2047 1847 curras

468 1887 539 1943 ad
568 1900 922 1958 synagogam,
957 1884 1052 1941 sed
1081 1894 1139 1939 tu
1173 1892 1293 1940 esto
1328 1883 1611 1953 templum.
1641 1880 1874 1939 Unicum
1907 1891 2047 1938 tem-

470 1980 619 2049 plum
678 1976 847 2032 diruit
906 1975 1051 2031 Deus
1089 1972 1479 2046 Jerosolymis,
1538 1984 1590 2028 ct
1634 1973 2049 2029 innumerabilia

469 2069 642 2124 erexit
690 2068 784 2122 illo
835 2067 995 2135 longe
1040 2065 1457 2121 venerabiliora.
1505 2064 1628 2132 Vos,
1674 2064 1871 2133 inquit,
1921 2077 2051 2119 tem-

468 2160 610 2229 plum
635 2161 760 2215 estis
799 2160 891 2214 Dei
920 2160 1134 2214 viventis
1166 2159 1240 2229 (2.
1275 2158 1395 2214 Cor.
1433 2161 1485 2214 6.
1523 2158 1633 2229 16).
1659 2157 1810 2213 Hanc
1826 2158 2047 2214 domum

479 2267 707 2314 exorna,
732 2267 950 2306 omnem
990 2251 1147 2321 exige
1177 2251 1559 2321 cogitationem
1602 2252 1825 2318 malam,
1855 2259 1915 2305 ut
1949 2251 2048 2306 ﬁas

472 2344 770 2414 pretiosum
802 2343 1108 2399 membrum
1130 2341 1358 2406 Christi,
1392 2351 1449 2397 ut
1474 2342 1573 2398 ﬁas
1593 2343 1852 2411 templum
1876 2341 2051 2413 Spiri-

473 2444 605 2500 tus;
642 2434 844 2491 deinde
873 2443 925 2490 et
948 2435 1088 2490 alios
1120 2433 1285 2489 redde
1306 2434 1463 2491 tales.
1498 2433 1565 2488 Et
1587 2434 1731 2491 sicut
1754 2450 1877 2490 cum
1896 2436 2050 2493 vides

477 2541 776 2597 pauperes,
806 2542 915 2582 non
946 2525 1107 2582 facile
1140 2525 1561 2595 praetercurris;
1590 2526 1661 2580 ita
1699 2541 1825 2582 cum
1850 2527 2051 2584 videris

475 2616 714 2687 aliquem
732 2616 800 2672 ad
818 2631 1151 2689 synagogam
1168 2627 1501 2681 currentem,
1517 2632 1584 2672 ne
1601 2616 1936 2683 dissimules,
1952 2620 2048 2675 sed

477 2708 657 2765 verbis
679 2723 779 2763 ceu
820 2708 976 2763 freno
1002 2708 1238 2781 quodam
1268 2707 1570 2775 cohibitum
1596 2709 1827 2766 reducas
1855 2709 1922 2765 ad
1946 2710 2048 2766 Ec-

476 2797 719 2855 clesiam.
742 2797 867 2854 [hec
888 2798 1167 2870 estmajor
1183 2784 1528 2871 eleemosyna
1549 2813 1712 2869 quam
1741 2799 1854 2865 illa,
1869 2807 1922 2856 et
1936 2816 2061 2865 ma-,

553 2889 568 2917 ι
605 2884 720 2935 Alii:
746 2883 939 2941 Sublata
959 2892 1083 2948 sunt,
1114 2894 1208 2938 Deo
1222 2885 1514 2937 obluctantes
1530 2880 1744 2946 impiam,
1771 2887 1866 2930 etc.

1166 323 1224 379 S.
1261 318 1539 378 JOANNIS
1577 312 2050 393 CHRYSOSTOMI
2087 313 2402 371 ARCHIEP.
2443 314 2972 373 CONSTANTINOP.

3622 322 3721 375 9l‘3

2133 427 2220 496 jus
2249 428 2452 483 lucrum
2473 446 2631 500 quam
2657 431 2842 485 decem
2875 430 3036 484 millia
3069 429 3415 485 talentorum:
3449 432 3574 502 quid
3598 435 3718 491 dico

2143 521 2326 578 decem
2365 523 2525 576 millia
2557 523 2802 577 talenta?
2851 524 3022 594 majus
3061 538 3217 593 quam
3266 524 3352 578 hic
3380 525 3717 594 aSpeetabilis

2140 614 2368 668 mundus
2412 616 2711 670 universus.
2762 614 3032 684 Siquidem
3064 614 3226 670 homo
3271 625 3353 670 est
3381 624 3493 669 toto
3522 618 3716 671 mundo

2137 704 2460 774 pretiosior:
2511 705 2668 775 hujus
2706 706 2848 761 enim
2889 720 3046 760 causa
3077 715 3131 760 et
3169 705 3359 761 etclam
3403 714 3460 760 et
3496 715 3637 761 terra
3666 718 3719 761 et

2137 812 2287 852 mare
2314 796 2526 859 condita
2549 804 2671 850 sunt
2701 836 2718 861 ,
2760 804 2813 850 et
2842 797 2920 850 sol
2960 804 3015 850 et
3041 795 3229 849 stellaz.
3260 795 3536 865 Perpende
3563 797 3719 866 igitur

2138 900 2334 961 quanta
2363 891 2433 944 sit
2459 889 2687 961 dignitas
2711 888 2847 960 ejus,
2874 889 3026 959 cujus
3046 888 3200 943 saluti
3230 888 3544 953 consulitur,
3573 900 3717 945 etne

2138 980 2524 1051 contempseris
2546 979 2684 1034 illius
2706 995 2909 1033 curam.
2950 978 3080 1033 Nam
3108 979 3315 1033 etiamsi
3342 980 3586 1049 pecunia:
3612 981 3717 1033 vim

2139 1072 2451 1125 immensam
2475 1069 2828 1125 dinumeravit
2850 1070 3039 1139 aliquis
3060 1111 3074 1134 ,
3108 1068 3238 1122 nihil
3281 1070 3387 1145 tale
3425 1070 3671 1138 prmstitit
3697 1110 3715 1136 ,

2138 1163 2292 1232 quale
2309 1165 2354 1217 is
2371 1162 2459 1232 qui
2479 1172 2656 1218 servat
2670 1163 2982 1228 animam,et
3001 1161 3217 1216 abducit
3235 1169 3304 1216 ab
3314 1176 3498 1216 errore
3518 1159 3585 1215 ad
3605 1161 3712 1232 pie‘

2142 1263 2319 1308 tatem.
2336 1252 2435 1321 Qui
2448 1252 2657 1308 dederit
2671 1254 2909 1322 pauperi,
2925 1250 3116 1306 famem
3139 1252 3324 1306 solvit:
3345 1252 3433 1321 qui
3448 1251 3722 1322 judaizan-

2141 1347 2549 1425 temcorrexerit
2575 1387 2591 1408 ,
2622 1347 2946 1416 impietatem
2972 1345 3241 1399 exstinxit.
3286 1344 3377 1399 Ille
3418 1348 3721 1413 paupertati
3764 1384 3775 1401 ι

2139 1439 2381 1494 solatium
2399 1437 2661 1493 adhibuit:
2686 1437 2772 1490 hic
2790 1436 3116 1506 iniquitatem
3139 1434 3395 1490 inhibuit:
3425 1434 3512 1488 ille
3526 1449 3723 1504 Corpus

2141 1530 2389 1585 liberavit
2404 1545 2436 1583 a
2454 1527 2752 1593 dolore,hic
2771 1528 2930 1582 etiam
2948 1526 3177 1580 animam
3200 1525 3393 1595 eripuit
3409 1541 3437 1579 a
3456 1525 3716 1595 gehenna.

2139 1621 2358 1680 Ostendi
2384 1624 2784 1685 thesaurum,ue
2801 1619 3059 1674 deseratis
3082 1619 3313 1673 lucrum.
3336 1616 3453 1672 Non
3473 1626 3558 1672 est
3580 1617 3720 1687 quod

2141 1716 2227 1769 hic
2248 1724 2607 1785 paupertatem
2632 1711 2940 1778 causemini,
2960 1720 3156 1767 nonest
3172 1708 3313 1781 quod
3330 1709 3723 1765 mendicitatem

2140 1805 2477 1877 praetexatis:
2502 1806 2663 1860 verba
2689 1814 2890 1858 tantum
2923 1803 3233 1858 insumenda
3262 1811 3426 1867 sunt,
3455 1801 3717 1856 sermonis

2141 1897 2301 1953 modo
2338 1897 2396 1951 ﬁt
2439 1896 2697 1964 impensa.
2739 1894 2816 1948 Ne
2837 1894 3145 1964 pigritemur
3166 1892 3325 1962 igitur
3355 1931 3374 1958 ,
3429 1892 3522 1945 sed
3576 1891 3719 1944 omni

2141 1988 2316 2043 studio
2340 2003 2404 2043 ac
2432 1986 2718 2056 cupiditate
2740 2000 2994 2040 venemur
3024 1984 3213 2038 fratres
3234 1994 3448 2037 nostros
3468 2024 3483 2046 ,
3536 1983 3719 2052 eisque

2142 2079 2225 2132 vel
2266 2078 2443 2134 invitis
2474 2078 2527 2131 in
2557 2077 2772 2131 domum
2800 2084 3036 2129 nostram
3066 2075 3345 2143 pertraetis
3371 2113 3389 2141 ,
3441 2074 3719 2144 prandium

2141 2185 2485 2244 apponamus,
2506 2168 2572 2221 ad
2599 2182 2796 2221 mens:e
2814 2166 3243 2221 communionem
3267 2165 3388 2219 illos
3402 2166 3726 2219 asciscamns

2145 2261 2322 2327 hodie,
2344 2271 2419 2326 ut,
2445 2261 2530 2314 ubi
2558 2269 2741 2315 nostro
2769 2258 2822 2313 in
2852 2268 3137 2326 conspectu
3168 2257 3424 2328 jejunium
3447 2259 3721 2323 solverint,

2143 2351 2376 2419 satisque
2418 2348 2804 2405 declaraverint
2832 2390 2848 2413 ,
2899 2348 3163 2417 ﬁdemque
3202 2347 3416 2418 plenam
3466 2350 3684 2403 fecerint
3708 2388 3724 2411 ,

2143 2440 2286 2512 quod
2331 2441 2383 2497 iu
2429 2441 2617 2496 melius
2666 2439 2891 2495 correcti
2943 2440 3089 2505 sint,
3117 2449 3170 2493 et
3200 2440 3300 2494 sibi
3328 2439 3456 2508 ipsis
3489 2447 3545 2494 et
3572 2439 3727 2493 nobis

2145 2545 2342 2591 :eterna
2369 2533 2506 2589 bona
2547 2534 2831 2588 concilient
2858 2571 2874 2599 ,
2922 2533 3090 2603 gratia
3132 2547 3196 2589 ac
3243 2532 3482 2588 bonitate
3511 2531 3751 2593 Domini,

2145 2624 2312 2680 nostri
2334 2624 2461 2679 Jesu
2487 2618 2710 2689 Christi,
2732 2638 2826 2692 per
2850 2638 3008 2694 quem
3048 2631 3103 2676 et
3144 2637 3265 2677 cum
3305 2637 3413 2693 quo
3454 2621 3599 2677 Patri
3623 2637 3725 2677 una

2144 2731 2267 2771 cum
2298 2714 2496 2786 Spiritu
2521 2722 2706 2770 sancto
2729 2714 2898 2784 gloria
2923 2755 2939 2779 ,
2972 2728 3114 2768 nunc
3137 2722 3191 2768 et
3211 2727 3424 2783 semper
3454 2720 3510 2767 et
3535 2712 3586 2766 in
3626 2727 3724 2766 sa:-

2146 2807 2265 2863 cula
2295 2806 2637 2873 saeculorum,
2662 2806 2855 2860 Amen.
2892 2872 2897 2879 ί

1569 2965 3723 2991 HW

1259 3016 1477 3159 ΑΒ
1498 3040 2069 3157 VERSUS
2165 3036 2877 3146 JUD/EOS.

1790 3236 2413 3293 οθιεκέῑετδβιῷθᾶο-

1006 3375 1198 3416 οιΑ-[ιο
1234 3375 1476 3414 SEPTIIA.

524 3452 578 3506 1.
618 3450 752 3505 Num
776 3464 872 3506 vos
900 3465 1094 3521 pugnae
1119 3449 1276 3520 hujus
1301 3465 1420 3505 cum
1444 3448 1643 3504 Judzeis
1667 3457 1927 3518 suscepta:
1953 3462 2043 3503 sa-

453 3539 610 3595 tietas
647 3540 819 3609 cepit?
858 3540 938 3594 Au
967 3538 1127 3594 vultis
1156 3547 1214 3592 ut
1238 3554 1422 3594 rursus
1449 3538 1607 3595 hodie
1633 3553 1844 3611 quoque
1870 3546 2042 3592 mate-

458 3630 592 3686 riam
615 3631 857 3686 eamdem
880 3631 1204 3685 tractemus?
1224 3632 1552 3701 Quamquam
1573 3631 1713 3686 enim
1736 3631 1897 3685 multa
1919 3641 2043 3686 sunt

451 3721 561 3792 jam
588 3721 749 3785 dicta,
773 3731 1007 3777 attamen
1035 3722 1266 3777 arbitror
1287 3737 1382 3777 vos
1401 3723 1479 3777 sic
1496 3722 1712 3777 aﬁ'ectos
1738 3732 1795 3777 ut
1817 3723 2042 3791 cupiatis

452 3813 642 3869 iisdem
671 3814 739 3868 de
770 3813 928 3868 rebus
955 3814 1145 3870 iterum
1171 3813 1378 3869 audire.
1403 3813 1610 3869 Etenim
1635 3816 1723 3885 qui
1751 3829 1856 3869 non
1881 3817 2041 3872 satia-

454 3912 542 3958 tur
569 3916 751 3959 amore
778 3919 901 3971 erga
930 3903 1132 3970 Jesum,
1158 3904 1203 3958 is
1232 3918 1330 3960 nec
1358 3917 1611 3974 umquam
1641 3904 1917 3960 satiabitur
1944 3922 2040 3974 pu-

450 4010 553 4064 gna
582 3993 838 4050 adversus
867 4009 960 4049 eos
989 4003 1252 4064 suscepta,
1286 3995 1375 4066 qui
1400 3995 1582 4051 Jesum
1612 3995 1857 4052 oderunt.
1892 3997 2037 4051 Prae-

449 4094 592 4139 terea
617 4095 795 4141 autem
823 4086 976 4141 nobis
1004 4085 1091 4140 hic
1115 4100 1295 4141 sermo
1324 4086 1657 4141 necessarius
1690 4094 1775 4141 est
1806 4105 1820 4140 :
1846 4102 2036 4156 super-

447 4186 572 4233 sunt
598 4178 739 4232 euim
777 4177 952 4233 adhuc
991 4177 1246 4232 festorum
1288 4177 1593 4233 Judaeorum
1635 4177 1888 4248 reliquim.
1931 4178 2036 4233 Sed

447 4267 892 4337 quemadmodum
921 4268 1128 4322 illorum
1153 4268 1295 4322 tubae
1315 4268 1480 4322 multo
1500 4268 1868 4323 sceleratiores
1886 4279 2039 4323 erant

453 4358 520 4413 iis
549 4373 667 4429 quxe
697 4369 886 4412 sonant
916 4360 966 4413 in
996 4360 1237 4425 theatris,
1265 4370 1313 4414 et
1340 4358 1541 4431 jejunia
1568 4361 1753 4430 quavis
1778 4359 2037 4415 ebrietate

453 4457 511 4504 et
555 4451 941 4506 comessatione
987 4464 1137 4506 crant
1186 4451 1464 4521 turpiora:
1496 4453 1564 4507 ita
1607 4462 1663 4509 et
1701 4453 2035 4509 tabernacula

454 4556 573 4610 qua:
608 4556 748 4598 nunc
773 4542 910 4612 apud
943 4543 1061 4597 illos
1089 4544 1318 4613 ﬁguntur
1343 4585 1356 4608 ,
1385 4544 1550 4599 nihilo
1578 4554 1705 4598 sunt
1733 4545 2049 4633 honestiora

451 4631 778 4694 diversoriis,
806 4632 856 4687 in
882 4633 1073 4702 quibus
1101 4641 1275 4689 scorta
1304 4644 1582 4689 versantur
1604 4650 1665 4690 ac
1688 4635 1935 4690 tibicinae.
1959 4631 2035 4689 Ne

446 4726 565 4795 quis
614 4733 790 4778 autem
839 4727 1134 4780 orationem
1176 4726 1320 4781 hanc
1361 4727 1597 4783 audaciae
1634 4727 1870 4783 damnet.
1900 4727 2032 4782 Nam

448 4831 613 4872 ausus
634 4826 717 4872 est
739 4826 1011 4870 extremus
1036 4832 1351 4887 summaque
1374 4818 1623 4888 iniquitas
1644 4833 1799 4874 secus
1823 4818 1892 4874 de
1919 4819 2034 4874 istis

444 4908 678 4980 opinari.
696 4908 829 4962 Cum
856 4908 998 4963 enim
1021 4908 1277 4963 adversus
1301 4911 1463 4964 Deum
1489 4912 1809 4966 contendant
1831 4927 1893 4967 ac
1915 4912 2033 4981 Spi-

445 4997 568 5052 ritui
600 5007 785 5053 sancto
814 4999 1094 5063 resistant,
1122 5013 1218 5053 cur
1247 5016 1353 5053 non
1387 5002 1542 5055 talem
1567 5002 1634 5057 de
1663 5003 1767 5057 illis
1795 5001 2030 5059 feramus

443 5088 803 5145 sententiam?
829 5088 957 5143 Erat
992 5088 1117 5144 olim
1159 5088 1261 5144 hoc
1299 5088 1492 5144 festum
1535 5092 1839 5148 venerabile
1861 5134 1876 5155 ,
1910 5073 2068 5147 cum?

440 5180 588 5251 juxta
630 5181 801 5252 legem
839 5180 1024 5244 ﬁeret,
1068 5181 1266 5251 Deique
1298 5181 1488 5252 jussu;
1532 5198 1673 5237 nunc
1707 5195 1884 5239 autem
1925 5201 2028 5239 non

445 5273 710 5344 amplius;
735 5288 855 5327 nam
887 5282 992 5327 tota
1022 5272 1160 5327 illius
1186 5272 1415 5343 dignitas
1440 5272 1651 5327 sublata
1675 5282 1776 5340 est,
1800 5289 1865 5329 eo
1889 5276 2030 5344 quod

444 5377 631 5423 eontra
664 5368 755 5422 Dei
800 5376 1031 5422 mentem
1072 5365 1388 5421 celebratur.
1417 5364 1622 5435 Quique
1654 5366 1883 5421 maxime
1913 5366 2029 5421 vio-

456 5460 567 5514 lant
593 5459 760 5529 legcm
793 5458 1071 5529 priscaque
1100 5458 1252 5526 festa,
1285 5458 1319 5513 ii
1348 5460 1582 5515 maxime
1610 5460 1843 5514 omnium
1870 5471 2023 5524 sunt,

441 5549 530 5617 qui
558 5564 700 5603 nunc
730 5549 974 5605 videntur
997 5564 1060 5605 ea
1082 5549 1372 5605 celebrare.
1396 5550 1465 5604 At
1487 5565 1583 5604 nos
1601 5551 1829 5606 maxime
1858 5552 2027 5621 legem

442 5655 758 5694 veneramur
777 5680 792 5703 ,
821 5641 910 5709 qui
937 5656 1054 5695 eam
1083 5641 1228 5694 velut
1254 5639 1523 5695 hominem
1550 5643 1701 5698 senio
1727 5642 2027 5697 confectum

441 5730 720 5801 quiescere
743 5730 990 5797 sinimus,
1018 5745 1116 5785 nec
1139 5732 1189 5784 in
1217 5730 1443 5786 stadium
1477 5734 1852 5801 protrahimus,
1879 5743 2025 5802 post-

2151 3369 2378 3425 eaquam
2408 3355 2661 3419 incanuit,
2688 3368 2857 3425 neque
2884 3354 3063 3409 alieno
3089 3364 3327 3425 tempore
3352 3363 3559 3410 certare
3581 3370 3729 3410 com-

2147 3447 2411 3517 pellimus.
2431 3445 2580 3500 Nune
2601 3447 2740 3501 enim
2756 3461 2973 3501 necesse
2989 3447 3119 3516 legis
3138 3455 3344 3517 tempus
3360 3489 3377 3511 ,
3398 3463 3496 3503 nec
3512 3457 3731 3503 vetustae

2146 3538 2437 3608 religionis,
2463 3538 2592 3593 satis
2613 3547 2737 3592 ante
2755 3537 3234 3592 demonstravimus
3255 3555 3269 3592 :
3293 3555 3392 3609 age
3407 3540 3566 3609 igitur
3585 3541 3723 3609 quod

2151 3636 2399 3699 superest
2422 3628 2579 3684 hodie
2602 3629 2948 3684 excutiamus.
2972 3628 3110 3683 Satis
3132 3629 3346 3699 quidem
3370 3639 3502 3693 erat,
3531 3639 3589 3684 ut
3610 3645 3728 3683 cum

2142 3736 2210 3775 ex
2252 3721 2526 3792 prophetis
2566 3721 2813 3777 omnibus
2863 3721 3357 3787 demonstrassem,
3401 3721 3545 3790 quod
3593 3736 3729 3775 nunc

2144 3823 2297 3868 extra
2319 3812 2702 3885 Jerosolymam
2732 3813 2835 3867 tale
2858 3813 3125 3882 quippiam
3153 3812 3349 3878 facere,
3374 3812 3727 3883 transgressio

2141 3904 2275 3974 legis
2300 3904 2370 3958 sit
2393 3915 2448 3959 et
2484 3904 2750 3972 impietas,
2775 3904 2919 3958 omni
2950 3904 3131 3959 labore
3156 3904 3379 3958 levarer.
3406 3903 3539 3957 Nam
3566 3904 3610 3958 si
3642 3919 3731 3956 ve-

2142 4010 2259 4048 rum
2278 4003 2439 4059 esset,
2463 3993 2604 4064 quod
2621 3995 2702 4049 isti
2716 4009 2928 4063 semper
2946 3994 3138 4063 ubique
3148 3993 3409 4062 jactantes
3426 3995 3726 4060 mussitant,

2142 4084 2372 4139 futurum
2413 4095 2469 4139 ut
2495 4086 2759 4140 civitatem
2786 4084 2962 4140 denuo
2990 4084 3289 4154 recipiant,
3321 4100 3390 4140 ne
3414 4086 3491 4141 sic
3515 4086 3726 4156 quidem

2142 4179 2348 4247 possint
2373 4193 2401 4230 a
2433 4178 2641 4232 violata:
2669 4177 2797 4247 legis
2826 4177 3048 4233 crimine
3074 4177 3288 4233 liberari
3317 4194 3332 4230 :
3361 4187 3597 4235 attamen
3626 4195 3725 4233 uos

2141 4285 2206 4324 ex
2230 4270 2517 4324 abundanti
2544 4269 2647 4325 hoc
2675 4285 2886 4340 quoque
2915 4269 3429 4335 demonstravimus,
3458 4269 3599 4339 quod
3630 4286 3727 4326 nec

2139 4361 2326 4415 civitas
2351 4361 2419 4415 sit
2447 4360 2808 4426 instauranda,
2837 4375 3009 4430 neque
3032 4361 3262 4430 priscum
3292 4360 3597 4430 reipublica:
3620 4372 3726 4415 sta-

2141 4464 2251 4509 tum
2284 4456 2391 4509 sint
2420 4455 2703 4524 recepturi.

2207 4545 2413 4601 Judaici
2443 4547 2568 4600 ritus
2592 4545 2838 4616 abrogati.
2863 4572 2932 4584 —-
2954 4545 3063 4599 [loc
3100 4551 3278 4598 autem
3318 4542 3722 4607 demonstrato,

2139 4641 2339 4710 reliqua
2368 4641 2542 4695 omnia
2572 4640 2622 4693 in
2651 4639 2897 4694 confesso
2921 4646 3066 4703 sunt,
3098 4635 3346 4691 videlicet
3372 4634 3517 4705 quod
3547 4650 3718 4705 neque

2136 4732 2520 4787 sacriliciorum
2546 4731 2698 4795 ritus,
2723 4744 2894 4799 neque
2920 4728 3372 4790 holocaustorum,
3398 4741 3573 4796 neque
3595 4726 3723 4795 legis

2136 4825 2216 4879 vis
2237 4866 2251 4889 ,
2286 4840 2389 4880 nec
2411 4825 2511 4879 alia
2547 4838 2670 4894 pars
2699 4822 2803 4876 ulla
2829 4831 3000 4875 status
3029 4821 3166 4875 illius
3191 4819 3487 4875 consistere
3510 4819 3719 4888 poterit.

2135 4917 2369 4971 Primum
2396 4917 2537 4972 enim
2565 4914 2815 4986 prmcepit
2843 4914 2947 4977 lex,
2978 4922 3036 4967 ut
3066 4922 3146 4967 ter
3178 4912 3230 4966 in
3257 4926 3398 4965 anno
3422 4926 3586 4965 omne
3614 4926 3724 4962 ma-

2137 5009 2397 5063 sculinum
2425 5007 2738 5064 ascenderet
2764 5007 2813 5060 iu
2843 5006 3095 5074 templum
3121 5003 3315 5073 (Exod.
3342 5003 3431 5056 Ξῖ).
3463 5002 3579 5070 l7).
3605 5000 3725 5055 Cte-

2136 5108 2306 5154 terum
2337 5099 2543 5168 dejecto
2584 5098 2780 5166 templo
2807 5138 2821 5161 ,
2851 5097 2953 5153 hoc
2982 5095 3094 5150 ﬁeri
3124 5095 3323 5165 nequit.
3356 5093 3559 5148 Rursus
3586 5106 3720 5159 pne-

2135 5197 2369 5256 eeperat,
2404 5198 2461 5242 ut
2486 5188 2574 5259 qui
2606 5189 2864 5258 proﬂuvio
2889 5187 3109 5242 seminis
3136 5186 3424 5245 laboraret,
3455 5183 3547 5253 qui
3574 5182 3718 5251 lepra

2135 5279 2527 5334 contaminatus
2568 5288 2709 5332 esset
2735 5318 2750 5343 ,
2780 5293 2897 5347 qum
2928 5286 3200 5331 menstruo
3236 5275 3376 5329 (luxu
3410 5282 3678 5328 teneretur
3702 5311 3717 5332 ,

2132 5386 2249 5440 qua:
2278 5371 2604 5439 peperisset,
2636 5369 2851 5423 otl’erret
2875 5369 3130 5422 sacriﬁcia
3159 5365 3358 5436 (Leuit.
3399 5366 3462 5419 l5
3487 5364 3529 5435 ).
3563 5363 3719 5433 Atqui

2132 5477 2233 5516 nec
2261 5459 2363 5517 hoc
2392 5459 2506 5516 ﬁeri
2531 5472 2708 5531 potest
2732 5502 2746 5525 ,
2776 5475 2896 5515 cum
2928 5459 3067 5514 desit
3096 5459 3248 5513 locus
3268 5496 3284 5523 .
3321 5472 3420 5512 nec
3446 5465 3619 5513 exstet
3642 5457 3717 5507 al-

2134 5563 2270 5607 tare.
2299 5553 2467 5610 Jussit
2488 5553 2605 5608 cani
2634 5567 2816 5609 sacros
2846 5553 3091 5624 hymnos,
3118 5560 3173 5608 et
3199 5552 3299 5605 hoc
3328 5560 3454 5607 ante
3480 5550 3719 5605 declara-

2132 5646 2304 5698 vimus
2333 5654 2444 5698 tum
2471 5643 2571 5699 loci
2601 5644 2806 5699 ratione
2835 5644 3003 5699 vetari
3027 5684 3042 5709 ,
3074 5652 3183 5697 tum
3211 5658 3239 5696 a
3268 5642 3544 5712 prepbetis
3566 5640 3715 5695 dam-

2132 5735 2243 5790 nari
2273 5776 2286 5803 ,
2337 5736 2707 5791 accusantibus
2752 5736 2872 5790 illos
2915 5750 2979 5790 ac
3023 5734 3367 5795 dicentibus.
3410 5733 3550 5805 quod
3592 5731 3715 5785 toris

2336 5958 2365 5969 ad
