4046 6146
311 355 417 414 915

308 471 452 536 τότε,
481 469 570 523 ὅτε
607 467 677 523 τά
710 468 980 541 χερουϐλμ
1015 462 1111 542 ἢν,
1136 468 1225 522 ὅτε
1259 468 1294 541 ὴ
1325 469 1578 537 κιϐωτὸς,
1618 469 1770 545 [661]
1800 473 1889 527 ὅτε

314 556 390 608 ἔτι
442 550 759 623 Πνεύματος
809 552 1038 624 ἐπήνθει
1065 551 1244 623 χάρις,
1284 551 1380 607 νῦν
1406 552 1506 624 μὲν
1543 553 1758 623 ἔλεγεν,
1807 556 1888 608 ὅτι

317 633 682 704 Ἐποιήσατε
714 635 903 689 αὐτὸν
925 633 1237 705 σπήλαιον
1268 635 1538 703 λῃστῶν,
1568 636 1662 690 νῦν
1684 637 1743 691 δὲ
1761 677 1777 702 ,
1807 638 1889 691 ὄτι

306 714 492 773 Οἷκον
521 717 828 786 ἐμπορίου,
852 716 942 771 διά
966 716 1069 780 τὰς
1098 715 1442 787 παρανομίας
1466 718 1645 772 αὐτῶν
1667 719 1762 773 καὶ
1791 720 1890 776 τὰς

309 799 622 873 μιαιφονίας
639 816 652 830 ο
685 798 782 852 νῦν
804 799 893 852 ὅτε
918 799 1117 863 αὐτοὺς
1149 800 1183 871 ή
1205 799 1299 853 τοῦ
1349 800 1665 872 Πνεύματος
1693 803 1858 871 ἐγκατ
1880 832 1893 845 -

304 883 461 938 έλιπε
488 884 665 954 χάρις,
683 883 778 935 καὶ
806 881 983 936 πάντα
1012 883 1193 937 ἐκεῖνα
1220 882 1487 955 ἀνῄρηται
1506 883 1575 938 τά
1603 884 1887 958 σεμνά,τῷ

302 964 428 1038 θεῷ
455 965 880 1037 φιλονεικοῦντες
907 979 957 1033 ι,
989 966 1089 1038 τὴν
1122 967 1436 1039 παράνομον
1468 966 1673 1039 ταύτην
1701 969 1886 1022 ἐπιτε-

304 1050 459 1104 λοῦσι
489 1049 763 1122 λατρείαν,
795 1050 847 1103 τί
871 1049 937 1103 ἀν
965 1068 1047 1114 τις
1074 1049 1386 1121 προσειπὼν
1430 1051 1532 1114 τάς
1565 1052 1886 1122 συναγωγὰς

306 1134 488 1187 αὐτῶν
514 1134 542 1176 ιι
566 1174 582 1198 ,
619 1132 776 1198 ἀξίαν
827 1133 978 1187 ἔσται
1020 1133 1271 1205 εὑρηκὼς
1306 1126 1654 1206 ἐπωνῦμίαν;
1683 1136 1747 1188 Et
1776 1135 1884 1208 7&9

303 1216 429 1271 τότε
469 1217 731 1289 σπήλαιον
785 1216 997 1289 λῃστῶν
1030 1214 1120 1289 ἦν,
1155 1218 1245 1270 ὅτε
1275 1217 1355 1271 ἔτι
1385 1219 1454 1273 τὰ
1486 1220 1586 1289 τῆς
1610 1218 1884 1284 πολιτείας

306 1298 550 1371 ἐκράτει,
572 1298 667 1353 νῦν
698 1298 801 1353 κᾶν
836 1302 1106 1371 πορνεῖον,
1139 1300 1242 1354 κᾶν
1291 1301 1638 1372 παρανομίας
1662 1301 1882 1373 χωρίον,

303 1382 413 1436 κᾶν
439 1382 709 1454 δαιμόνων
760 1382 1131 1453 καταγώγιον,
1173 1383 1277 1437 κᾶν
1320 1383 1567 1437 διαϐόλου
1603 1386 1883 1456 φρούριον,

302 1465 410 1520 κᾶν
430 1465 616 1537 ψυχῶν
646 1465 889 1538 ὄλεθρον,
916 1467 1021 1521 κᾶν
1064 1466 1340 1531 ἀπωλείας
1376 1467 1594 1538 ἀπάσης
1638 1468 1883 1540 κρημνὸν

302 1549 403 1604 καὶ
431 1549 725 1622 βάραθρον,
757 1551 863 1604 κᾶν
890 1549 1068 1604 ὁτιοῦν
1090 1568 1175 1615 τις
1202 1550 1473 1623 προσείπῃ
1495 1590 1511 1615 ,
1541 1550 1760 1606 ἔλαττον
1782 1551 1881 1622 τῆς

301 1633 460 1699 ἀξίας
478 1634 613 1706 ἐρεῖ.
647 1633 791 1687 Ναὸν
818 1634 1104 1704 ἐπιθυμεῖς
1135 1633 1292 1699 ίδεῖν;
1329 1634 1404 1705 μὴ
1437 1634 1649 1707 δράμῃς
1677 1635 1759 1700 είς
1783 1634 1881 1707 τὴν

252 1752 255 1755 λ
305 1715 650 1788 συναγωγὴν,
679 1716 815 1771 ἀλλά
838 1717 996 1787 γενοῦ
1022 1719 1087 1772 σὺ
1116 1718 1264 1782 ναός.
1297 1717 1434 1771 Ἕνα
1464 1717 1681 1772 καθεῖλε
1698 1718 1825 1773 ναὸν
1851 1720 1881 1773 ό

296 1800 437 1865 Θεὸς
460 1802 518 1855 ἐν
543 1799 953 1873 Ἱεροσολύμοις,
980 1800 1076 1854 καὶ
1104 1801 1331 1872 μυρίους
1351 1799 1647 1871 ἀνέστησεν
1671 1802 1880 1856 ἐκείνου

303 1881 487 1954 πολλῷ
535 1883 921 1956 σεμνοτέρους·
982 1883 1178 1953 Ὑμεῖς
1223 1883 1334 1955 γὰρ
1373 1884 1520 1950 ναὸς
1561 1883 1710 1937 Θεοῦ
1743 1884 1885 1938 ἐστε

299 1964 541 2032 ζῶντος,
568 1965 720 2037 φησί.
756 1962 1115 2020 Καλλώπισον
1164 1966 1371 2038 ταύτην
1405 1965 1506 2037 τὴν
1546 1967 1743 2030 οἰκίαν,
1778 1967 1885 2019 ἀπ-

297 2047 495 2102 ἐλασον
528 2048 703 2103 πάντα
720 2047 981 2119 λογισμὸν
1018 2049 1274 2119 πονηρὸν,
1323 2048 1409 2101 ἵνα
1442 2047 1575 2121 γένῃ
1601 2047 1761 2120 μέλος
1787 2048 1881 2102 τοῦ

300 2129 542 2200 Χριστοῦ
569 2129 769 2201 τίμιον,
799 2130 886 2183 ίνα
911 2129 1044 2205 γένῃ
1070 2131 1196 2194 ναὸς
1223 2129 1318 2183 τοῦ
1346 2130 1485 2183 Πνεύ
1498 2147 1666 2201 ματος
1684 2146 1697 2160 ·
1722 2129 1878 2200 ποίη-

302 2227 398 2264 σον
427 2212 523 2266 καὶ
570 2213 792 2285 ἐτέρους
829 2213 1125 2278 τοιούτους.
1178 2214 1289 2268 Καὶ
1331 2213 1585 2284 καθάπερ
1639 2213 1880 2285 πένητας

296 2294 538 2364 ὁρῶντες
568 2296 668 2348 οὐκ
696 2296 762 2350 ἂν
786 2297 1199 2369 παραδράμοιτε
1229 2295 1447 2368 ῥᾳδίως,
1477 2294 1621 2349 οὕτω
1650 2294 1745 2348 καὶ
1785 2292 1877 2349 τὸν

300 2379 395 2432 ἐπὶ
425 2378 525 2450 τὴν
552 2381 875 2451 συναγωγήν
905 2379 1166 2453 τρέχοντα
1194 2379 1407 2451 βλέπων
1429 2420 1446 2445 ,
1498 2377 1574 2450 μὴ
1618 2377 1875 2450 παρίδῃς,

297 2458 415 2512 ἀλλ’
442 2460 636 2532 ὥσπερ
666 2461 867 2533 χαλινῷ
895 2480 1000 2516 τινι
1036 2461 1113 2533 τῷ
1146 2462 1289 2534 λόγῳ
1335 2461 1621 2531 κατασχὼν
1662 2463 1742 2524 είς
1775 2460 1876 2532 τὴν

312 2541 641 2613 Ἐκκλησίαν
672 2545 1008 2614 ἐπανάγαγε.
1032 2544 1181 2614 Αῦτη
1208 2543 1408 2598 πλείων
1428 2543 1644 2615 ἐκείνης
1670 2543 1704 2614 ἡ
1733 2541 1881 2613 ἐλεη-

191 2662 195 2671 ρ
297 2625 530 2699 μοσύνη,
570 2627 666 2682 καὶ
688 2628 899 2699 μυρίων
929 2627 1210 2682 ταλάντων
1245 2624 1430 2698 μεῖζον
1459 2625 1521 2679 τὸ
1542 2624 1751 2698 κέρδος.
1764 2622 1876 2678 Καὶ
1902 2628 1918 2657 ⁸

360 2790 512 2859 {Alii
551 2794 719 2858 σεμνὰ,
741 2795 810 2858 τῷ
834 2796 943 2859 6εῷ
976 2761 1395 2859 φειλονεικοῦντες,
1411 2795 1552 2842 notat
1569 2787 1741 2840 Montf.
1777 2787 1870 2850 qui

294 2853 425 2956 Ιεῑιι
443 2853 722 2934 ρθτρριίξιηξ,
741 2853 890 2920 σέμνά
907 2853 1076 2918 καῖτῷ
1108 2857 1167 2905 Θ.
1194 2855 1323 2921 φίλα,
1345 2854 1433 2913 τὸν
1450 2868 1506 2904 π.

413 2916 568 2966 Deest
584 2933 740 2966 αυτων
759 2920 808 2966 in
831 2931 1010 2966 novem
1039 2930 1160 2966 mss.

490 2922 568 2966 est
584 2920 740 2966 αὐτῶν
759 2920 808 2968 in
831 2931 1010 2968 novem
1039 2930 1160 2968 mss.

1413 353 1778 425 Αῡγειιευε
1827 355 2142 416 “SD/EOS.
2189 358 2302 416 VII.

3467 365 3569 422 9l6

1989 474 2043 527 τί
2070 474 2214 545 λέγω
2263 474 2478 548 μυρίων
2505 471 2815 537 ταλάντων;
2850 469 3066 524 καὶτοῦ
3118 470 3326 541 κόσμου
3366 473 3571 540 παντὸς

1988 556 2083 610 τοῦ
2103 555 2450 627 φαινομένου,
2479 555 2600 609 ἐπεὶ
2621 554 2716 608 καὶ
2744 555 2773 607 ὁ
2795 552 3082 624 ἄνθρωπος
3099 551 3193 606 τοῦ
3212 553 3417 625 κόσμου
3437 573 3572 611 παν-

1986 638 2079 704 τὸς
2107 637 2432 710 τιμιώτερος
2453 654 2466 668 ·
2507 636 2597 691 διὰ
2627 635 2738 709 7&9
2773 636 2934 691 αὑτὸν
2964 636 3060 689 καὶ⁵
3098 636 3327 706 οὐρανὸς
3364 640 3459 693 καὶ
3494 641 3569 711 7?;

1987 722 2083 776 καὶ
2119 722 2362 776 θάλασσα
2389 721 2603 789 γέγονε,
2636 720 2731 784 καὶ
2755 718 3024 790 ἥλιοςκαὶ
3059 718 3311 790 ἀστέρες.
3354 720 3570 793 Ἐννόη-

1988 821 2081 858 σον
2107 804 2286 858 τοίνυν
2314 807 2375 858 τὸ
2397 803 2612 874 ἀξίωμα
2640 801 2734 855 τοῦ
2771 801 3075 873 σωζομένου
3098 843 3114 869 ,
3163 803 3260 856 καὶ⁴
3296 802 3371 874 μὴ
3402 820 3571 857 κατα-

1986 889 2261 959 φρονήσῃς
2285 886 2449 940 αύτοῦ
2482 887 2578 957 τῆς
2600 885 2941 956 ἐπιμελείας.
2975 885 3096 939 Κᾶν
3136 884 3247 956 γὰρ
3292 885 3464 958 μυρία
3484 903 3571 952 τις

1986 970 2270 1044 καταϐάλῃ
2299 971 2578 1042 χρήματα,
2605 968 2756 1021 οὐδὲν
2771 967 3012 1022 τοιοῦτον
3046 969 3361 1040 ἐργάζεται,
3395 971 3518 1023 δοῦν
3539 973 3569 1024 ό

1985 1052 2161 1124 ψυχὴν
2188 1051 2489 1118 διασώζων,
2508 1050 2601 1105 καὶ
2625 1050 2834 1121 πλάνης
2852 1051 3103 1120 ἀπάγων,
3134 1051 3229 1105 καὶ
3257 1052 3393 1123 πρὸς
3415 1054 3568 1106 εὐσέ-

1989 1134 2142 1190 ϐειαν
2163 1134 2540 1208 χειραγωγῶν.
2587 1135 2644 1186 Ὀ
2667 1133 2856 1202 πένητι
2876 1133 2998 1197 δοὺς
3020 1134 3177 1204 λιμὸν
3199 1135 3407 1199 ἔλυσεν,
3424 1138 3451 1189 ὁ
3476 1136 3569 1192 τὸν

2000 1218 2352 1284 Ἰουδαῖζοντα
2373 1216 2667 1287 διορθώσας
2689 1216 2946 1270 ἀσέϐειαν
2971 1217 3174 1271 ἀνεῖλεν
3192 1234 3207 1248 ⁸
3241 1219 3445 1283 ἐκεῖνος
3468 1237 3567 1273 πε-

1983 1302 2103 1356 νίαν
2126 1301 2576 1374 παρεμυθήσατο,
2592 1295 2746 1363 οὗτος
2775 1300 3120 1371 παρανομίαν
3139 1300 3366 1374 ἔστησεν
3387 1320 3400 1333 ο
3423 1305 3569 1356 ἐκεῖ-

1982 1402 2072 1448 νος
2089 1384 2152 1439 τὸ
2184 1386 2343 1456 σῶμα
2374 1383 2567 1454 ὀδύνης
2599 1381 2929 1454 ἀπήλλαξεν,
2963 1374 3119 1444 οὗτος
3138 1385 3231 1437 καὶ
3258 1383 3357 1456 τὴν
3386 1385 3563 1457 ψυχὴν

1982 1467 2084 1535 τῆς
2112 1467 2337 1538 γεέννης
2378 1467 2711 1538 ἐξήρπασεν.
2746 1463 2965 1529 Ἔδειξα
3010 1463 3105 1517 τὸν
3140 1463 3434 1535 θησαυρὸν,
3488 1469 3562 1538 μὴ

1982 1549 2226 1619 προδῶτε
2254 1550 2316 1604 τὸ
2336 1551 2549 1623 κέρδος.
2585 1549 2700 1602 Οὐκ
2733 1546 2879 1601 ἔστιν
2913 1546 3146 1601 ἐνταῦθα
3176 1548 3365 1602 πενίαν
3390 1550 3555 1604 αἱτιά·

1984 1631 2197 1698 σασθαι,
2236 1632 2339 1685 οὐκ
2381 1632 2498 1685 ἔστι
2531 1629 2803 1702 πτωχείαν
2844 1629 3249 1701 προϐαλέσθαι·
3299 1632 3563 1703 ῥημάτων

1981 1715 2128 1769 ἐστὶν
2155 1717 2191 1787 ή
2237 1715 2469 1787 δαπάνη,
2497 1715 2672 1783 λόγων
2702 1714 2818 1767 ἐστὶ
2844 1713 2906 1766 τὸ
2929 1713 3212 1784 ἀνάλωμα.
3255 1715 3348 1786 Μὴ
3384 1716 3563 1771 τοίνυν

1980 1798 2428 1870 κατοκνήσωμεν,
2480 1798 2618 1861 ἀλλ’,
2668 1798 2770 1866 ὅση
2821 1796 3023 1867 σπουδὴ
3060 1808 3084 1837 ε
3118 1800 3214 1852 καὶ
3262 1798 3559 1871 προθυμία,

1979 1884 2107 1947 τοὺς
2134 1881 2397 1952 ἀδελφοὺς
2422 1881 2777 1952 θηρεύσωμεν
2800 1880 2927 1945 τοὺς
2942 1881 3267 1952 ἡμετέρους,
3292 1882 3387 1936 καὶ
3403 1881 3565 1937 ἄκον-

1981 1982 2082 2030 τας
2111 1967 2191 2028 είς
2219 1965 2320 2030 τὰς
2372 1965 2551 2029 οίκίας
2580 1965 2679 2028 τὰς
2729 1963 2937 2018 ἑαυτῶν
2965 1964 3163 2028 αὐτοὺς
3212 1964 3561 2030 ἑλκύσαντες.

1981 2047 2204 2119 ἄριστον
2237 2046 2607 2118 παραϐῶμεν,
2633 2047 2729 2101 καί¹
2760 2045 3042 2121 τραπέζης
3076 2047 3262 2105 αὐτοῖς
3301 2050 3563 2119 κοινωνή-

1983 2149 2166 2202 σωμεν
2211 2132 2471 2203 σήμερον,
2506 2131 2592 2185 ἵνα
2621 2132 2709 2185 ἐπ’
2758 2131 2912 2203 ὄψεσι
2963 2133 3085 2195 ταῖς
3109 2133 3411 2204 ἡμετέραις
3461 2133 3560 2205 τὴν

1978 2213 2233 2284 νηστείαν
2258 2213 2538 2278 λύσαντες,
2566 2212 2660 2266 καὶ
2694 2213 3068 2285 πληροφορίαν
3101 2216 3233 2286 ἡμῖν
3258 2216 3350 2268 καὶ
3375 2215 3561 2269 πίστιν

1981 2294 2168 2367 ἱκανὴν
2193 2295 2566 2367 παρασχόντες
2598 2294 2699 2366 τῆς
2735 2296 2910 2367 καλῆς
2950 2295 3152 2368 ταύτης
3184 2296 3556 2367 διορθώσεως,

1977 2378 2073 2432 καὶ⁸
2103 2379 2315 2441 ἑαυτοῖς
2342 2378 2436 2432 καὶ
2457 2380 2589 2449 ἡμῖν
2623 2379 2733 2432 τῶν
2761 2378 2998 2433 αίωνίων
3026 2379 3250 2449 ἀγαθῶν
3290 2380 3557 2449 γένωνται

1977 2460 2247 2534 πρόξενοι,
2278 2460 2461 2532 χάριτι
2489 2461 2584 2515 καὶ
2619 2460 3001 2533 φιλανθρωπίᾳ
3031 2462 3126 2515 τοῦ
3154 2462 3359 2535 Κυρίου
3398 2462 3557 2535 ήμῶν

1990 2542 2165 2613 Ἰησοῦ
2192 2543 2450 2615 Χριστοῦ,
2480 2543 2547 2597 δι’
2578 2538 2639 2597 οὗ
2669 2544 2763 2597 καὶ
2791 2543 2908 2614 μεθ’
2938 2539 2998 2599 οὗ
3023 2543 3102 2615 τῷ
3142 2545 3320 2617 [Ia-:91
3346 2547 3380 2617 ή
3405 2545 3555 2611 δόξα,

1979 2622 2097 2696 ἅμα
2122 2623 2200 2696 τῷ
2226 2626 2365 2694 ἀγίῳ
2413 2625 2725 2697 Πνεύματι,
2774 2625 2870 2679 νῦν
2922 2627 3018 2681 καὶ
3053 2627 3161 2692 ἀεὶ,
3203 2629 3296 2682 καὶ
3324 2630 3404 2693 είς
3429 2629 3557 2692 τοὺς

1980 2708 2182 2772 αίῶνας
2205 2708 2313 2763 τῶν
2340 2708 2570 2764 αἰώνων.
2625 2710 2816 2781 Ἀμήν.

2043 2849 2194 2919 ξβρι
2218 2863 2334 2899 mss.
2358 2850 2509 2919 μάλλὰ.
2535 2850 2667 2919 πάσῃ
2712 2852 2914 2919 σπουδῇ.
2975 2850 3256 2919 (Legebalur
3295 2866 3554 2918 perperam

1985 2910 2090 2962 ἀλλ’
2112 2912 2202 2975 ὅσῃ
2227 2911 2411 2974 σπουδῇ
2433 2912 2515 2960 καὶ
2534 2910 2806 2978 προθὶιμία.)

1354 3218 1654 3310 ΚΑΤΑ
1724 3158 2288 3307 ΙΟΥΔΑΙΩΝ.
2343 3212 2491 3286 r6621

835 3504 1023 3575 Λόγος
1057 3504 1329 3574 ἕϐδομος.

362 3660 585 3741 α’,τΑρα
603 3669 761 3741 κόρον
776 3667 999 3723 ἐλάϐετε
1009 3669 1110 3740 τῆς
1132 3667 1270 3740 πρὸς
1294 3666 1579 3731 Ἰουδαίους
1603 3668 1781 3739 μάχης
1799 3668 1864 3742 ςῆ

290 3753 548 3828 βούλεσθε
580 3752 674 3806 καὶ
695 3752 934 3823 σήμερον
955 3751 1057 3822 τῆς
1075 3750 1248 3822 αὐτῆς
1271 3748 1582 3815 ὑποθέσεως
1604 3750 1869 3822 ἁψώμεθα

289 3837 490 3901 πάλιν;
526 3836 590 3889 Et
621 3834 731 3906 7&9
784 3833 879 3887 καὶ
914 3833 1082 3887 πολλά
1118 3833 1189 3887 τά
1228 3832 1541 3905 ἔμπροσθεν
1578 3833 1867 3906 εἰρημένα,

288 3920 407 3974 ἀλλ’
436 3921 584 3990 ὅμως
609 3919 753 3990 ὑμᾶς
776 3916 1060 3988 ἐπιθυμεῖν
1077 3912 1230 3988 οἶμαι
1250 3918 1351 3988 τῆς
1364 3917 1534 3987 αὐτῆς
1552 3918 1870 3988 ἀκροάσεως

286 4002 475 4057 πάλιν.
515 4002 575 4055 '0
603 4000 713 4073 7&9
744 4001 841 4072 τῆς
870 4002 950 4064 είς
977 4000 1070 4053 τὸν
1095 3999 1329 4071 Χριστὸν
1352 4001 1575 4071 ἀγάπης
1602 4002 1703 4053 οὐκ
1729 4001 1867 4071 ἔχων

285 4086 476 4157 κόρον,
524 4084 645 4137 οὐδέ
694 4084 792 4154 τῆς
837 4082 973 4154 πρὸς
1001 4085 1126 4146 τοὺς
1160 4082 1455 4155 μισοῦντας
1486 4084 1648 4138 αὑτὸν
1688 4084 1869 4156 μάχης

283 4169 518 4240 λήψεται
542 4166 704 4237 κόρον
720 4165 870 4220 ποτέ.
898 4166 1079 4236 Χωρὶς
1105 4165 1163 4219 δὲ
1187 4166 1413 4230 τούτων,
1432 4165 1528 4220 καὶ
1542 4166 1717 4230 άλλως
1735 4168 1868 4239 ἡμῖν

283 4253 586 4319 ἀναγκαῖος
609 4240 806 4310 οὗτοςό
832 4248 1014 4316 λόγος·
1040 4248 1119 4301 ἔτι
1147 4248 1255 4320 γὰρ
1270 4249 1501 4319 λείψανα
1526 4249 1637 4304 τῶν
1662 4250 1868 4322 ἑορτῶν

280 4333 471 4390 αὐτῶν
500 4331 905 4386 ὑπολέλειπται.
951 4330 1088 4383 Ἀλλ’
1114 4330 1302 4401 ῶσπερ
1338 4331 1516 4386 αὐτῶν
1548 4333 1605 4386 αἱ
1638 4332 1868 4402 σάλπιγ-

283 4435 385 4488 γες
409 4415 519 4468 τῶν
544 4416 730 4476 ἐντοῖς
755 4411 1002 4484 θεάτροις
1019 4408 1163 4483 ἦσαν
1186 4413 1664 4485 παρανομώτεραι,
1689 4417 1781 4470 καὶ
1808 4417 1867 4470 αἱ

283 4498 534 4571 νηστεῖαι
577 4495 748 4568 μέθης
776 4494 870 4549 καὶ
898 4493 1083 4566 κώμου
1112 4494 1312 4559 παντὸς
1331 4490 1472 4566 ἦσαν
1492 4498 1863 4571 αίσχρότεραι,

283 4582 430 4635 οὕτω
458 4582 553 4634 καὶ
590 4581 647 4634 αἱ
680 4578 877 4650 σκηναὶ
908 4578 965 4631 al
984 4576 1080 4631 νῦν
1109 4579 1239 4650 παρ’
1271 4578 1453 4632 αὐτῶν
1497 4578 1860 4651 πηγνύμεναι,

285 4664 396 4718 τῶν
416 4662 747 4733 πανδοχείων
771 4660 878 4715 τῶν
912 4661 1117 4735 πόρνας
1146 4660 1378 4731 ἐχόντων
1402 4661 1499 4714 καὶ
1536 4662 1864 4735 αὐλητρίδας

286 4746 439 4801 οὐδὲν
467 4720 691 4817 ἀμείνον
711 4720 1388 4816 διάκεινταὶΓΙέαῖμηδεὶς
1413 4745 1618 4815 τόλμαν
1644 4720 1867 4817 καταγιί

284 4829 543 4886 νωσκέτω
564 4826 659 4881 τοῦ
683 4827 873 4898 λόγου·
898 4828 1072 4899 τόλμα
1102 4828 1213 4899 γὰρ
1240 4827 1443 4899 ἐσχάτη
1486 4828 1581 4882 καὶ
1621 4846 1865 4902 παρανο-

290 4914 387 4985 μία
417 4913 479 4967 τὸ
505 4912 581 4985 μὴ
607 4911 779 4975 οὕτως
799 4910 1124 4966 ὑποπτεύειν
1144 4911 1274 4983 περὶ
1300 4910 1544 4967 ἐκείνων.
1570 4912 1740 4967 Ὅταν
1755 4913 1864 4987 γάρ

283 4998 364 5071 τῷ
391 4998 513 5069 Θεῷ
561 4994 1014 5067 φιλονεικοῦντες,
1055 4996 1150 5048 καὶ
1190 4994 1270 5066 τῷ
1296 4995 1573 5068 Πνεύματι
1602 4995 1684 5068 τῷ
1720 4999 1862 5069 ἀγίῳ

283 5083 701 5144 ἀντιπίπτοντες
729 5081 1032 5151 πράττωσι,
1063 5077 1182 5142 πῶς
1205 5078 1267 5131 οὐ
1294 5079 1403 5151 χρὴ
1443 5079 1700 5152 τοιαύτην
1731 5083 1862 5152 περὶ

284 5165 463 5220 αὐτῶν
484 5165 665 5236 ψῆφον
691 5161 943 5248 ἐκφέρειν
955 5158 1112 5248 Ην
1139 5178 1271 5215 ποτε
1299 5163 1485 5248 σεμνή,
1510 5162 1649 5235 αὕτη
1667 5166 1713 5248 ἐή
1736 5166 1860 5235 ἐορ-

283 5251 370 5322 τὴ,
403 5252 491 5303 ὅτε
521 5249 662 5305 κατὰ
681 5248 844 5319 νόμον
859 5246 1089 5315 ἐγίνετο,
1116 5248 1211 5300 καὶ
1230 5246 1324 5299 τοῦ
1353 5246 1489 5301 Θεοῦ
1520 5246 1858 5312 κελεύοντος,

282 5335 400 5390 νυνὶ
427 5333 485 5387 δέ
511 5332 709 5393 οὐκέτι
727 5348 739 5362 ·
760 5331 822 5384 τὸ
848 5329 956 5402 γάρ
981 5327 1198 5400 ἀξίωμα
1221 5330 1391 5401 αὐτῆς
1417 5331 1563 5385 ἀπαν
1587 5330 1859 5403 ἀνῄρηται

282 5417 360 5490 τῷ
390 5417 543 5490 παρά
570 5415 796 5488 γνώμην
816 5412 907 5467 τοῦ
935 5411 1070 5466 Θεοῦ
1099 5412 1365 5481 γίνεσθαι.
1391 5413 1502 5467 Καὶ
1538 5415 1588 5468 οί
1622 5415 1858 5486 μάλιστα

283 5494 704 5573 καθυϐρίζοντες
722 5498 930 5553 καὶτὸν
962 5495 1126 5567 νόμον
1145 5496 1239 5550 καὶ
1266 5496 1365 5559 τὰς
1407 5496 1601 5568 ἑορτὰς
1625 5497 1722 5563 τὰς
1754 5510 1861 5552 πα-

282 5585 465 5650 λαιὰς,
498 5579 644 5641 οὗτοι
686 5584 921 5657 μάλιστα
964 5580 1184 5635 πάντων
1209 5578 1346 5632 εἰσὶν
1376 5579 1424 5632 οί
1445 5578 1729 5645 δοκοῦντες
1759 5582 1859 5636 νῦν

283 5670 545 5726 ἐπιτελεῖν
564 5686 578 5701 ο
609 5668 659 5721 οί
693 5667 750 5720 δέ
790 5667 1023 5738 μάλιστα
1053 5664 1145 5718 τὸν
1166 5662 1328 5734 νόμον
1364 5663 1631 5735 τιμῶντες
1671 5666 1853 5736 ἡμεῖς,

288 5753 332 5806 οί
352 5753 603 5822 καθάπερ
633 5750 980 5822 γεγηρακότα
1009 5748 1291 5820 ἄνθρωπον
1328 5747 1723 5813 ἀναπαύοντες,
1763 5755 1857 5807 καὶ

591 5863 865 5925 Ρλτιιοι.
915 5867 1032 5927 Οτι.
1074 5868 1362 5932 XLVIII.

1974 3504 2073 3573 οὐχ
2122 3498 2374 3562 ἕλκοντες
2425 3498 2506 3561 είς
2550 3495 2620 3550 τά
2668 3494 2968 3569 σκάμματα
3000 3496 3142 3567 μετὰ
3185 3495 3284 3568 τὴν
3337 3500 3549 3563 πολιὰν,

1969 3585 2091 3640 οὐδὲ
2107 3582 2260 3655 παρά
2275 3581 2465 3653 καιρὸν
2481 3578 2843 3646 ἀγωνίζεσθαι
2858 3579 3277 3650 ἀναγκάζοντες.
3299 3581 3419 3636 Ὂτι
3441 3583 3553 3655 γὰρ

1967 3668 2068 3722 οὐκ
2087 3665 2201 3720 ἔστι
2217 3664 2383 3735 νόμου
2403 3662 2594 3734 καιρὸς
2614 3661 2868 3730 νῦν,οῦτε
2883 3656 2983 3735 τῆς
2999 3662 3233 3727 παλαιᾶς
3253 3662 3550 3731 πολιτείας,

1972 3749 2173 3813 ἱκανῶς
2199 3747 2299 3820 μὲν
2320 3747 2416 3801 καὶ
2436 3746 2747 3819 ἔμπροσθεν
2775 3746 3140 3819 ἀπεδείξαμεν
3157 3764 3173 3779 '
3204 3747 3337 3820 φέρε
3371 3748 3434 3820 δὴ
3458 3752 3551 3804 καὶ

1968 3833 2037 3886 τὰ
2057 3831 2283 3901 λείψανα
2308 3847 2376 3899 γυ
2385 3830 2683 3901 μνάσωμεν
2703 3831 2967 3902 τήμερον.
2994 3831 3194 3902 Ἤρκει
3225 3832 3322 3900 μὲν
3337 3827 3431 3886 οὖν
3445 3833 3552 3886 δεί-

1971 3914 2137 3981 ξαντα
2189 3913 2278 3968 διά
2298 3912 2407 3967 τῶν
2437 3913 2730 3986 προφητῶν
2770 3914 3025 3968 ἀπάντων
3049 3954 3065 3980 ,
3096 3915 3179 3967 ὅτι
3206 3913 3267 3967 τὸ
3299 3919 3472 3969 ποιεῖν
3493 3935 3549 3971 τι

1967 3998 2207 4054 τοιοῦτον
2234 3997 2339 4063 ἔξω
2372 3996 2480 4050 τῶν
2519 3995 2907 4069 Ἱεροσολύμων
2948 3997 3263 4068 παρανομία
3306 3998 3390 4063 τίς
3431 4001 3549 4056 ἐστι

1969 4082 2063 4136 καὶ
2090 4080 2316 4135 ἀσέϐεια
2338 4120 2354 4147 ,
2390 4079 2733 4150 ἀπηλλάχθαι
2784 4081 3145 4151 πραγμάτων.
3198 4080 3262 4133 Ei
3296 4080 3406 4153 7&9
3453 4086 3550 4139 καὶ

1968 4162 2166 4237 ἀληθὲς
2195 4158 2283 4235 ἦν,
2318 4162 2347 4215 ὃ
2374 4160 2649 4234 πανταχοῦ
2683 4153 3061 4234 κομπάζοντες
3100 4162 3187 4216 ἀεὶ
3228 4163 3548 4236 ψιθυρίζου-

1969 4264 2074 4312 σιν,
2108 4248 2189 4300 ὅτι
2229 4246 2329 4318 τήν
2362 4245 2518 4299 πόλιν
2573 4244 2944 4318 ἀπολήψονται
2994 4245 3176 4311 πάλιν,
3205 4247 3327 4300 οὐδέ
3376 4247 3550 4314 οὕτως

1967 4329 2308 4402 ἀπηλλάχθαι
2351 4328 2461 4382 τῶν
2497 4328 2595 4398 τῆς
2640 4327 2985 4400 παρανομίας
3025 4328 3387 4401 ἐγκλημάτων
3426 4331 3547 4384 ἐδύ-

1966 4429 2144 4467 ναντο.
2175 4411 2322 4483 Πλὴν
2351 4411 2467 4464 ἀλλ’
2494 4412 2656 4483 ἡμεῖς
2682 4414 2745 4465 ἐκ
2763 4410 3079 4482 περιουσίας
3114 4413 3208 4466 καὶ⁵
3238 4411 3395 4466 τοῦτο
3444 4414 3549 4466 ἀπ-

1967 4495 2268 4566 εδείξαμεν,
2295 4495 2374 4547 ὅτι
2405 4492 2531 4547 ούτε
2557 4494 2919 4565 ἀναστήσεται
2953 4493 3139 4548 λοιπὸν
3166 4496 3199 4566 ή
3222 4495 3394 4559 πόλις,
3422 4493 3546 4550 οὔτε

1967 4578 2333 4649 ἀπολήψονται
2351 4576 2451 4649 τὴν
2478 4576 2687 4630 ἑαυτῶν
2712 4577 3004 4631 πολιτείαν.

2037 4759 2240 4814 Τούτου
2280 4761 2339 4815 δέ
2390 4760 2835 4833 ἀποδειχθέντος,
2888 4761 2983 4815 καὶ
3030 4760 3099 4814 τὰ
3139 4760 3302 4815 λοιπά
3331 4761 3545 4815 ἅπαντα

1966 4842 2401 4915 συνωμολόγητο,
2434 4839 2545 4899 οἷον
2569 4845 2646 4908 ὡς
2674 4842 2799 4899 οὔτε
2832 4842 3025 4907 θυσίας
3066 4838 3232 4907 εἶδος,
3261 4840 3387 4897 οὔτε
3424 4843 3543 4898 ὁλο-

1965 4923 2312 4990 καυτώσεως,
2336 4927 2435 4999 οὐχ
2459 4928 2493 4998 ὴ
2524 4927 2616 4982 τοῦ
2638 4927 2803 4999 νόμου
2825 4926 3076 4998 δύναμις,
3108 4925 3208 4980 οὐκ
3226 4925 3353 4980 ἀλλο
3371 4942 3423 4980 τι
3443 4924 3545 4996 τῆς

1966 5006 2240 5072 πολιτείας
2268 5010 2486 5082 ἐκείνης
2510 5002 2700 5082 στῆναι
2725 5012 3030 5083 δυνήσεται.
3058 5008 3282 5080 Πρῶτον
3314 5008 3412 5080 μὲν
3436 5008 3544 5079 γὰρ

1963 5089 2249 5144 ἐκέλευσεν
2275 5091 2305 5144 ό
2345 5092 2508 5163 νόμος
2542 5095 2663 5167 τρὶς
2684 5093 2778 5148 τοῦ
2817 5092 3066 5148 ἐνιαυτοῦ
3114 5093 3221 5148 πᾶν
3258 5089 3543 5161 ἀρσενικὸν

1964 5173 2045 5237 εἰς
2070 5173 2171 5248 τὸν
2204 5175 2331 5230 ναὸν
2378 5177 2688 5230 ἀναϐαίνειν
2715 5193 2729 5208 ο
2763 5175 2855 5230 τοῦ
2880 5176 2937 5230 δὲ
2970 5174 3098 5231 ναοῦ
3123 5173 3539 5241 καταλυθέντος,

1965 5255 2226 5311 ἀδύνατον
2252 5255 2410 5313 τοῦτο
2435 5259 2709 5326 γενέσθαι.
2735 5258 2890 5314 Μετά
2907 5257 3080 5313 ταῦτα
3097 5258 3257 5313 πάλιν
3280 5256 3542 5312 ἐπέταττε

1961 5338 2052 5393 τὸν
2080 5341 2371 5412 γονορρυῆ,
2397 5342 2488 5395 τὸν
2516 5341 2736 5414 λεπρὸν,
2762 5341 2865 5411 τὴν
2890 5342 2947 5394 ἐν
2969 5339 3329 5411 καταμηνίοις
3348 5340 3541 5406 γυναί-

1963 5438 2055 5481 κα,
2086 5420 2185 5492 τὴν
2222 5422 2384 5492 λεχῶ,
2415 5422 2606 5488 θυσίας
2629 5422 2956 5496 ἀναφέρειν
2996 5421 3265 5477 καὶτοῦτο
3297 5421 3354 5475 δὲ
3379 5418 3543 5477 πάλιν

1961 5503 2244 5571 ἀδύνατον,
2273 5506 2372 5558 οὐκ
2398 5505 2548 5570 ὄντος
2574 5506 2668 5559 τοῦ
2700 5505 2891 5569 τόπου,
2921 5505 3041 5559 ούδέ
3063 5503 3158 5558 τοῦ
3199 5503 3384 5576 βωμοῦ
3416 5521 3541 5575 φαι-

1960 5586 2208 5658 νομένου.
2253 5587 2569 5642 Ἐκέλευσεν
2600 5588 2748 5660 ᾄδειν
2782 5589 2960 5662 ίεροὺς
2987 5588 3217 5660 ὕμνους·
3258 5585 3355 5642 καὶ
3383 5585 3541 5642 τοῦτο

1962 5666 2273 5740 ἔμπροσθεν
2310 5671 2671 5743 ἀπεδείξαμεν
2691 5673 2799 5729 ἀπὸ
2833 5670 2928 5727 τοῦ
2958 5674 3127 5726 τόπου
3170 5670 3538 5741 κωλυόμενον,

1962 5751 2059 5804 καὶ
2092 5753 2220 5816 τοὺς
2263 5755 2547 5827 προφήτας
2587 5756 2972 5824 ἐγκαλοῦντας,
3022 5757 3118 5810 καὶ
3154 5754 3412 5824 λέγοντας
3455 5750 3542 5805 δτι

3119 5867 3198 5928 25
