4046 6146
463 296 566 355 9ίῖ

459 411 617 487 [665]
638 410 948 478 ἀνέγνωσαν
984 408 1087 472 ἔξω
1114 410 1299 485 νόμον,
1338 408 1432 460 καὶ
1475 405 1875 460 ἐπεκαλέσαντο
1905 406 2034 474 ὁμο-

456 497 661 565 λογίαν.
694 495 857 547 Ὅταν
895 496 1073 546 τοίνυν
1120 492 1254 563 μηδὲ
1305 489 1774 560 ἀναγινώσκεσθαι
1811 488 2034 541 δυνατὸν

455 576 523 649 ἦν
548 578 637 631 τὸν
667 577 829 646 νόμον
871 574 974 641 ἔξω
1006 576 1105 646 τῆς
1140 574 1365 639 πόλεως,
1418 573 1534 636 πῶς
1574 571 1734 625 αὑτὸν
1774 569 2034 640 πράττειν

457 663 561 728 ἔξω
584 663 683 731 τῆς
709 658 916 722 πόλεως
943 658 1166 711 δυνατόν
1188 675 1204 724 ;
1231 657 1331 710 Διά
1349 656 1479 726 γοῦν
1507 654 1664 710 τοῦτο
1680 655 1774 708 καὶ
1797 651 2023 708 ἀπειλῶν

455 746 638 808 αὐτοῖς
671 743 888 810 ἔλεγεν·
931 742 1053 795 οὐκ
1094 741 1498 810 ἐπισκέψομαι
1545 740 1653 805 τὰς
1707 736 2034 807 θυγατέρας

453 831 642 898 ὑμῶν,
675 830 818 883 ὅταν
835 827 1309 895 ἐκπορνεύσωσι,
1332 822 1553 889 καὶτὰς
1580 823 1820 891 νύμφας
1844 818 2030 890 ὑμῶν,

455 914 601 969 ὅταν
634 913 1023 983 μοιχεύσωσι.
1060 911 1126 964 Τί
1184 909 1242 963 δὲ
1277 908 1436 962 τοῦτό
1481 908 1635 969 tam;
1684 905 1866 975 Νόμον
1904 904 2033 974 ὑμῖν

454 998 721 1066 ἀναγνοὺς
753 995 1002 1057 παλαιὸν,
1044 994 1378 1063 σαφέστερον
1424 989 1651 1059 ποιῆσαι
1679 989 2030 1059 πειράσομαι.
2050 1026 2061 1045 ι

454 1081 547 1144 Τίς
576 1078 670 1134 οὖν
700 1081 846 1132 ἐστιν
875 1081 902 1131 ὀ
928 1078 1125 1147 νόμος;
1166 1075 1307 1130 Ἐὰν
1323 1072 1560 1143 παραθῇ
1580 1071 1735 1143 γυνὴ
1758 1070 1905 1125 κατὰ
1925 1068 2032 1123 τοῦ

451 1163 670 1231 ἀνδρὸς
697 1160 908 1229 αὐτῆς,
935 1161 1031 1213 καὶ
1056 1158 1276 1228 παρίδῃ
1306 1157 1495 1211 αὐτὸν
1522 1155 1912 1224 ὑπεριδοῦσα,
1932 1151 2029 1206 καί

358 1250 365 1253 ’
452 1243 708 1316 κοιμηθῇ
747 1262 837 1309 τις
875 1244 1002 1313 μετ’
1048 1240 1240 1310 αὐτῆς
1279 1240 1487 1307 κοίτην
1516 1237 1887 1307 σπέρματος,
1931 1235 2029 1316 καί

450 1312 701 1397 λιίθῃνέξί
721 1312 1045 1397 ὀφθαλμῶν
1071 1324 1176 1379 τοῦ
1211 1322 1448 1391 ἀνδρὸς,
1477 1321 1575 1375 καί
1597 1322 1825 1390 μάρτυς
1860 1317 1947 1389 μὴ
1990 1312 2032 1389 ᾖ

451 1412 577 1466 κατ’
599 1411 811 1478 αὐτῆς,
849 1411 946 1463 καί
967 1408 1053 1479 μὴ
1076 1403 1115 1479 ᾗ
1147 1405 1631 1475 συνειλημμένη,
1674 1403 1773 1457 καὶ
1806 1400 2030 1470 ἐπέλθῃ

451 1495 545 1547 ἐπ’
581 1492 742 1559 αὐτῷ
780 1493 1016 1562 πνεῦμα
1054 1489 1394 1559 ζηλώσεως,
1434 1487 1583 1554 αὕτη
1622 1487 1691 1540 δὲ
1731 1484 1819 1556 μὴ
1856 1479 1900 1556 ᾖ
1931 1502 2033 1554 με-

451 1578 768 1646 ,ι.·ιασμὲνη.
816 1577 879 1629 Ὃ
902 1575 958 1627 δέ
978 1574 1126 1641 λέγει
1153 1572 1389 1626 τοιοῦτόν
1423 1573 1568 1624 ἐστιν
1588 1587 1600 1600 ·
1651 1569 1774 1622 Ἐἀν
1815 1585 2030 1638 μοιχευ-

454 1662 517 1730 εἰῇ
542 1701 557 1721 ,
586 1664 739 1728 φησι,
770 1660 928 1728 γυνὴ,
957 1658 1051 1711 καὶ
1083 1654 1400 1726 ὑποπτεύσῃ
1425 1654 1522 1724 τὴν
1556 1652 1799 1724 μοιχείαν
1819 1653 1847 1705 ὁ
1869 1652 2028 1724 ἀνὴρ,

452 1746 483 1814 ἢ
540 1745 612 1815 μὴ
668 1742 971 1813 μοιχευθῇ,
1024 1734 1178 1802 οὗτος
1231 1739 1288 1792 δὲ
1328 1736 1688 1808 ὑποπτεύσῃ,
1742 1735 1836 1789 καὶ
1893 1735 2031 1806 μήτε

455 1828 665 1897 μάρτυς
701 1821 774 1897 ᾖ,
836 1826 974 1895 μήτε
1021 1822 1218 1893 κύησις
1270 1820 1605 1891 ἐλέγχουσα,
1657 1817 1787 1883 ἄξει
1837 1816 2033 1885 αὐτὴν

452 1911 601 1977 πρὸς
618 1907 725 1961 τὸν
750 1905 909 1976 ίερέα
926 1946 942 1971 ,
975 1904 1136 1976 φησὶ,
1165 1904 1262 1958 καί
1300 1903 1614 1971 προσοίσει
1638 1901 1703 1954 τὸ
1723 1898 1914 1969 δῶρον
1934 1900 2034 1953 αὑ-

449 1991 562 2061 τῆς
587 1991 846 2059 ἄλευρον
871 1990 1155 2058 κρίθινον.
1193 1988 1257 2040 Τί
1284 1987 1480 2057 δήποτε
1506 1986 1566 2038 ού
1598 1983 1893 2055 σεμίδαλιν,
1932 1982 2031 2035 ούκ

451 2077 678 2145 ἄλευρον
717 2071 913 2144 πυροῦ,
946 2071 1084 2126 ἀλλά
1118 2067 1640 2141 κρίθινον;Ἐπειδὴ
1681 2065 1874 2129 πένθος
1915 2065 2031 2118 ἐστὶ

453 2160 546 2212 καὶ
590 2156 933 2223 κατάγνωσις
974 2155 1068 2208 καὶ
1103 2151 1304 2221 ὑποψία
1345 2150 1559 2222 πονηρά
1605 2150 1667 2202 τὺ
1723 2148 2027 2218 γινόμενον,

452 2242 703 2310 ἐμιμεῖτο
732 2239 831 2309 τὴν
858 2235 1144 2308 συμφορὰν
1166 2236 1264 2305 τῆς
1282 2233 1488 2296 οἰκείας
1518 2232 1708 2294 θυσίας
1738 2231 1798 2283 τὸ
1822 2232 2026 2300 σχῆμα·

452 2324 540 2378 6ιά
573 2323 680 2394 γὰρ
696 2321 853 2375 τοῦτό
872 2337 1035 2391 φησιν
1056 2337 1069 2350 ·
1091 2321 1212 2374 Οὐκ
1243 2314 1498 2387 ἐπιχεεῒς
1522 2314 1613 2368 ἐπ’
1628 2312 1774 2368 αὐτὸ
1799 2312 2026 2378 ἔλαιον,

454 2406 596 2461 οὐδὲ
626 2404 936 2471 ἐπιθήσεις
956 2413 975 2434 ⁸
1003 2403 1096 2457 ἐπ’
1127 2400 1275 2457 αὐτὸ
1298 2402 1569 2456 λίϐανον.
1606 2395 1748 2451 Εἶτα
1787 2395 1888 2463 (δεῖ
1919 2395 2028 2468 γὰρ

453 2491 756 2560 ἐπιτεμεῖν)
788 2488 888 2543 καὶ
917 2485 1208 2557 προσάξει
1248 2483 1443 2553 αὐτὴν
1475 2487 1507 2539 ὀ
1535 2481 1747 2551 ίερεὺς,
1784 2480 1883 2534 καί
1915 2480 2029 2551 λή-

452 2579 628 2643 ψεται
679 2573 835 2640 ὕδωρ
866 2570 1126 2638 καθαρὸν
1172 2570 1244 2623 ἐν
1283 2567 1497 2637 ἀγγείῳ
1534 2565 1889 2634 όστρακίνῳ,
1931 2562 2029 2617 καί

453 2660 570 2713 ἀπὸ
593 2657 703 2726 τῆς
744 2656 858 2726 τῆς
900 2654 1008 2723 τῆς
1039 2655 1233 2721 οὔσης
1265 2652 1363 2706 ἐπὶ
1385 2652 1490 2705 τοῦ
1523 2650 1782 2718 ἐδάφους
1807 2647 2027 2715 λαϐὼν,

452 2741 794 2812 ἐμϐαπῖείς
830 2736 897 2791 τὸ
928 2736 1105 2804 ὕδωρ,
1136 2736 1231 2789 καί
1261 2734 1476 2801 στήσει
1500 2732 1616 2800 τὴν
1642 2729 2029 2812 γυναῖκα,καί

454 2811 638 2893 (pm:
667 2822 880 2889 αὐτὴν,
917 2819 1015 2873 καὶ
1037 2818 1181 2886 ἐρεῖ·
1210 2820 1281 2872 Εἰ
1304 2816 1390 2887 μὴ
1423 2816 1684 2884 παρέϐης
1707 2811 2031 2884 μιανθῆναι

454 2908 603 2975 πρὸς
631 2905 738 2959 τὸν
769 2903 958 2972 ἄνδρα
978 2902 1085 2957 τὸν
1109 2900 1394 2970 σεαυτῆς,
1441 2898 1569 2954 σώα
1597 2900 1721 2953 ἴσθι
1751 2897 1872 2953 ἀπὸ
1920 2895 2030 2950 τοῦ

454 2991 676 3055 ὕδατος
708 2987 814 3042 τοῦ
847 2985 1103 3057 ἐλεγμοῦ
1124 2999 1138 3015 ⁶
1177 2987 1229 3039 εί
1251 2983 1325 3038 δὲ
1338 2982 1600 3052 παρέϐης
1648 2981 1746 3036 καὶ
1780 2982 2031 3052 μεμίαν-

454 3092 578 3140 σαι,
607 3075 703 3129 καί
734 3072 919 3127 ἔδωκέ
946 3088 1034 3138 τις
1053 3070 1169 3137 τὴν
1189 3070 1399 3137 κοίτην
1416 3068 1602 3122 αὐτοῦ
1622 3067 1692 3121 ἐν
1719 3067 1839 3132 σοί,
1863 3066 2031 3135 πλὴν

454 3160 561 3215 τοῦ
579 3158 799 3227 ἀνδρός
812 3173 952 3223 σου,
965 3155 1085 3224 δῴη
1098 3155 1315 3225 Κύριός
1335 3167 1409 3208 σε
1424 3154 1494 3208 ἐν
1506 3151 1621 3222 ἀρᾷ
1637 3151 1737 3206 καὶ
1755 3151 2031 3220 ἐνόρκιον

453 3244 699 3314 ἐνμέσῳ
722 3241 829 3298 τοῦ
861 3241 1035 3296 λαοῦ.
1055 3239 1120 3293 Τί
1145 3239 1314 3302 ἔστιν,
1344 3239 1440 3292 Ἐν
1464 3236 1579 3306 ἀρᾷ
1594 3237 1692 3291 καί
1722 3237 1996 3305 ἐνόρκιον
2006 3249 2029 3300 ;

456 3328 798 3396 Ἰναλέγωσι·
823 3324 916 3398 Μὴ
938 3325 1167 3395 πάθοιμι
1188 3325 1263 3387 ὡς
1292 3322 1490 3377 ἔπαθεν
1515 3325 1548 3394 ἡ
1572 3321 1718 3374 δεῖνα
1743 3322 1902 3393 γυνή.
1927 3320 2031 3374 Ἐν

453 3410 535 3480 τῷ
562 3412 773 3467 δοῦναι
806 3412 1027 3480 Κύριον
1057 3407 1171 3477 τὴν
1211 3408 1450 3462 κοιλίαν
1480 3420 1597 3460 σου
1629 3404 2031 3475 ἐμπεπρισμέ-

454 3514 590 3565 νην,
613 3496 711 3551 καὶ
735 3488 1144 3550 εἰσελεύσεται
1166 3492 1231 3546 τὸ
1251 3492 1408 3560 ὕδωρ
1423 3491 1486 3544 τὸ
1512 3489 2032 3559 ἐπικατηραμένον

454 3580 663 3650 πρῖσαι
701 3578 816 3646 τὴν
842 3576 1102 3648 γαστέρα
1143 3590 1279 3629 σου.
1313 3573 1421 3628 Καὶ
1455 3573 1581 3640 ἐρεῖ
1613 3574 1651 3642 ὴ
1686 3573 1840 3641 γυνή
1860 3589 1874 3603 ⁸
1917 3572 2031 3626 Γέ-

453 3681 642 3725 νοιτο,
691 3662 942 3731 γένοιτο.
996 3658 1106 3714 Καὶ
1138 3658 1330 3723 ἕσται,
1389 3658 1497 3713 ὲίιν
1538 3652 1581 3729 ᾖ
1626 3658 2027 3727 μεμιασμένῃ,

454 3747 869 3802 εἰσελεύσεται
916 3742 982 3797 τὸ
1037 3742 1193 3811 ὕδωρ
1223 3742 1329 3796 τοῦ
1376 3741 1655 3810 ἐλεγμοῦ,
1694 3741 1795 3795 καὶ
1826 3743 2030 3810 πρίσει

453 3832 571 3901 τὴν
602 3831 840 3885 κοιλίαν
866 3826 1079 3897 αὐτῆς,
1132 3825 1232 3880 καί
1276 3824 1450 3879 ἐσται
1478 3827 1516 3894 η
1551 3824 1705 3895 γυνὴ
1739 3827 1827 3892 εἰς
1852 3826 2026 3895 ἀράν.

464 3914 608 3970 Ἐὰν
637 3913 705 3968 δὲ
746 3913 831 3983 μὴ
857 3910 1084 3982 μιανθῇ
1122 3911 1161 3979 νή
1208 3910 1388 3979 γυνὴ,
1416 3907 1578 3974 ἀθῴα
1600 3909 1773 3965 ἔσται
1805 3912 1903 3966 καὶ
1929 3914 2030 3968 ἐκ·

453 3996 809 4069 σπερματιεῖ
860 3995 1119 4065 σπέρμα.
1180 3994 1332 4049 Ἐπεὶ
1382 3990 1475 4048 οὖν
1516 3996 1597 4058 εἰς
1653 3996 2029 4067 αἰχμαλωσίαν

452 4084 794 4139 ἀπελθόντων
822 4081 1031 4145 αὐτῶν,
1075 4079 1227 4133 οὐδὲν
1275 4079 1476 4133 τούτων
1507 4078 1760 4148 γενέσθαι
1805 4081 2030 4139 δυνατὸν

450 4165 539 4236 ἦν,
565 4167 688 4221 οὔτε
722 4167 816 4220 τοῦ
856 4163 984 4219 ναοῦ
1020 4165 1194 4228 ὄντος,
1234 4163 1358 4216 οὔτε
1389 4162 1484 4216 τοῦ
1523 4163 1708 4234 βωμοῦ
1728 4207 1742 4233 ,
1774 4164 1898 4219 οὔτε
1927 4167 2028 4238 τῆς

454 4251 679 4322 σκηνῆς,
738 4249 861 4303 οὕτε
919 4250 1020 4320 τῆς
1074 4248 1263 4312 θυσίας
1296 4247 1729 4319 ἀναφερομένης,
1788 4249 2028 4305 ἀπειλῶν

452 4334 635 4405 ἔλεγεν
657 4349 669 4361 ·
710 4335 831 4387 Οὐκ
884 4330 1289 4401 ἐπισκέψομαι
1321 4331 1426 4398 τὰς
1464 4330 2024 4404 θυγατέραςὺμῶν,

450 4418 600 4474 ὅταν
645 4418 1058 4489 πορνεύσωσι,
1101 4416 1199 4471 καί
1228 4416 1335 4483 τὰς
1378 4417 1618 4486 νύμφας
1649 4413 1836 4486 ὑμῶν,
1883 4418 2029 4472 ὅταν

445 4523 546 4576 μοι
552 4503 875 4571 χεύσωσιν.

523 4587 588 4655 β’.
607 4585 767 4657 Ὁρᾷς
795 4584 900 4637 ἀπὸ
914 4583 1006 4637 τοῦ
1022 4583 1188 4637 τόπου
1213 4584 1309 4653 τὴν
1341 4585 1492 4655 ἰσχὺν
1514 4583 1704 4654 ἔχοντα
1718 4585 1807 4638 τὸν
1830 4586 2023 4658 νόμους

451 4671 575 4723 Ὅτι
598 4668 654 4722 δὲ
675 4667 798 4721 οὔτε
825 4666 917 4720 τὸν
945 4667 1096 4734 ἱερέα
1124 4666 1347 4720 δυνατὸν
1376 4663 1537 4733 εἶναι,
1571 4667 1668 4737 τῆς
1701 4668 1905 4732 πόλεως
1927 4669 2027 4723 οὐκ

448 4752 637 4823 οῦσης,
661 4751 818 4822 δῆλον
843 4751 907 4803 ἐκ
943 4748 1155 4802 τούτου.
1196 4748 1405 4820 Ὥσπερ
1438 4748 1546 4820 γὰρ
1573 4749 1798 4819 βασιλέα
1839 4751 2025 4805 ού-δυ-

448 4838 609 4893 νατὸν
645 4831 808 4899 εἶναι,
843 4831 999 4905 [τῶν]
1038 4832 1412 4903 στρατοπέδων
1449 4833 1548 4885 οὐκ
1589 4833 1779 4898 ὅντων,
1811 4834 1872 4887 οὐ
1905 4835 2024 4889 δια-

446 4922 509 4994 δή
518 4935 705 4992 ματος,
731 4918 826 4989 οὐχ
853 4914 1189 4986 ἀλουργίδος,
1214 4915 1275 4967 οὐ
1302 4914 1410 4968 τῶν
1447 4915 1622 4970 ἄλλων
1650 4917 1757 4970 τῶν
1785 4918 1885 4981 τὴν
1925 4916 2025 4988 βα-

452 5004 656 5058 σιλείαν
691 4997 1167 5073 συγκροτούντωνο
1219 4997 1393 5062 οὕτως
1440 4999 1563 5053 οὐδὲ
1622 5000 1771 5073 ἱερέα
1799 5001 2024 5058 δυνατὸν

449 5084 609 5151 εἶναι,
644 5085 834 5148 θυσίας
875 5081 1245 5155 ἀνῃρημένης,
1266 5085 1581 5154 προσφορᾶς
1612 5084 2019 5159 κεκωλυμένης,

444 5172 551 5225 τῶν
581 5170 750 5239 ἁγίων
773 5166 1197 5238 πεπατημένων,
1218 5164 1310 5220 τοῦ
1339 5167 1617 5237 σχήματος
1650 5168 1850 5231 παντὸς
1881 5170 2026 5240 ἠφα-

442 5253 733 5325 νισμένου·
765 5254 799 5322 ἡ
832 5250 941 5323 γάρ
973 5250 1239 5323 ἱερωσύνη
1298 5253 1357 5305 ἐν
1410 5250 1619 5318 τούτοις
1674 5254 1878 5308 ἅπασιν
1927 5252 2017 5327 ἦν.

446 5341 644 5410 Ἤρκει
671 5336 769 5408 μὲν
800 5331 892 5390 οὖν
912 5377 926 5399 ,
965 5335 1102 5407 ὅπερ
1132 5334 1304 5406 ἔφθην
1333 5334 1524 5399 εἰπὼν,
1574 5337 1711 5407 πρὸς
1749 5336 2022 5405 ἀπόδειξιν

448 5423 575 5495 ημῖν
610 5421 705 5475 τοῦ
744 5421 880 5490 μήτε
910 5418 1136 5485 θυσίας,
1186 5420 1325 5492 μήτε
1374 5420 1823 5494 ὁλοκαυτώματα,
1883 5425 2022 5497 μήτε

448 5506 571 5569 τοὺς
620 5503 842 5568 λοιποὺς
886 5502 1227 5575 καθαρμοὺς,
1266 5504 1403 5576 μήτε
1459 5504 1588 5561 ἄλλο
1624 5505 1778 5580 [664]
1826 5524 1880 5562 τι
1915 5509 2019 5581 τῆς

492 5735 537 5764 ⁷³
556 5733 656 5785 Alii
676 5732 850 5796 ἐπιχέοι
867 5739 920 5783 et
940 5735 1169 5793 ἐπιθήσει.

1182 297 1239 352 s.
1282 295 1567 352 JOANNIS
1600 284 2097 352 tunvsoswm
2133 294 2459 352 ARCIHEP.
2502 295 3054 356 CONSTANTINOP.
3590 307 3675 371 θη

2155 402 2453 488 Ἰουδαϊκῆς
2477 392 2753 470 πολιτείας
2781 407 3069 479 ἐπανήξειν
3089 426 3101 439 ·
3149 408 3333 463 λοιπὸν
3371 410 3402 480 ή
3440 414 3678 488 ἀπόδειξις

2138 485 2231 539 τοῦ
2280 487 2482 569 μηκέτι
2520 490 2817 558 στήσεσθαι
2859 491 2951 547 τὸν
2990 491 3138 547 ναόν.
3192 493 3400 567 Ὥσπερ
3447 501 3548 569 γὰρ

2138 569 2291 653 ὄντος
2315 568 2508 622 τούτου
2543 571 2640 623 νῦν
2667 572 2843 626 πάντα
2871 573 3163 645 ἀνῄρηται,
3193 576 3298 629 κᾶν
3322 577 3446 651 δοκῇ
3480 568 3529 637 τί
3554 585 3681 653 γίνε-

2140 651 2286 712 σθαι,
2318 653 2652 723 παρανόμως
2680 654 2942 725 τολμᾶται
2962 673 2977 687 ·
3002 655 3174 721 οὕτως
3211 651 3574 730 ἀποδείξαντος
3600 668 3681 723 τοῦ

2138 734 2297 822 λόγου
2324 738 2407 791 ὅτι
2445 737 2700 822 οὐδέποτε
2731 739 2984 812 ἐπανήξει
3011 741 3149 812 πρὸς
3187 740 3250 795 τὸ
3273 744 3467 799 οἰκεῖον
3499 750 3681 822 σχῆμα,

2139 820 2362 903 κάκεῖνο
2406 821 3016 889 συναποδέδεικται,.ὄτι
3054 823 3180 878 οὔτε
3225 826 3258 897 ἡ
3300 820 3684 903 λοιπὴ,λατρεία

2139 902 2274 988 πρὸς
2299 904 2399 988 τὴν
2424 904 2699 977 προτέραν
2734 906 2993 979 ἐπανήξει
3022 910 3357 963 κατάστασιν
3386 902 3682 988 πάλιν,ίούχ

2140 987 2317 1052 ἱερεὺς
2363 987 2517 1040 ἔσται
2562 1007 2681 1055 τις,
2714 992 2776 1044 οὐ
2824 991 3095 1061 βασιλεύς.
3127 994 3191 1046 Εἰ
3221 994 3330 1064 γὰρ
3368 998 3476 1059 τοῖς
3517 1000 3576 1050 ἐκ
3602 987 3685 1053 τοῦ

2138 1069 2450 1141 σπέρματος
2477 1073 2674 1139 αὐτῶν,
2716 1074 2818 1128 κᾶν
2837 1092 2922 1140 τις
2943 1071 3013 1148 ἦν
3043 1076 3152 1130 τῶν
3184 1077 3574 1147 ἰδιωτευόντων,
3599 1084 3685 1137 οὐκ

2137 1153 2318 1220 ἐφεῖτο
2331 1154 2462 1222 γοῦν
2487 1154 2771 1226 λατρεύειν
2790 1157 3122 1227 ἀλλογενέσι,
3134 1159 3315 1230 πολλῷ
3334 1161 3526 1230 μᾶλλον
3544 1164 3687 1218 αὐτὸν

2135 1235 2227 1288 τὸν
2263 1236 2486 1306 βασιλέα
2516 1240 2837 1294 ὑποκεῖσθαι
2869 1240 3096 1312 ἑτέροις,
3136 1241 3294 1311 θέμις
3327 1244 3426 1297 οὑκ
3447 1240 3529 1318 ἦν.
3559 1247 3691 1316 Πλὴν

2137 1318 2253 1372 ἀλλ’
2281 1320 2468 1393 ἐπειδὴ
2490 1320 2640 1391 ἀγὼν
2669 1325 2801 1394 ημῖν
2823 1325 2938 1376 ἐστι
2965 1324 3061 1377 καὶ
3090 1325 3313 1396 σπουδὴ,
3343 1327 3443 1380 οὐκ
3472 1328 3687 1392 ἐκείνους

2137 1404 2487 1476 ἐπιστομίσαι
2545 1407 2729 1478 μόνον,
2776 1406 2915 1461 ἀλλά
2942 1408 3037 1462 καὶ
3066 1407 3164 1479 τὴν
3191 1409 3464 1481 ὑμετέραν
3489 1412 3691 1483 ἀγάπην

2139 1488 2380 1556 σοφίσαι,
2409 1489 2541 1560 φέρε
2559 1489 2719 1543 τοῦτο
2743 1490 2874 1543 αὐτὸ
2906 1490 3169 1561 ἑτέρωθεν
3191 1492 3572 1564 ἀποδείξωμεν,
3592 1489 3691 1548 οἷον

2137 1571 2219 1623 ὅτι
2240 1573 2335 1624 καὶ
2362 1572 2432 1626 τὰ
2464 1573 2575 1628 τῶν
2606 1573 2829 1638 θυσιῶν,
2859 1573 2953 1627 καὶ
2990 1572 3058 1627 τά
3085 1574 3186 1644 τῆς
3216 1576 3511 1647 ἱερωσύνης
3532 1577 3692 1630 αὐτῶν

2138 1654 2433 1721 πέπαυται,
2449 1655 2528 1719 ὡς
2560 1655 2759 1727 μηκέτι
2788 1655 2951 1709 πάλιν
2980 1656 3297 1711 ἐπανελθεῖν
3314 1658 3408 1710 ἐπὶ
3430 1659 3489 1711 τὸ
3514 1660 3689 1730 πρότε-

2141 1753 2231 1806 ρον
2274 1735 2414 1801 ἔθος.
2470 1738 2566 1802 Τίς
2607 1734 2702 1792 οὖν
2732 1739 2904 1793 ταῦτά
2949 1756 3147 1811 φησιν;
3191 1741 3250 1794 ’0
3282 1739 3581 1812 θαυμαστὸς
3608 1743 3693 1797 καὶ

2141 1820 2314 1890 μέγας
2340 1821 2626 1892 προφήτης
2660 1823 2841 1875 Δαυῖδ.
2874 1817 3043 1886 Οὗτος
3069 1824 3178 1895 γὰρ
3201 1824 3381 1896 δηλῶν
3407 1826 3483 1879 ὅτι
3512 1826 3692 1880 θυσιῶν

2135 1907 2168 1975 ἡ
2211 1905 2307 1975 μὲν
2335 1903 2692 1959 ἐκϐάλλεσθαι
2725 1905 2928 1975 μέλλει,
2975 1908 3009 1978 ή
3050 1907 3108 1960 δὲ
3159 1908 3497 1978 εἰσάγεσθαι,
3539 1908 3692 1973 οὕτως

2137 1985 2319 2055 ἐλεγε-
2350 1987 2559 2041 naua
2586 1986 2902 2057 ἐποίησας,
2951 1989 3269 2059 σὺ,’Κύριε
3320 1995 3356 2046 ό
3401 1993 3540 2059 Θεός
3564 2009 3689 2063 μου,

2135 2071 2208 2123 τὰ
2241 2069 2545 2140 θαυμάσια
2560 2088 2696 2136 σου,
2732 2073 2832 2125 καί
2870 2072 2999 2140 τοῖς
3023 2073 3436 2145 διαλογισμοῖς
3461 2090 3572 2130 σου
3595 2078 3693 2130 οὐκ

2134 2153 2269 2207 ἐστι
2309 2156 2401 2220 τίς
2439 2154 2870 2223 ὁμοιωθήσεται
2892 2171 2990 2210 σοι
3010 2172 3024 2187 ⁸
3067 2157 3409 2229 ἀπήγγειλα
3440 2160 3534 2214 καὶ
3565 2159 3693 2213 ὲλὰ-

2135 2241 2323 2305 λησα.
2353 2239 2496 2310 Ὅρα
2519 2239 2713 2308 σοφίαν
2743 2243 3046 2311 προφήτου.
3078 2241 3287 2307 Εἰπὼν,
3319 2244 3523 2298 Πολλὰ
3550 2244 3695 2298 ἐποί-

2139 2338 2294 2391 ησας
2330 2320 2410 2375 σὺ
2433 2365 2447 2387 ,
2486 2323 2664 2390 Κύριε
2702 2326 2735 2376 ὀ
2766 2324 2911 2390 Θεός
2942 2342 3085 2393 μου,
3128 2326 3200 2379 τὰ
3225 2326 3530 2396 θαυμάσια
3569 2344 3692 2393 σου,

2134 2406 2229 2459 καὶ
2267 2404 2564 2473 ἐκπλαγεὶς
2608 2405 2707 2476 τὴν
2738 2405 2833 2459 τοῦ
2860 2406 2993 2459 Θεοῦ
3030 2407 3509 2481 θαυματουργίαν,
3559 2410 3697 2463 οὐδὲν

2137 2489 2265 2559 περὶ
2291 2488 2391 2558 τῆς
2413 2487 2699 2561 ὁρωμένης
2733 2490 2865 2560 ἡμῖν
2896 2489 3204 2559 διαλέγεται
3243 2494 3508 2557 κτίσεως,
3549 2493 3694 2565 ούραο

2134 2573 2226 2628 νοῦ
2248 2573 2340 2627 καὶ
2365 2573 2467 2643 γῆς
2500 2574 2597 2627 καὶ
2630 2572 2901 2644 θαλάττης
2939 2575 3035 2628 καί¹
3069 2573 3262 2640 ὓδατος
3291 2578 3412 2643 ,καὶ
3439 2577 3620 2649 πυρὸς,
3641 2576 3696 2629 οὐ

2136 2657 2266 2728 περὶ
2293 2657 2402 2711 τῶν
2439 2657 2559 2709 κατ’
2589 2657 2865 2724 Αἴγυπτον
2896 2657 3203 2729 γενομένων
3224 2660 3543 2732 παραδόξων
3566 2660 3697 2713 ἐκεί·-

2136 2753 2247 2793 νων
2283 2738 2599 2811 θαυμάτων,
2637 2741 2697 2792 οὐ
2732 2741 2862 2811 περὶ
2894 2740 3070 2795 ἄλλων
3116 2742 3279 2797 τινῶν
3321 2743 3570 2799 τοιούτων
3608 2760 3697 2812 ση-

2139 2816 2326 2893 μείων,
2351 2822 2487 2876 ἀλλά
2515 2822 2641 2876 τίνα
2666 2825 2799 2893 φησὶ
2834 2824 3122 2896 θαυμαστά
3146 2822 3320 2892 εἴναι;
3359 2827 3582 2882 Θυσίαν
3608 2822 3696 2880 καί

2137 2907 2166 2947 1³
2191 2907 2549 2976 προσφορὰν
2572 2909 2684 2961 οὐκ
2708 2907 3038 2978 ἠθέλησας.
3073 2909 3138 2964 Τί
3170 2909 3390 2980 λέγεις;
3429 2911 3547 2964 εἰπέ
3582 2922 3697 2982 μοι’

2130 2989 2293 3044 τοῦτό
2313 2992 2430 3043 ἐστι
2447 2989 2508 3044 τὸ
2532 2991 2833 3062 παράδοξον
2860 2995 2956 3046 καὶ
2979 2994 3328 3065 θαυμαστόν;
3358 2994 3511 3064 Οὐχὶ,
3529 2990 3698 3062 φησίνο

2132 3073 2195 3126 οὐ
2226 3072 2335 3145 γὰρ
2360 3072 2424 3144 δὴ
2449 3072 2608 3128 τοῦτο
2631 3075 2790 3145 μόνον
2806 3071 3116 3143 εἷδεν,ἀλλά
3137 3079 3500 3151 προφητικοῖς
3513 3075 3700 3130 ἀνωθεν

2134 3156 2469 3228 καταμαθὼν
2497 3156 2796 3230 ὀφθαλμοῖς
2820 3159 2920 3230 τὴν
2968 3160 3077 3213 τῶν
3124 3160 3302 3215 ἐθνῶν
3333 3159 3699 3231 προσαγωγὴν,

2082 3308 2090 3315 1
2134 3241 2230 3294 καὶ
2256 3240 2372 3305 πῶς
2386 3241 2435 3294 οἱ
2453 3238 2566 3306 τοῖς
2584 3241 2725 3306 θεοῖς
2747 3242 3180 3315 προσηλωμένοι,
3209 3245 3311 3298 κα)⁵
3326 3244 3701 3316 θεραπεύοντες

2134 3323 2338 3390 λίθους,
2394 3326 2489 3381 καὶ
2541 3324 2651 3379 τῶν
2711 3325 2923 3395 ἀλόγων
2980 3326 3316 3400 ἀθλιώτερον
3364 3328 3702 3399 διακείμενοι,

2135 3407 2397 3480 ἐξαίφνης
2426 3408 2747 3480 ἀνέϐλεψαν,
2789 3411 2884 3464 καὶ
2908 3411 2999 3464 τὸν
3031 3411 3139 3465 τῶν
3169 3412 3431 3468 ἁπάντων
3476 3413 3703 3481 ἐπέγνω-

2138 3507 2238 3545 σαν
2253 3491 2552 3564 Δεσπότην,
2578 3493 2673 3545 καὶ
2692 3491 2790 3563 τὴν
2809 3493 3013 3564 μιαρὰν
3038 3493 3148 3548 τῶν
3168 3495 3446 3567 δαιμόνων
3467 3494 3704 3568 λατρείαν

2136 3574 2390 3644 ἀφέντες,
2450 3573 2704 3646 καθαρῶς
2738 3577 2834 3630 καὶ⁵
2883 3577 3156 3648 ἀναιμωτὶ
3200 3579 3298 3634 τὸν
3355 3581 3487 3635 Θεὸν
3528 3578 3706 3652 ἐθερά-

2136 3675 2329 3712 πευον
2365 3657 2459 3711 καὶ
2507 3657 2589 3711 ἔτι
2615 3659 2842 3714 συνιδὼν
2864 3661 2945 3715 ὅτι
2982 3663 3085 3716 οὐκ
3124 3664 3328 3718 ἐκεῖνοι
3363 3666 3544 3736 μόνον,
3583 3661 3707 3717 ἀλλὰ

2137 3742 2303 3796 καὶοί
2342 3741 2586 3796 Ἰουδαῖοι
2613 3744 2665 3797 οί
2716 3744 3070 3815 ἀτελέστερον
3096 3746 3464 3820 διακείμενοι,
3503 3748 3597 3821 τὴν
3626 3747 3708 3801 διὰ

2137 3826 2335 3882 θυσιῶν
2369 3825 2467 3880 καὶ
2499 3826 2968 3899 ὁλοκαυτωμάτων
3009 3831 3105 3886 καὶ
3140 3829 3249 3884 τῶν
3282 3832 3459 3887 ἄλλων
3488 3833 3590 3886 τῶν
3613 3848 3708 3884 σω-

2139 3910 2383 3987 ματικῶν
2413 3910 2646 3979 ἀφέντες
2679 3910 2997 3984 θεραπείαν,
3031 3913 3127 3967 ἐπὶ
3156 3912 3258 3986 τὴν
3319 3917 3593 3987 ἡμετέραν
3624 3914 3712 3969 καὶ

2134 3986 2280 4048 οὗτοι
2307 3994 2628 4065 φιλοσοφίαν
2655 3995 2902 4067 ήχθησαν
2920 4011 2936 4028 ’
2961 3996 3056 4051 καὶ
3070 3986 3440 4070 λογισάμενος
3469 4000 3565 4072 τὴν
3584 4000 3711 4068 ἀφα-

2133 4094 2226 4132 τον
2241 4076 2337 4131 τοῦ
2358 4076 2492 4130 Θεοῦ
2511 4077 2703 4147 φιλανθ
2711 4079 2920 4149 ρωπίαν
2939 4080 3038 4149 τὴν
3057 4080 3499 4152 ὑπερϐαίνουσαν
3510 4084 3712 4137 ἅπαντα

2134 4161 2280 4228 νοῦν,
2314 4161 2411 4216 καὶ⁵
2449 4159 2746 4230 ἐκπλαγεὶς
2768 4162 2870 4234 ὅση
2900 4160 3010 4216 τῶν
3039 4166 3390 4234 πραγμάτων
3411 4168 3600 4236 γέγονε
3625 4180 3712 4235 με·

2132 4244 2357 4316 ταϐολὴ,
2391 4245 2486 4299 καὶ
2519 4244 2635 4309 πῶς
2667 4244 2809 4299 αὐτὰ
2832 4246 3262 4319 μετερῤύθμισε,
3291 4250 3388 4303 καὶ
3403 4250 3512 4303 ἀπὸ
3531 4247 3710 4318 δαιμό-

2133 4347 2239 4385 νων
2269 4328 2536 4398 ἀγγέλους
2566 4328 2693 4392 τοὺς
2729 4327 3053 4400 ἀνθρώπους
3076 4331 3406 4402 εἰργάσατο,
3453 4333 3547 4388 καὶ
3575 4332 3712 4385 πολι-

2132 4412 2281 4467 τείαν
2349 4413 2612 4484 εἰσήγαγε
2681 4410 2790 4466 τῶν
2859 4413 3102 4482 οὐρανῶν
3171 4415 3337 4482 ἀξίαν
3400 4415 3608 4488 (ταῦτα
3656 4414 3708 4467 δὲ

2133 4496 2348 4550 ἅπαντα
2418 4496 2667 4563 ἐγένετο,
2734 4496 2837 4567 τῆς
2888 4498 3126 4562 παλαιᾶς
3169 4500 3577 4571 καταλυθείσης
3626 4497 3711 4551 θυ-

2134 4579 2295 4645 σίας,
2353 4578 2448 4632 καὶ
2518 4580 2712 4651 ἐτέρας
2771 4580 3220 4653 ἐπεισαχθείσης,
3298 4583 3404 4654 τῆς
3475 4582 3562 4636 διὰ
3622 4577 3709 4632 τοῦ

2134 4662 2386 4733 σώματος
2438 4662 2533 4716 τοῦ
2594 4664 2888 4736 Χριστοῦ),
2923 4664 3223 4732 ἐκπλαγεὶς
3276 4666 3376 4720 καὶ
3437 4664 3710 4737 θαυμάσας

2132 4745 2318 4815 ἐλεγεο
2355 4748 2563 4801 Πολλὰ
2586 4748 2885 4816 ἐποίησας
2920 4749 3024 4814 σὺ,
3051 4749 3231 4816 Κύριε
3253 4753 3288 4804 ό
3314 4752 3463 4816 Θεός
3491 4745 3712 4819 μου,τὰ

2131 4827 2433 4899 θαυμάσιά
2465 4845 2605 4884 σου.
2648 4832 2759 4885 Καὶ
2802 4832 2885 4884 ὅτι
2915 4832 2980 4884 ἐκ
3012 4831 3315 4904 προσώπου
3349 4833 3448 4887 τοῦ
3486 4826 3710 4904 Χριστοῦ

2130 4912 2228 4985 τὴν
2261 4912 2599 4984 προφητείαν
2630 4913 2833 4984 ταύτην
2857 4914 3078 4969 ἆπασαν
3113 4915 3382 4987 προλέγει
3422 4928 3473 4981 ο,
3518 4912 3709 4974 εἰπὼν,

2133 4997 2366 5051 Θυσίαν
2396 4994 2496 5049 καί
2523 4997 2881 5066 προσφορὰν
2910 5001 3021 5055 οὐκ
3061 5000 3409 5067 ἠθέλησας,
3451 5000 3709 5070 ἐπήγαγε,

2129 5078 2306 5147 Σῶμα
2342 5078 2411 5133 δὲ
2438 5080 2775 5148 κατηρτίσω
2801 5098 2940 5150 μοι·
2981 5081 3044 5134 τὸ
3070 5080 3221 5153 [665]
3258 5082 3431 5153 σῶμα
3463 5082 3631 5150 λέγων
3657 5077 3714 5132 τὸ

2129 5162 2470 5223 δεσποτικὸν,
2506 5163 2607 5234 τὴν
2650 5164 2836 5236 κοινὴν
2872 5165 3014 5236 ὑπὲρ
3047 5167 3146 5237 τῆς
3184 5166 3525 5238 οἰκουμένης
3566 5178 3711 5234 γενο-

2133 5247 2300 5317 μένην
2326 5246 2541 5311 θυσίαν,
2565 5248 2601 5319 ﬁ
2632 5247 2730 5313 τὰς
2750 5249 2930 5321 ψυχὰς
2949 5249 3107 5321 ἡμῶν
3136 5249 3470 5325 ἐξεκάθηρε,
3498 5250 3592 5305 καὶ
3616 5247 3709 5312 τὰς

2240 5500 2341 5553 Alii
2365 5503 2595 5580 σημείων,
2614 5504 2760 5580 ἀλλίἳ
2778 5505 3027 5569 θαυμαστὰ
3050 5505 3227 5570 μᾶλλόν
3248 5507 3365 5555 εἰσι·
3378 5504 3534 5554 ταῦτα
3554 5504 3713 5566 λέγων»

2129 5564 2869 5697 Ἧῖῗέξιοιῗτυᾷῗοςῖἒρολέγει,
2892 5630 3086 5697 legium:
3100 5631 3149 5697 in_
3175 5627 3492 5697 ~\'01:el.,_se_d
3512 5627 3651 5697 degat

2128 5687 2300 5736 mullis
2322 5701 2437 5754 (uss.
2476 5687 2594 5754 δαν.
2614 5687 2770 5754 gl'iam
2791 5687 3023 5754 ἄκουσον,
3049 5692 3192 5741 εἰπὼν
3220 5690 3336 5753 γάρ.
3363 5687 3515 5739 Ἰοῒη
3538 5689 3718 5750 aliquot

2129 5760 2246 5800 mss.
2268 5749 2446 5805 καὶτὰς
2465 5750 2696 5813 ἁμαρτίας
2713 5754 2960 5802 κατέδυσε.
