4046 6146
337 275 400 328 9λῖ
411 274 443 326 7

341 387 576 453 legerent
621 381 791 450 legem
816 419 830 443 ,
877 386 932 434 et
969 375 1291 430 advocarent
1333 369 1740 428 confessionem.
1781 370 1910 426 Cum

339 478 500 547 igitur
538 488 609 528 ne
645 472 746 541 legi
785 469 1000 541 quidem
1037 469 1122 523 lex
1158 465 1386 536 potuerit
1422 474 1572 519 extra
1612 463 1875 518 civitatem
1897 503 1910 524 ,

338 563 606 637 quomodo
645 564 815 632 legem
856 573 1068 615 servare
1103 564 1389 627 potuerunt
1426 564 1573 610 extra
1607 553 1914 608 civitatem?

339 655 487 714 llanc
513 657 582 711 ob
607 668 816 710 causam
858 659 912 707 ct
939 650 1188 704 minitans
1230 648 1330 701 illis
1359 647 1485 701 dicit
1509 686 1524 712 ,
1563 644 1681 698 Non
1709 644 1914 698 visitabo

339 747 475 819 filias
499 756 706 814 vestras,
737 759 851 798 cum
877 751 1110 812 stuprum
1133 737 1443 800 admiserint,
1472 752 1629 800 neque
1652 749 1806 787 nurus
1829 749 1914 786 ve-

336 855 492 908 stras,
515 856 630 894 cum
655 835 916 891 matellam:
939 834 1127 903 fuerint
1152 830 1302 902 (Osee
1349 830 1402 883 4.
1435 826 1546 897 Μ).
1577 826 1711 893 Quid
1737 833 1912 878 autem

340 935 439 990 hoc
467 931 594 986 est?
624 929 858 984 Recitata
887 926 1054 982 veleri
1091 925 1208 994 lege
1236 923 1470 977 conabor
1511 919 1661 974 vobis
1693 919 1914 973 reddere

337 1021 638 1078 dilucidius.
685 1019 813 1086 Quae
855 1017 1014 1087 igitur
1058 1015 1143 1069 illa
1190 1013 1312 1068 lex?
1353 1012 1415 1066 Si
1452 1011 1669 1075 mulier,
1710 1010 1910 1079 inquit,

337 1111 667 1184 prmaricata
697 1109 845 1180 fuerit
870 1124 901 1160 a
925 1107 1030 1160 viro
1057 1121 1171 1172 suo,
1202 1119 1411 1173 eumque
1435 1103 1688 1194 negligens
1735 1101 1914 1170 despe-

339 1207 504 1271 xerit,
544 1201 900 1269 dormieritque
934 1197 1119 1266 aliquis
1157 1211 1273 1250 cum
1310 1195 1401 1249 illa
1437 1197 1580 1279 coitu.
1603 1193 1838 1259 seminis,
1870 1204 1916 1246 et

339 1296 540 1351 latuerit
568 1293 740 1349 oculos
770 1291 883 1355 viri,
913 1306 1002 1343 nec
1031 1288 1168 1342 testis
1193 1286 1341 1356 fuerit
1371 1285 1607 1339 adversus
1635 1283 1798 1350 illam,
1830 1301 1917 1337 nec

339 1385 491 1456 fuerit
532 1387 843 1456 deprehensa
876 1398 895 1437 :
923 1399 984 1435 ac
1008 1397 1161 1451 super
1181 1379 1347 1449 ipsum
1377 1377 1577 1449 quidem
1604 1377 1787 1430 venerit
1813 1379 1918 1446 spi-

338 1480 465 1532 ritus
489 1476 771 1547 zelotypiaa,
797 1475 909 1544 ipsa
931 1489 1047 1527 vero
1073 1488 1170 1524 non
1202 1471 1349 1542 fuerit
1375 1471 1710 1522 contaminata
1731 1469 1912 1539 (Nunt.

336 1573 392 1627 5.
424 1571 511 1627 12.
541 1570 652 1639 14).
694 1569 892 1623 Sensus
923 1566 1112 1620 horum
1141 1563 1423 1618 verborum
1452 1562 1538 1616 hic
1563 1570 1643 1616 est
1673 1579 1686 1616 :
1716 1560 1768 1616 Si
1797 1578 1916 1616 mu-

338 1668 456 1731 lier,
487 1663 680 1734 inquit,
711 1661 972 1716 mmchata
1000 1658 1178 1722 fuerit,
1206 1667 1260 1713 et
1285 1656 1368 1710 vir
1393 1655 1582 1709 habeat
1604 1655 1747 1708 illam
1769 1654 1916 1708 adul-

343 1759 460 1814 terii
503 1765 801 1826 suspectam
827 1794 842 1818 ,
873 1761 964 1806 aut
1003 1766 1111 1806 non
1152 1749 1312 1805 fuerit
1352 1748 1612 1804 moechata
1638 1791 1652 1814 ,
1697 1748 1790 1804 sed
1831 1748 1917 1803 ille

339 1851 634 1920 suspicetur
659 1866 673 1902 :
695 1855 750 1902 et
776 1847 820 1902 si
850 1860 954 1900 non
993 1843 1153 1899 fuerit
1189 1843 1372 1909 testis,
1412 1856 1510 1896 nec
1549 1851 1732 1896 uterus
1762 1856 1915 1896 coar-

337 1959 505 2014 guens
537 1960 551 1996 :
581 1941 739 1995 Ducet
757 1982 772 2007 ,
801 1939 1004 2009 inquit,
1033 1937 1176 1992 illam
1203 1935 1272 1991 ad
1295 1937 1601 1990 sacerdotem
1625 1977 1639 2004 ,
1671 1945 1716 1989 et
1742 1934 1915 2002 oderat

336 2037 526 2088 donum
552 2032 711 2100 illius,
742 2031 1069 2086 hordeaceam
1095 2029 1313 2099 farinam
1342 2026 1541 2098 (Nam.
1570 2027 1624 2082 5.
1654 2026 1782 2096 15).
1807 2025 1917 2081 Cur

342 2128 414 2180 ita
457 2124 671 2179 tandem
707 2137 815 2177 non
855 2121 1183 2191 siligineum,
1217 2134 1322 2174 non
1351 2117 1610 2173 triticeam
1653 2117 1910 2184 farinam,

337 2216 436 2271 sed
465 2215 854 2270 hordeaceam?
877 2213 1137 2280 Quoniam
1164 2211 1218 2266 id
1245 2211 1386 2282 quod
1411 2209 1715 2281 gerebatur,
1746 2211 1916 2267 luctus

334 2318 451 2364 erat
474 2349 487 2375 ,
519 2319 573 2364 et
601 2308 860 2365 incusatio
885 2308 1221 2378 suspicioque
1249 2321 1408 2377 prava
1427 2347 1441 2371 ,
1475 2303 1642 2359 forma
1669 2305 1914 2361 sacrificii

333 2401 679 2457 domesticam
699 2401 1051 2457 calamitatem
1081 2400 1403 2466 imitabatur,
1424 2413 1593 2470 eoque
1613 2399 1770 2454 dicit:
1793 2398 1914 2454 Non

330 2491 560 2558 effundes
599 2508 748 2562 super
787 2491 931 2545 illam
967 2491 1167 2558 oleum,
1211 2505 1369 2560 neque
1408 2491 1632 2559 impones
1669 2489 1749 2543 illi
1777 2489 1910 2544 llius.

328 2581 530 2638 Deinde
567 2584 730 2653 (nam
755 2581 1154 2637 contrahendus
1181 2590 1262 2636 est
1286 2579 1502 2651 sermo)
1529 2579 1742 2634 adducet
1771 2581 1913 2634 illam

332 2676 580 2730 sacerdos
627 2685 898 2747 sumetque
912 2690 1091 2744 puram
1115 2689 1298 2742 aquam
1324 2674 1376 2726 in
1402 2688 1516 2727 vase
1539 2673 1684 2740 ﬁctili
1706 2718 1721 2740 ,
1753 2684 1798 2727 et
1827 2691 1914 2728 su-

330 2774 430 2818 met
447 2765 508 2818 de
530 2774 682 2831 terra,
703 2780 816 2836 qua:
833 2775 903 2820 est
918 2765 970 2818 in
997 2765 1296 2833 pavimento,
1319 2774 1664 2834 sumptumque
1684 2766 1833 2836 conjit
1847 2766 1914 2820 iet

332 2856 384 2909 in
415 2871 598 2925 aquam
619 2896 634 2920 ,
662 2864 940 2924 statuatque
967 2854 1223 2910 mulierem
1249 2897 1264 2922 ,
1297 2866 1342 2908 et
1372 2856 1628 2924 adjurabit
1658 2857 1798 2910 illam
1822 2900 1836 2922 ,
1866 2867 1914 2911 et

332 2941 460 2998 dicet
483 2962 501 2998 :
520 2946 566 3000 si
593 2963 690 3000 non
717 2964 768 3001 es
821 2956 1150 3017 transgressa,
1174 2963 1264 3000 nec
1289 2947 1483 3017 polluta
1507 2949 1611 3002 viro
1639 2957 1744 3011 tuo,
1772 2949 1913 3003 salva

331 3040 435 3088 esto
461 3036 522 3088 ab
551 3053 682 3105 aqua
709 3036 1098 3107 redargutionis.
1148 3036 1294 3101 Quod
1334 3037 1377 3089 si
1417 3047 1726 3108 transgressa
1764 3055 1816 3092 es
1853 3056 1912 3092 ac

332 3128 547 3196 polluta,
567 3137 610 3181 et
633 3129 813 3198 aliquis
836 3139 994 3182 tecum
1015 3128 1278 3182 concubuit
1294 3138 1474 3198 prwter
1493 3133 1726 3182 maritum
1748 3141 1905 3195 tuum,

331 3221 414 3274 det
435 3219 682 3272 Dominus
709 3229 757 3272 te
777 3219 828 3272 in
851 3221 1235 3273 exsecrationem
1257 3236 1316 3271 nc
1336 3219 1706 3274 detestationem
1731 3222 1783 3273 in
1803 3238 1904 3274 me-

327 3311 413 3363 dio
433 3308 609 3380 populi
631 3309 734 3379 (Ib.
755 3326 801 3363 υ.
831 3311 918 3364 15.
947 3309 1099 3379 sqq.).
1121 3309 1259 3376 Quid
1287 3317 1388 3376 est,
1413 3309 1464 3363 in
1482 3311 1900 3365 exsecrationem

331 3411 392 3455 ac
419 3400 864 3456 detesmtionem?
896 3400 961 3455 Ut
991 3401 1200 3466 dicant,
1232 3415 1298 3454 ne
1337 3401 1468 3454 mihi
1502 3401 1736 3465 accidat,
1767 3402 1908 3471 quod

330 3493 521 3546 accidit
548 3491 623 3545 illi
649 3492 854 3546 mulieri
889 3509 902 3544 :
935 3490 1002 3546 Ut
1041 3491 1217 3545 reddat
1249 3490 1499 3545 Dominus
1540 3501 1732 3545 uterum
1769 3503 1910 3547 tuum

330 3585 618 3653 diruptam,
651 3594 697 3637 et
739 3583 1045 3654 ingredietur
1085 3601 1216 3654 aqua
1253 3594 1543 3650 exsecrata,
1569 3595 1624 3639 ut
1652 3586 1908 3657 dirumpat

333 3685 546 3729 rentrem
575 3685 736 3739 tuum,
763 3685 808 3728 et
835 3676 964 3728 dicet
984 3676 1183 3742 mulier,
1215 3676 1325 3743 ﬁat,
1355 3677 1465 3744 ﬁat.
1496 3677 1565 3728 Et
1583 3677 1696 3740 erit,
1727 3678 1770 3730 si
1798 3682 1908 3748 fue-

332 3769 391 3820 rit
421 3769 634 3836 polluta,
666 3767 973 3838 ingredietur
999 3783 1132 3837 aqua
1157 3767 1553 3838 redargutionis,
1585 3778 1630 3821 et
1657 3769 1908 3840 dirumpct

332 3870 549 3914 ventrem
576 3861 714 3913 illius
739 3901 753 3925 ,
785 3868 830 3912 et
856 3860 951 3914 erit
979 3860 1161 3914 mulier
1187 3860 1522 3914 exsecrabilis.
1559 3861 1708 3927 Quod
1735 3863 1780 3916 si
1807 3879 1907 3917 non

332 3953 484 4021 fuerit
512 3951 706 4020 polluta
731 3952 912 4004 mulier
931 3990 946 4014 ,
973 3951 1066 4004 erit
1090 3951 1306 4005 innocua
1323 3993 1338 4019 ,
1367 3959 1414 4004 et
1435 3952 1798 4020 proseminabit
1824 3970 1906 4007 se-

331 4059 441 4096 men
465 4041 619 4113 (Ib.).
638 4042 896 4108 Quoniam
923 4043 1077 4112 igitur
1099 4059 1218 4098 cum
1248 4044 1300 4098 in
1317 4044 1671 4114 captivitatem
1694 4045 1904 4105 abducti

331 4143 510 4189 essent
535 4174 550 4199 ,
581 4133 712 4187 nihil
743 4134 931 4188 horum
963 4135 1073 4190 ﬁeri
1108 4145 1348 4204 poterat,
1380 4153 1500 4192 cum
1530 4152 1628 4192 nec
1653 4138 1906 4206 templum

331 4236 476 4281 esset
504 4241 603 4280 nec
629 4241 720 4280 ara
743 4269 756 4292 ,
789 4241 888 4281 nec
917 4227 1308 4281 tabernaculum
1337 4228 1592 4284 haberent
1618 4244 1719 4284 nec
1746 4229 1907 4284 oll‘er-

331 4327 520 4372 rentur
548 4317 732 4372 hostire
762 4335 774 4370 :
805 4317 1061 4372 Dominus
1088 4320 1416 4374 comminans
1444 4320 1575 4374 dixit
1599 4339 1611 4374 :
1637 4321 1761 4374 Non
1787 4323 1907 4375 eisi-

329 4407 444 4461 tabo
472 4407 607 4476 ﬁlias
633 4417 853 4473 vestras,
885 4423 997 4460 cum
1021 4419 1250 4476 stuprum
1274 4410 1564 4464 admiserint
1591 4428 1610 4464 :
1635 4429 1721 4464 nec
1749 4429 1907 4466 nurus

328 4511 535 4566 vestras,
560 4515 670 4552 cum
694 4499 954 4552 moecham:
977 4500 1162 4569 fuerint
1183 4499 1334 4571 (Osee
1379 4503 1431 4555 4.
1458 4504 1483 4556 1
1499 4503 1567 4570 l).

398 4594 454 4648 2.
498 4593 796 4647 Sacerdotes
824 4597 964 4660 apud
984 4591 1195 4645 Judazos
1213 4609 1316 4646 esse
1341 4610 1440 4646 non
1470 4605 1694 4663 possunt.
1717 4625 1788 4636 -——
1816 4597 1906 4650 Vi-

328 4687 425 4741 des
460 4686 630 4757 legem
671 4701 702 4740 a
743 4685 861 4740 loco
899 4684 1005 4738 vim
1045 4683 1280 4739 habere?
1316 4685 1394 4739 Ex
1433 4686 1532 4739 hoc
1570 4689 1904 4756 perspicuum

327 4786 410 4832 est
439 4792 504 4831 ne
544 4777 874 4831 sacerdotem
902 4776 1118 4846 quidem
1147 4789 1266 4830 esse
1297 4791 1450 4845 posse
1469 4817 1483 4841 ,
1516 4791 1636 4832 cum
1665 4778 1801 4833 desit
1828 4780 1907 4832 ci-

328 4869 483 4923 vitas.
515 4867 968 4936 Quemadmodum
1013 4868 1153 4922 enim
1188 4868 1300 4922 ﬁeri
1331 4883 1438 4923 non
1473 4877 1684 4938 potest,
1715 4878 1772 4924 ut
1800 4870 1902 4924 lm-

328 4967 541 5028 perator
579 4959 680 5024 sit,
713 4959 756 5012 si
787 4973 891 5012 non
921 4959 990 5013 sit
1023 4959 1286 5013 exercitus
1309 5003 1322 5025 ,
1351 4975 1455 5014 non
1495 4959 1734 5015 diadema
1756 5002 1770 5026 ,
1800 4977 1904 5016 non

328 5064 559 5119 purpura
584 5091 599 5115 ,
626 5064 730 5104 non
762 5050 863 5103 alia
903 5065 1021 5120 quae
1050 5065 1270 5120 regnum
1305 5052 1632 5105 constituunt
1660 5069 1674 5106 :
1711 5053 1779 5106 ita
1810 5068 1907 5107 nec

327 5140 596 5194 sacrificus
624 5155 741 5195 esse
766 5149 940 5212 potest
968 5141 1170 5196 sublata
1201 5142 1392 5208 hostia,
1416 5144 1576 5198 vetita
1604 5144 1900 5210 oblatione,

329 5232 527 5286 sanctis
548 5233 887 5299 conculcatis,
917 5242 1026 5286 toto
1052 5249 1226 5288 rerum
1257 5243 1394 5288 statu
1421 5235 1637 5289 abolito.
1665 5235 1794 5290 Nam
1823 5237 1904 5290 his

329 5322 488 5377 rebus
519 5325 794 5378 constabat
823 5323 1194 5378 sacerdotium.
1229 5323 1536 5380 Sufﬁciebat
1566 5326 1722 5396 igitur
1751 5327 1903 5381 nobis

323 5414 388 5466 ad
421 5414 803 5482 probationem,
829 5425 885 5468 ut
910 5415 1036 5480 dixi,
1065 5416 1206 5484 quod
1232 5432 1402 5486 neque
1429 5417 1705 5484 sacrificia,
1730 5434 1902 5487 neque

324 5486 747 5560 hoiocautomala
772 5545 785 5570 ,
820 5520 988 5575 neque
1015 5507 1229 5576 reliqua:
1267 5508 1658 5577 purificationes
1678 5551 1692 5575 ,
1729 5525 1899 5580 neque

324 5608 580 5666 pra'lerca
629 5599 913 5670 quidquam
958 5600 1151 5669 politiae
1202 5600 1438 5656 Judaicae
1478 5602 1767 5657 rediturum
1807 5604 1896 5658 sit.

319 5689 629 5760 Supererat,
650 5702 704 5745 ut
730 5691 1182 5748 demonstraretur
1209 5709 1494 5763 numquam
1529 5693 1642 5750 fore
1674 5703 1731 5750 ut
1761 5705 1894 5750 tem-

1543 258 1904 316 ADVERSUS
1941 257 2012 314 JU
2025 257 2240 314 Dz’la'OS.
2285 259 2393 314 ΥΠ.

3495 268 3598 322 918

2024 369 2164 438 plum
2206 371 2544 426 instauretur.
2587 371 2715 426 Nam
2757 375 2892 430 sicut
2936 377 3025 430 illo
3067 393 3169 432 non
3210 387 3382 435 stante
3422 381 3600 436 omnia

2021 474 2161 515 nunc
2190 471 2310 516 sunt
2340 463 2609 533 abrogata,
2643 475 2696 520 et
2724 465 2768 520 si
2795 468 2919 537 quid
2945 469 3186 525 videatur
3216 471 3328 526 fieri
3355 515 3370 539 ,
3398 472 3599 530 facinus

2019 559 2102 604 est
2132 551 2387 607 adversus
2417 553 2586 624 legem
2622 573 2633 608 :
2667 556 2734 610 ita
2764 567 3042 627 postquam
3072 559 3489 618 demonstratum
3519 575 3598 619 est

2020 658 2304 712 numquam
2339 645 2450 700 fore
2487 656 2544 699 ut
2586 648 2841 717 templum
2878 650 3061 705 redeat
3088 652 3152 706 ad
3185 654 3464 723 pristinum
3491 667 3599 712 sta-

2022 744 2130 787 tum
2155 776 2169 800 ,
2197 736 2384 790 eadem
2424 751 2584 806 Opera
2618 747 2672 793 et
2711 740 2836 795 illud
2865 741 3282 799 demonstratum
3309 756 3390 801 est
3409 789 3425 814 ,
3456 751 3599 818 quod

2021 840 2192 894 neque
2223 828 2402 882 czeteri
2433 829 2564 885 ritus
2591 840 2644 885 et
2672 834 2844 888 cultus
2873 834 2939 889 ad
2968 837 3244 905 pristinum
3274 848 3467 895 statum
3496 843 3600 898 sint

2020 916 2279 986 redituri,
2321 934 2427 974 non
2467 922 2716 978 sacerdos
2753 924 2960 982 futurus
2997 930 3295 1000 quispiam,
3339 949 3442 988 non
3482 951 3595 990 rex.

2021 1005 2233 1064 Etenim
2273 1011 2317 1065 si
2358 1028 2462 1066 non
2501 1013 2695 1070 licebat
2735 1019 2901 1074 cuivis
2929 1036 2993 1074 ex
3025 1022 3258 1091 ipsorum
3289 1029 3601 1096 cognatione

2020 1101 2260 1168 quamvis
2294 1103 2507 1172 plebeio
2530 1147 2546 1172 ,
2589 1108 2790 1163 servire
2821 1109 3132 1181 alienigenis
3158 1155 3173 1180 ,
3218 1116 3386 1171 multo
3434 1120 3602 1188 magis

2020 1189 2099 1244 fas
2129 1205 2234 1245 non
2259 1204 2372 1247 erat
2398 1194 2568 1263 ipsum
2609 1213 2787 1268 regem
2817 1201 3125 1272 alienigenis
3152 1206 3359 1276 subjici.
3403 1207 3600 1264 Verum

2020 1284 2267 1350 quoniam
2304 1285 2389 1340 hic
2422 1288 2790 1344 contendimus
2825 1305 3184 1364 conamurque
3217 1312 3324 1352 non
3359 1309 3596 1367 tantum,

2023 1381 2074 1426 ut
2107 1373 2209 1428 illis
2239 1375 2547 1433 obturemus
2573 1394 2653 1446 os,
2681 1395 2865 1435 verum
2893 1384 3050 1438 etiam
3080 1395 3136 1440 ut
3163 1397 3392 1442 vestram
3416 1393 3598 1446 carita~

2022 1471 2128 1518 tem
2155 1467 2461 1524 crudiamus
2490 1486 2503 1524 :
2532 1486 2630 1541 age
2656 1473 2756 1527 hoc
2779 1473 2951 1542 ipsum
2977 1477 3191 1533 aliunde
3211 1479 3604 1538 demonstrabi-

2026 1569 2163 1622 mus,
2191 1557 2435 1639 videlicet
2463 1562 2602 1630 quod
2631 1562 2734 1617 illis
2759 1572 2812 1618 et
2838 1566 3215 1622 sacrificiorum
3241 1579 3294 1624 ct
3317 1571 3600 1628 sacerdotii

2023 1646 2138 1699 linis
2161 1650 2246 1712 sit,
2275 1651 2408 1706 adeo
2434 1662 2490 1707 ut
2514 1670 2804 1725 numquam
2823 1660 3050 1729 amplius
3076 1660 3141 1715 ad
3173 1662 3446 1731 pristinam
3472 1679 3599 1719 con-

2020 1741 2352 1796 suetudinem
2385 1744 2499 1800 litec
2527 1747 2634 1800 sint
2659 1749 2912 1804 reditura.
2946 1751 3074 1817 Quis
3105 1754 3262 1824 igitur
3291 1755 3406 1810 haec
3429 1757 3600 1812 dicit?

2019 1831 2377 1889 Admirandus
2397 1835 2486 1891 ille
2505 1853 2568 1893 ac
2588 1855 2808 1910 magnus
2831 1843 3084 1912 propheta
3106 1845 3290 1901 David.
3314 1848 3602 1906 Declarans

2021 1920 2164 1976 enim
2209 1923 2335 1978 illud
2377 1928 2756 1983 sacrificiorum
2799 1948 2965 2002 genus
3004 1950 3122 1989 esse
3161 1937 3476 2007 ejiciendum
3500 1982 3516 2008 ,
3545 1952 3601 1997 et

2017 2012 2164 2066 aliud
2205 2015 2559 2072 inducendum
2581 2060 2595 2082 ,
2624 2021 2855 2091 loquitur
2891 2025 2941 2078 in
2974 2025 3114 2081 hunc
3143 2030 3359 2084 modum
3387 2041 3402 2085 ':
3435 2031 3602 2088 Multa

2019 2103 2182 2172 fecisti
2193 2107 2502 2173 tu,Domine
2527 2111 2840 2183 Deusmeus,
2859 2117 3107 2171 mirabilia
3138 2129 3242 2188 tua,
3269 2134 3316 2175 et
3343 2124 3600 2194 cogitatio;

2020 2197 2164 2251 nibus
2193 2201 2292 2253 tuis
2318 2217 2418 2255 non
2445 2212 2516 2256 est
2542 2205 2627 2275 qui
2651 2206 2827 2259 similis
2849 2209 2913 2262 sit
2939 2210 3027 2263 tibi
3053 2227 3071 2264 :
3097 2215 3389 2268 annuutiavi
3405 2256 3419 2278 ,
3451 2227 3499 2271 et
3525 2219 3602 2272 lo-

2020 2300 2203 2354 quutus
2221 2307 2332 2344 sum
2354 2291 2572 2362 (Psalm.
2598 2294 2685 2351 39.
2713 2297 2787 2368 6).
2815 2299 2948 2354 Vide
2971 2303 3240 2372 prophetae
3263 2308 3606 2376 sapientiam.

2022 2377 2120 2434 U‘bi
2137 2379 2374 2447 dixisset,
2393 2383 2558 2438 Multa
2575 2387 2736 2455 fecisti
2760 2399 2837 2457 tu,
2865 2390 3079 2447 Domine
3105 2394 3240 2450 Deus
3259 2415 3416 2465 meus,
3444 2404 3612 2455 mira.

2017 2468 2139 2522 bilia
2167 2479 2272 2537 tua,
2302 2475 2626 2543 stupefactus
2652 2478 3004 2563 admiratione
3029 2485 3191 2540 divini
3221 2489 3437 2556 Opificii,
3467 2493 3598 2548 nihil

2017 2559 2083 2614 de
2103 2561 2405 2619 conditione
2428 2581 2604 2622 rerum
2627 2559 2778 2626 nobis
2803 2575 3231 2647 conspicuarum,
3252 2581 3389 2648 etcli,
3416 2593 3593 2648 terra),

2018 2653 2213 2722 maris,
2243 2663 2295 2710 et
2320 2662 2471 2726 aqua:
2490 2699 2504 2725 ,
2533 2669 2586 2714 et
2613 2661 2746 2731 ignis
2767 2704 2779 2727 ,
2811 2680 2915 2718 non
2949 2666 3015 2722 de
3042 2672 3317 2738 stupendis
3344 2675 3446 2729 illis
3474 2691 3596 2744 pro~

2017 2741 2193 2812 digiis,
2217 2761 2334 2814 quae
2360 2749 2665 2805 acciderunt
2691 2753 2742 2806 in
2771 2754 3020 2826 .lEgypto,
3045 2774 3150 2814 non
3174 2761 3240 2817 de
3265 2741 3599 2820 caeteris—hn-

2014 2831 2246 2901 jnsmodi
2294 2837 2564 2893 miraculis
2591 2842 2642 2907 ι,
2674 2845 2765 2897 sed
2809 2861 2929 2914 qua:
2970 2848 3098 2903 diclt
3139 2867 3257 2906 esse
3301 2855 3598 2912 miracula?

2019 2924 2342 2992 Sacriﬁcium
2379 2937 2426 2981 et
2465 2929 2764 2986 oblationem
2805 2937 3009 2991 noluisti
3048 2939 3172 3010 (1b.
3202 2958 3250 2996 υ.
3283 2945 3377 3014 7).
3419 2947 3553 3014 Quid
3578 2990 3595 3015 ,

2017 3017 2260 3084 obsecro,
2284 3021 2457 3074 dicis?
2480 3024 2555 3077 An
2583 3025 2709 3079 illud
2734 3029 3047 3096 stupendum
3071 3042 3152 3087 est
3177 3049 3239 3089 ac
3263 3037 3597 3094 mirandum?

2015 3108 2356 3181 Nequaquam
2381 3155 2396 3180 ,
2445 3114 2645 3184 inquit;
2684 3132 2786 3170 non
2816 3120 2956 3172 enim
2987 3123 3085 3176 hoc
3112 3125 3279 3178 solum
3311 3127 3470 3194 vidit,
3503 3132 3595 3186 sed

2016 3202 2218 3256 ca'litus
2249 3203 2468 3258 edoctus
2497 3207 2855 3276 prospiciebat
2892 3213 3060 3266 oculis
3099 3216 3420 3284 prOphcticis
3452 3223 3595 3274 futu-

2017 3307 2134 3346 rum
2167 3301 2223 3346 ut
2260 3304 2444 3363 gentes
2481 3296 2902 3362 adducerentur,
2936 3309 2989 3356 ct
3028 3306 3293 3372 quomodo
3330 3311 3417 3376 qui
3451 3311 3596 3380 prius

2016 3393 2170 3437 erant
2205 3385 2402 3442 addicti
2439 3388 2540 3441 diis
2565 3429 2578 3454 ,
2621 3389 2971 3462 colehautquc
3010 3394 3246 3464 lapides,
3289 3401 3596 3458 miseriores

2014 3474 2145 3543 ipsis
2190 3477 2356 3532 brutis
2400 3491 2616 3546 repente
2644 3483 2826 3536 svisum
2869 3486 3204 3554 reciperent,
3249 3494 3594 3565 oumiumque

2017 3566 2296 3621 Dominum
2325 3580 2708 3639 agnoscerent,
2737 3588 2799 3627 ac
2837 3575 3024 3631 relicto
3054 3578 3261 3648 impuro
3289 3582 3592 3640 daemonum

2015 3659 2160 3713 cultu
2188 3674 2320 3729 pure
2338 3662 2574 3733 citraque
2593 3667 2901 3735 sanguinem
2925 3669 3088 3723 Deum
3115 3673 3370 3729 colerent.
3395 3675 3592 3731 Simul.

2015 3763 2118 3817 que
2157 3750 2474 3820 intelligens,
2515 3753 2656 3823 quod
2697 3771 2801 3810 nou
2847 3758 2920 3811 illi
2961 3760 3154 3829 solum,
3190 3764 3282 3818 sed
3331 3777 3378 3821 ct
3421 3767 3589 3824 Judati

2015 3839 2367 3910 simpliciores
2387 3843 2570 3899 relicta
2597 3845 2909 3914 hostiarum,
2931 3849 3435 3924 holocautomatum,
3457 3862 3589 3916 alio-

2014 3946 2237 4002 rumque
2265 3937 2617 4004 corporalium
2645 3940 2839 3994 rituum
2868 3942 3236 4001 observatione
3261 3949 3325 4002 ad
3353 3961 3586 4008 nostram

2014 4033 2068 4079 et
2088 4025 2186 4093 ipsi
2206 4027 2593 4097 pliilOSOphiam
2619 4031 3028 4100 adducerentur,
3054 4038 3314 4109 simulque
3335 4054 3588 4111 reputans

2014 4115 2334 4171 inell'abilcm
2365 4119 2459 4173 Dei
2485 4135 2610 4190 erga
2634 4137 2802 4190 genus
2831 4124 3116 4180 humanum
3147 4131 3440 4198 caritatem,
3470 4149 3588 4203 qute

2013 4217 2229 4277 superat
2254 4225 2464 4264 onmem
2493 4211 2813 4268 intellectum
2835 4257 2852 4282 ,
2885 4225 2940 4270 et
2962 4220 3211 4274 attonitus
3239 4223 3587 4283 admiratione

2013 4307 2172 4353 tanta:
2211 4301 2521 4355 mutationis
2559 4302 2786 4369 futuras,
2827 4317 2880 4359 et
2921 4322 3078 4376 quam
3137 4313 3445 4369 mirabiliter
3485 4317 3586 4374 ista

2016 4390 2156 4444 Deus
2183 4390 2234 4443 iu
2260 4391 2419 4445 alium
2444 4393 2684 4447 ordinem
2712 4396 3059 4452 translaturus
3081 4413 3241 4468 esset,
3266 4411 3319 4457 et
3345 4403 3588 4464 homines

2013 4497 2079 4536 ex
2106 4483 2435 4538 daemonibus
2457 4483 2692 4540 facturus
2720 4487 2935 4557 angelos
2955 4529 2970 4554 ,
3002 4505 3064 4544 ac
3091 4493 3210 4546 vitae
3235 4509 3400 4563 genus
3430 4497 3588 4552 indu-

1929 4587 1942 4592 “
2011 4581 2192 4628 cturus
2221 4574 2364 4628 caelis
2393 4574 2629 4644 dignum.

2087 4665 2406 4735 Sacri/icium
2459 4685 2546 4737 per
2573 4685 2755 4740 corpus
2781 4668 2986 4728 Christi.
3017 4704 3084 4714 ——
3106 4675 3236 4730 Tum
3277 4679 3417 4748 quod
3471 4681 3585 4737 hac

2012 4759 2188 4812 omnia
2235 4768 2415 4815 essent
2462 4759 2636 4816 futura
2664 4772 2842 4819 vetere
2893 4767 3152 4822 sacrificio
3179 4771 3398 4836 abolito,
3429 4785 3483 4828 et
3506 4777 3586 4830 al-

2014 4856 2129 4904 tero
2168 4851 2220 4904 in
2260 4853 2402 4906 illius
2453 4853 2626 4909 locum
2651 4854 2811 4910 ducto
2854 4873 2951 4926 per
2993 4875 3186 4930 corpus
3209 4861 3450 4918 Christi:
3483 4864 3581 4918 ad-

2013 4941 2234 4996 miratus
2262 4952 2438 4997 autem
2471 4960 2533 4999 ac
2571 4947 2900 5016 stupefactus
2925 4949 3132 5006 dicebat
3163 4971 3176 5005 :
3213 4955 3379 5009 Multa
3431 4968 3482 5010 tu
3513 4962 3586 5027 fe-

2011 5033 2120 5085 cisti
2153 5032 2293 5087 Deus
2319 5036 2571 5090 mirabilia
2597 5047 2702 5091 tua.
2732 5039 2798 5092 Et
2844 5041 2983 5109 quod
3014 5059 3077 5096 ex
3122 5059 3343 5111 persona
3390 5048 3586 5108 Christi

2013 5135 2178 5180 totum
2208 5127 2309 5182 hoc
2337 5129 2642 5184 vaticinium
2691 5131 2918 5186 ediderit
2967 5135 3163 5189 docens
3185 5178 3199 5200 ,
3257 5153 3378 5191 cum
3411 5141 3582 5195 dixis-

2010 5227 2127 5272 set:
2181 5218 2508 5288 Sacri/icium
2565 5231 2611 5274 et
2659 5223 2959 5288 oblationem
3015 5228 3221 5282 noluisti
3249 5269 3263 5294 ,
3311 5231 3536 5301 subjecit
3566 5276 3579 5299 ,

2006 5309 2200 5379 Corpus
2247 5321 2415 5367 autem
2458 5315 2712 5384 adaptasti
2763 5316 2886 5368 mihi
2903 5335 2920 5380 ;
2965 5319 3032 5374 de
3086 5337 3310 5391 corpore
3365 5325 3585 5395 loquens

2004 5401 2271 5456 dominico
2303 5442 2318 5466 ,
2363 5405 2629 5458 communi
2671 5419 2769 5473 pro
2811 5413 2920 5460 toto
2960 5409 3089 5464 orbe
3123 5414 3412 5477 sacrificio,
3445 5418 3584 5484 quod

2014 5503 2228 5547 nostras
2254 5494 2556 5562 puriticavit
2581 5495 2783 5549 animas
2807 5537 2820 5561 ,
2855 5509 3068 5566 peccata
3093 5501 3334 5559 dissolvit
3373 5506 3414 5571 ³,
3445 5523 3582 5560 mor-

2066 5583 2236 5656 tualii:
2267 5582 2511 5656 Mirpculis
2530 5584 2659 5656 {sed
2681 5597 2789 5656 qua:
2811 5586 3109 5640 mirabiliora
3140 5600 3270 5656 sunt;
3292 5595 3378 5646 illa
3401 5595 3579 5652 dicem

2001 5644 2180 5707 addit;
2205 5644 2502 5707 sacriﬁcium
2519 5652 2563 5695 et
2586 5644 2884 5702 oblatimem.
2911 5659 3005 5700 etc.

1974 5733 1987 5752 ι
2066 5708 2085 5736 ²
2121 5705 2305 5770 Aliquot
2324 5705 2457 5755 uss:
2488 5715 2538 5757 El
2561 5710 2937 5771 peccatnmduit.
