4046 6146
431 351 534 405 919

431 479 538 521 tem
581 457 871 522 exstinxit,
925 451 1085 509 cados
1131 448 1372 520 aperuit,
1409 444 1734 511 multamque
1781 452 1843 492 ac
1889 451 2004 491 ma-

431 570 589 627 gnam
629 565 780 622 spem
825 545 980 602 nobis
1032 540 1306 605 ostendit,
1343 544 1643 603 eteteraque
1691 527 2012 601 prmparavit

433 619 815 712 omnim—quat
841 637 1056 710 quidem
1104 641 1159 688 et
1197 629 1390 684 Paulus
1433 624 1619 679 videns
1661 619 2006 676 exclamavit.

433 709 660 796 dicens):
773 709 990 785 altitudo
1031 724 1326 779 divitiarum
1351 727 1397 772 et
1435 713 1697 788 sapientia:
1721 720 1767 767 et
1795 709 2014 763 scientiis

434 830 555 887 Dei!
573 842 726 899 quam
743 819 1088 878 inscrutabilia
1109 823 1222 870 sunt
1233 811 1432 885 judicia
1444 809 1628 879 ejus,ct
1646 799 2013 871 investigabiles

434 883 664 982 ttiieej'us
685 909 859 984 (Rom.
882 905 969 958 1-1.
993 903 1082 972 55)
1110 900 1124 954 !
1153 883 1277 954 llaec
1300 896 1458 964 igitur
1474 891 1650 947 omnia
1681 883 2016 958 prospiciens

432 978 642 1063 dicebat
668 978 890 1057 :‘Multa
927 996 1087 1068 fecisti
1131 1003 1206 1059 tu,
1236 990 1452 1044 Domine
1490 985 1628 1040 Deus
1667 996 1830 1046 meus,
1856 978 2016 1031 mira-

434 1102 554 1156 bilia
580 1109 688 1152 tua.
738 1092 938 1150 Deinde
977 1105 1097 1147 cum
1137 1103 1202 1142 ex
1255 1096 1480 1154 persona
1507 1076 1703 1133 Christi
1743 1073 2012 1130 dixisset:

437 1191 863 1247 Holocautontata
889 1193 935 1238 et
954 1198 1044 1252 pro
1079 1185 1280 1249 peccato
1306 1190 1406 1228 non
1434 1168 1677 1242 probasti,
1713 1161 2012 1233 subjunxit:

434 1285 576 1339 Tunc
601 1282 728 1348 dixi,
760 1294 871 1334 ecce
894 1275 1035 1330 venio
1067 1271 1236 1345 (Psal.
1260 1268 1348 1325 59.
1377 1267 1430 1321 7.
1459 1264 1536 1336 8).
1565 1261 1744 1325 Tunc;
1769 1253 2016 1348 quando?

435 1377 568 1432 Cum
593 1370 924 1445 perfectioris
954 1365 1210 1423 doctrinm
1239 1371 1450 1430 tempus
1471 1366 1571 1413 est.
1603 1355 1735 1411 Nam
1777 1347 2020 1420 imperfe-

435 1444 607 1526 ctiora
639 1483 668 1520 a
699 1463 867 1520 servis
896 1461 1010 1530 ejus
1049 1465 1200 1514 erant
1226 1451 1474 1509 discenda
1497 1488 1518 1518 ,
1556 1444 1861 1502 sublimiora
1889 1452 2020 1494 vero

436 1572 490 1615 et
549 1560 838 1620 humanam
907 1548 1210 1622 superantia
1277 1554 1554 1605 naturam,
1605 1538 1670 1592 ah
1729 1535 1843 1604 ipso
1889 1529 2020 1601 legis

439 1665 678 1711 auctore.
707 1650 829 1706 Ideo
854 1656 908 1702 et
937 1644 1131 1700 Paulus
1158 1639 1368 1696 diccbat
1401 1653 1411 1688 :
1444 1629 1785 1702 Multifariam
1821 1623 2022 1678 multis-

439 1765 535 1819 que
583 1743 745 1799 modis
800 1739 925 1794 olim
981 1735 1120 1790 Deus
1177 1732 1412 1802 loquutus
1464 1723 1688 1795 patribus
1737 1715 1919 1771 nostris
1969 1713 2022 1767 in

439 1803 696 1911 prophetis
725 1849 743 1888 :
767 1829 1000 1886 extremis
1030 1826 1163 1879 hisce
1191 1820 1363 1874 diebus
1407 1817 1643 1886 loquutus
1686 1817 1757 1864 est
1801 1804 1940 1859 nobis
1970 1803 2024 1856 in

441 1933 579 1987 Filio
603 1970 617 1995 ,
673 1942 819 1995 quem
873 1921 1128 1977 constituit
1165 1913 1396 1970 lteredem
1425 1905 1649 1962 onmium
1676 1944 1690 1965 ,
1752 1915 1841 1968 per
1877 1910 2024 1967 quem

439 2028 558 2098 fecit
598 1992 646 2080 et
683 1992 867 2078 swcula
897 2014 1080 2086 (Ilebr.
1113 2012 1164 2066 1.
1213 2008 1264 2063 1.
1303 2005 1383 2071 2).
1415 2002 1490 2057 Ac
1517 2010 1702 2098 rursus
1743 1992 1977 2098 Joaqnes
2010 2003 2025 2040 :

443 2080 552 2173 'Lea:
582 2132 669 2186 per
715 2080 915 2166 Moseni
941 2105 1065 2160 data
1105 2109 1211 2166 est,
1240 2096 1405 2170 gratia
1449 2101 1494 2146 et
1520 2089 1704 2144 veritas
1734 2100 1821 2156 per
1845 2080 2024 2135 Jesum

443 2178 702 2266 Christum
734 2205 870 2274 facta
897 2209 966 2256 est
997 2195 1173 2269 (Joan.
1205 2195 1257 2246 1.
1289 2186 1400 2259 17).
1432 2186 1612 2253 Itaque
1662 2178 1778 2232 haec
1819 2185 2030 2230 summa

444 2301 578 2372 legis
620 2264 744 2353 laus
777 2305 892 2360 est,
932 2264 1073 2362 quod
1102 2301 1164 2342 ea
1217 2290 1459 2338 naturam
1501 2276 1785 2330 humanam
1825 2271 1903 2325 illi
1933 2264 2026 2319 do—

445 2368 578 2450 ctori
607 2386 941 2460 praeparavit.
974 2379 1173 2437 Deinde
1200 2391 1265 2431 ne
1295 2380 1510 2444 putares
1535 2368 1676 2422 hunc
1694 2377 1813 2420 esse
1840 2371 2032 2413 recen-

439 2494 555 2540 tem
600 2451 807 2542 Deum,
852 2485 944 2531 aut
1005 2469 1201 2542 aliquid
1249 2479 1417 2535 nuper
1465 2462 1736 2516 inventum
1797 2451 2026 2514 afferre,

446 2577 571 2633 audi
615 2571 739 2644 quid
769 2569 898 2624 dicit
930 2585 944 2621 :
976 2564 1042 2618 In
1067 2562 1230 2630 capite
1278 2555 1392 2612 libri
1438 2552 1681 2620 scriptum
1731 2553 1804 2599 est
1853 2543 1914 2595 de
1952 2554 2030 2614 tne

450 2633 750 2742 (Μαι-59.
780 2661 860 2731 8).
887 2659 1005 2714 Jam
1043 2654 1168 2709 olim
1211 2663 1387 2704 meum
1441 2643 1728 2698 adventum
1769 2633 2030 2705 praedixe-

451 2723 576 2818 iunt
625 2755 938 2828 prOphelte,
975 2756 1030 2802 et
1077 2746 1132 2800 in
1159 2741 1309 2798 initio
1335 2738 1601 2794 librorum
1647 2743 1781 2785 mea:
1843 2723 2035 2779 divini-

446 2855 578 2910 tatis
623 2819 981 2920 cognitionem
1025 2841 1196 2896 obiter
1243 2830 1546 2888 hominibus
1573 2819 1959 2894 aperuerunt‘.

524 2907 784 3010 altaque
835 2950 955 2992 cum
989 2933 1129 2987 Deus
1183 2927 1311 2983 dicit
1357 2923 1508 2978 initio
1555 2915 1754 2973 conditi
1801 2907 2028 2966 mundi:

458 3037 730 3094 Faciamus
761 3029 1009 3085 [continent
1039 3022 1106 3076 ad
1157 3016 1556 3075 similitudinem
1607 3016 1831 3061 nostram
1881 3001 2030 3073 (Gen.

459 3135 512 3189 1.
556 3130 668 3201 ‘26),
699 3120 1028 3194 mnigmatice
1054 3115 1206 3170 nobis
1245 3109 1361 3164 Filii
1387 3104 1716 3161 divinitatem
1746 3096 1935 3168 aperit,
1968 3092 2033 3145 ad

459 3186 900 3297 quemlloquit'nr.
934 3213 1060 3265 Post
1090 3206 1204 3260 haec
1238 3199 1516 3256 declarans
1551 3194 1688 3246 hanc
1725 3191 1846 3242 vita:
1872 3186 2034 3239 ratio-

463 3282 584 3372 tiem
617 3282 735 3368 non'
767 3322 888 3364 esse
931 3299 1092 3374 priori
1122 3292 1443 3350 contra-riam
1473 3328 1488 3353 ,
1532 3283 1627 3341 sed
1673 3282 1774 3335 hoc
1822 3289 2034 3346 quoque

462 3407 696 3463 voluisse
725 3403 889 3456 Deum
913 3438 929 3461 ,
973 3403 1030 3448 ut
1077 3390 1168 3444 illo
1202 3382 1466 3440 sacriﬁcio
1509 3377 1780 3446 antiquato
1812 3371 1866 3423 in
1914 3366 2035 3433 ejus

467 3495 826 3558 \‘eltelnenlia,
892 3501 996 3541 non
1061 3478 1441 3538 contrarietas,
1488 3471 1603 3540 (aut
1672 3465 1883 3540 pugna)
1955 3459 2044 3516 ubi

469 3591 689 3643 dixisset
735 3604 751 3638 :
787 3585 848 3636 In
893 3578 1055 3645 capite
1083 3575 1195 3627 libri
1231 3572 1471 3640 scriptum
1511 3575 1580 3621 est
1610 3570 1673 3618 de
1711 3580 1788 3617 nte
1814 3603 1829 3629 ,
1859 3560 2039 3630 subje-

471 3686 542 3738 cit
585 3695 598 3732 :
656 3676 724 3730 Ut
759 3675 974 3742 facerent
1016 3669 1323 3723 voluntatem
1379 3674 1539 3728 luant,
1569 3659 1743 3721 Deus,
1808 3655 1942 3710 volui
1995 3660 2042 3706 et

470 3771 634 3839 legem
674 3777 813 3819 tuam
847 3764 902 3816 in
955 3760 1118 3814 ntedio
1170 3757 1355 3810 ventris
1401 3754 1498 3810 mei
1524 3749 1697 3824 (Psal.
1726 3749 1814 3804 '59.
1852 3748 1904 3801 8.
1962 3743 2040 3818 9).

470 3865 600 3920 Post
627 3872 897 3928 exponens
921 3897 935 3918 ,
993 3867 1111 3923 quae
1172 3847 1382 3904 tandem
1434 3853 1578 3901 esset
1613 3842 1858 3896 voluntas
1898 3841 1991 3894 Dei
2023 3879 2038 3905 ,

472 3952 831 4027 praetermissa
852 3949 1123 4004 mentione
1166 3942 1490 4002 hostiarum,
1538 3936 2041 3997 holocautomatnm,

471 4023 829 4110 oblationum,
867 4040 1106 4095 laborum
1152 4049 1216 4089 ac
1261 4031 1512 4088 sudorum
1539 4069 1553 4093 ,
1604 4028 1713 4082 ait:
1743 4023 2045 4078 Annuntiavi

469 4139 718 4213 iustitiam
744 4135 798 4188 in
825 4130 1048 4186 Ecclesia
1076 4141 1259 4197 magna
1281 4122 1384 4195 (ιιι.
1408 4138 1456 4175 υ.
1497 4120 1609 4189 10).
1636 4116 1772 4183 Quid
1801 4124 1882 4170 est
1922 4115 2042 4178 hoc,

473 4226 780 4286 Annuntiari
815 4221 1071 4294 justitiam
1107 4218 1160 4272 in
1210 4214 1443 4271 Ecclesia
1469 4210 1686 4282 magna?
1721 4208 1837 4263 Non
1877 4205 2042 4270 dixit,

470 4323 592 4380 dedi
620 4320 777 4386 :sed,
823 4313 1135 4370 annuntiavi.
1163 4309 1300 4378 Quid
1342 4305 1554 4375 tandem
1608 4301 1803 4373 igitur?
1827 4300 1940 4354 Non
1980 4314 2047 4352 ex

473 4412 763 4474 benefactis
787 4453 801 4478 ,
856 4424 954 4464 nec
991 4403 1292 4468 laboribus,
1339 4414 1438 4455 nec
1466 4396 1808 4468 pensatione,
1837 4390 1929 4446 sed
1979 4404 2046 4445 ex

473 4508 584 4563 sola
622 4504 788 4575 gratia
825 4497 1132 4570 justiticavit
1171 4507 1338 4564 genus
1364 4499 1624 4546 nostrum.
1652 4484 1800 4554 Quod
1827 4493 1880 4538 et
1911 4483 2046 4536 Pan-

475 4603 558 4654 lus
595 4574 870 4652 declarans
898 4592 1024 4644 dicit
1051 4605 1064 4641 :
1095 4586 1242 4639 Nunc
1271 4593 1439 4636 autent
1475 4581 1658 4649 absque
1706 4577 1812 4646 lege
1845 4574 2046 4644 justitia

481 4691 576 4745 Dei
607 4686 926 4757 manifestata
955 4689 1026 4734 est
1051 4676 1224 4749 (Rom.
1254 4675 1310 4729 '5.
1349 4673 1443 4740 21)
1467 4689 1479 4724 :
1503 4668 1704 4739 justitia
1743 4673 1919 4720 autem
1953 4664 2044 4717 Dei

478 4778 750 4852 perﬁdem
786 4774 909 4829 Jesu
938 4767 1134 4825 Christi
1163 4806 1178 4831 ,
1210 4779 1314 4818 non
1346 4776 1440 4830 per
1476 4759 1638 4814 ullutn
1685 4756 1931 4812 sudorem
1954 4763 2046 4808 aut

479 4845 738 4928 laborem.
765 4865 834 4920 Et
860 4864 959 4915 hoc
983 4864 1257 4924 assumpto
1279 4851 1582 4908 testimonio
1601 4849 1740 4903 hunc
1759 4848 1808 4901 in
1833 4845 2044 4900 modum

480 4964 732 5035 loquitur.
779 4955 1020 5012 Umbram
1065 4951 1199 5004 enim
1228 4945 1413 5000 habens
1443 4945 1524 4998 lea:
1553 4947 1836 5014 futurorum
1885 4946 2044 4994 bona-

476 5076 591 5114 rum
610 5099 624 5125 ,
653 5071 753 5108 non
781 5051 946 5122 ipsam
991 5062 1158 5101 rerum
1203 5043 1470 5113 imaginem
1489 5082 1504 5106 ,
1537 5039 1749 5110 singulis
1769 5035 1914 5090 annis
1958 5035 2048 5086 iis-

479 5151 594 5206 dem
635 5145 839 5210 hostiis,
867 5156 994 5212 quas
1032 5152 1228 5207 semper
1271 5132 1524 5198 offerunt,
1555 5144 1828 5198 numquam
1887 5133 2045 5195 potest

481 5239 769 5296 accedentes
809 5233 1056 5305 perfectos
1080 5227 1305 5283 reddere.
1341 5222 1466 5278 Ideo
1489 5221 1772 5292 ingrediens
1799 5216 2046 5270 mundum

480 5333 602 5387 dicit
628 5346 648 5384 :
668 5325 972 5396 sacriﬁcium
1002 5332 1049 5376 et
1082 5318 1381 5374 oblationem
1410 5311 1635 5374 noluisti,
1664 5323 1846 5377 corpus
1884 5314 2048 5358 autem

482 5421 734 5493 adaptasti
761 5416 884 5472 mihi
913 5412 1094 5485 (Hebr.
1128 5410 1213 5466 ιο.
1245 5410 1297 5463 1.
1317 5407 1405 5476 5):
1428 5401 1728 5475 signiﬁcans
1755 5399 2046 5468 ingressum

486 5491 761 5582 Unigeniti
789 5514 843 5565 in
877 5505 1168 5570 mundum,
1213 5516 1309 5571 per
1354 5497 1530 5554 carnis
1579 5491 2045 5564 dispensationem.

483 5604 570 5658 Sic
603 5601 742 5654 enim
773 5596 838 5652 ad
866 5612 966 5651 nos
993 5595 1180 5660 venit,
1225 5605 1330 5646 non
1355 5589 1529 5645 locum
1547 5586 1666 5643 loco
1691 5592 2045 5650 comminans,

550 5761 570 5790 ί
599 5761 698 5810 Sex
723 5762 846 5810 ais-5.,
870 5764 1053 5812 aperui.

1126 335 1192 390 'S.
1232 331 1508 390 JOANNIS
1546 322 2019 388 CIIRYSOS'FOMI
2059 323 2378 381 ARCHIEP.
2417 325 2950 385 CONSTANTINOP.

3595 327 3710 382 929

2101 436 2230 507 (qui
2277 452 2506 508 namque
2535 437 2639 494 hoc
2667 439 2948 496 conveniat
2973 438 3025 495 in
3058 453 3178 496 eum
3205 479 3220 504 ,
3247 438 3334 509 qui
3377 448 3460 494 est
3488 438 3716 510 ubique;

2118 528 2315 598 quique
2353 537 2543 584 cuncta
2583 531 2883 602 complet)?
2921 531 3015 586 sed
3057 545 3154 602 per
3181 545 3397 586 carnem
3429 529 3582 585 nobis
3631 529 3711 582 fa-

2121 629 2238 673 ctus
2267 630 2350 675 est
2386 623 2726 692 conSpicuns.
2777 624 3042 679 Craterum
3089 623 3338 694 quoniam
3372 637 3480 676 non
3534 622 3710 677 solum

2121 712 2377 768 adversus
2424 713 2644 770 .ludaeos
2689 725 2771 771 est
2819 716 2975 772 nobis
3038 731 3254 786 pugna,
3309 731 3493 771 verum
3545 716 3714 771 etiam

2121 803 2376 858 adversus
2404 805 2671 891 Gentiles,
2703 823 2765 863 ac
2789 809 3294 863 mttltosltatreticos
3321 826 3334 864 :
3366 823 3464 878 age
3491 807 3716 878 profun-

2123 893 2326 948 diorem
2358 912 2574 951 sensum
2602 899 2886 968 quemdam
2916 900 3000 954 hic
3020 899 3170 954 vobis
3196 900 3500 970 aperiamus
3519 939 3533 963 ,
3566 915 3715 970 quat-

2108 1002 2411 1058 rratrtnsqne
2451 990 2574 1060 quid
2617 990 2832 1047 tandem
2882 992 2982 1047 sibi
3033 991 3195 1055 velit,
3233 992 3377 1062 quod
3406 1006 3529 1046 cum
3569 992 3712 1047 Pau-

2123 1077 2206 1132 lus
2235 1081 2642 1138 innumerabilia
2685 1082 2900 1140 haberet
2928 1085 3268 1150 testimonia,
3301 1102 3421 1154 qua:
3460 1085 3717 1140 docerent

2125 1183 2338 1226 cessare
2378 1173 2547 1242 legem
2589 1183 2903 1244 veteresque
2953 1175 3129 1242 ritus,
3184 1176 3340 1245 hujus
3402 1176 3648 1232 meminit
3696 1193 3712 1231 :

2127 1277 2302 1365 neque
2363 1266 2505 1320 enini
2557 1273 2762 1323 temere
2812 1283 2988 1338 neque
3041 1267 3259 1324 fortuito
3308 1267 3362 1323 id
3407 1268 3566 1336 fecit,
3620 1269 3717 1324 sed

2129 1357 2339 1410 ratione
2391 1371 2454 1411 ac
2480 1357 2756 1426 sapientia
2799 1357 3025 1428 quadam
3057 1358 3337 1414 ineﬂ'abili.
3365 1359 3517 1427 Quod
3570 1359 3720 1414 enim

2127 1446 2230 1500 alia
2269 1464 2478 1519 quoque
2522 1449 2769 1505 habuerit
2798 1451 3099 1506 testimonia
3125 1494 3139 1520 ,
3170 1461 3280 1506 tum
3325 1453 3528 1523 majora
3555 1493 3570 1519 ,
3603 1461 3718 1508 tum

2128 1540 2532 1598 vehementiora
2561 1584 2576 1607 ,
2605 1545 2649 1597 si
2691 1545 2947 1600 voluisset
2980 1544 3245 1601 adducere
3269 1586 3286 1614 ,
3316 1562 3504 1602 omnes
3542 1547 3717 1601 conli-

2121 1633 2404 1687 rtcltuntur.
2451 1633 2612 1688 Isaias
2642 1635 2783 1689 enim
2828 1635 2902 1689 ait
2929 1637 2945 1667 ¹
2982 1653 2996 1691 :
3048 1635 3169 1690 Non
3209 1646 3282 1691 est
3323 1637 3448 1691 mihi
3483 1638 3722 1692 voluntas

2126 1722 2184 1775 in
2229 1725 2398 1789 vobis,
2448 1723 2626 1795 plenus
2681 1743 2794 1779 sum
2833 1726 3326 1781 holocautontatibus
3374 1729 3630 1792 arietant;
3670 1736 3719 1783 et

2127 1817 2335 1887 adipem
2389 1835 2638 1889 agnorum
2677 1828 2724 1873 et
2776 1821 3073 1889 sanguinem
3130 1829 3394 1873 taurorum
3442 1829 3488 1875 et
3553 1821 3724 1873 hirco-

2130 1924 2248 1961 rum
2288 1909 2405 1963 nolo
2435 1951 2449 1974 ,
2501 1926 2658 1980 neque
2700 1911 2744 1963 si
2791 1912 3023 1964 veneritis
3067 1911 3120 1963 in
3163 1920 3486 1982 conspectum
3531 1929 3720 1964 nteant.

2132 1999 2267 2066 Quis
2294 2002 2428 2055 enim
2449 2001 2722 2072 .exquisivit
2747 2001 2854 2055 hazc
2894 2001 2956 2054 de
2985 2001 3215 2056 ntanibus
3252 2002 3468 2057 vestris?
3494 2001 3557 2055 Si
3578 2001 3723 2056 obtu-

2130 2093 2297 2147 let-itis
2338 2095 2464 2148 tui/ti
2513 2095 2882 2164 similaginem,
2924 2096 3130 2166 frustra
3176 2093 3374 2165 facietis
3402 2109 3422 2148 :
3465 2095 3722 2150 incensum

2130 2184 2449 2238 abominatio
2476 2185 2698 2239 mihi-est
2727 2184 2879 2253 (lsai.
2915 2185 2966 2239 1.
2998 2185 3204 2255 1145).
3237 2185 3304 2238 Et
3332 2184 3458 2239 alibi
3487 2200 3720 2239 rursum:

2135 2273 2264 2328 Non
2312 2292 2445 2328 nunc
2479 2276 2720 2330 advocavi
2755 2283 2838 2339 rte,
2860 2274 3020 2328 Jacob
3041 2316 3056 2340 ,
3090 2292 3247 2344 neque
3296 2274 3576 2330 molestiam
3636 2276 3724 2329 tibi

2135 2365 2365 2430 exhibui,
2384 2364 2551 2418 Israel
2575 2407 2589 2432 ,
2620 2383 2720 2419 non
2747 2366 3042 2436 glori/icasti
3074 2382 3151 2418 me
3170 2367 3221 2418 in
3241 2366 3536 2435 sacriﬁciis,
3567 2382 3725 2435 neque

2131 2456 2354 2510 serviistt'
2380 2458 2502 2510 mihi
2533 2457 2583 2510 in
2629 2457 2774 2512 donis
2797 2458 2924 2521 tuis;
2964 2474 3121 2527 neque
3160 2459 3248 2512 tibi
3284 2459 3521 2512 molestus
3565 2460 3641 2530 fui
3671 2460 3724 2512 in

2135 2553 2324 2619 thure,
2373 2569 2531 2622 neque
2568 2553 2760 2624 parasti
2800 2552 2924 2605 mihi
2971 2561 3190 2620 argento.
3225 2553 3444 2622 stt/ﬁlum
3479 2550 3586 2624 (lrl.
3631 2553 3721 2604 43.

2127 2645 2219 2700 22.
2245 2642 2352 2715 9-5)
2379 2660 2394 2698 :
2420 2643 2679 2700 Jeremias
2703 2649 2882 2695 autem
2915 2656 2928 2692 :
2959 2636 3039 2691 Ad
3054 2637 3177 2707 quid
3207 2635 3330 2687 mihi
3371 2633 3485 2684 thus
3519 2648 3546 2684 e
3574 2630 3718 2685 Saba

2131 2737 2307 2804 oﬁers,
2349 2742 2398 2788 et
2416 2736 2802 2791 cinnamomum
2825 2737 2867 2782 et
2893 2737 3025 2782 terra
3058 2726 3376 2796 longinqua?
3401 2723 3720 2776 Ilolocautoo

2136 2837 2272 2883 mata
2298 2835 2461 2880 vestra
2498 2839 2600 2875 non
2617 2822 2984 2874 delectaverunt
3031 2833 3110 2870 me
3143 2816 3368 2888 (Jerem.
3401 2813 3454 2868 6.
3483 2811 3608 2882 20).
3639 2816 3719 2867 Ac

2133 2941 2346 2988 rursus,
2380 2919 2810 2977 Holocautomata
2831 2926 2998 2970 vestra
3024 2929 3134 2967 una
3157 2927 3271 2965 cum
3312 2911 3519 2977 reliquis
3557 2910 3720 2964 sacri—

2134 3022 2262 3090 ﬁciis
2303 3019 2473 3071 vestris
2522 3014 2776 3082 colligite,
2820 3020 2866 3065 et
2907 3008 3149 3063 comedite
3192 3023 3366 3060 carnes
3426 3004 3604 3076 (Idem
3659 3005 3716 3060 7.

2132 3117 2194 3171 21
2214 3115 2254 3187 ).
2284 3115 2352 3169 Et
2373 3113 2506 3166 alius
2526 3111 2743 3178 insuper
2771 3104 3150 3176 prophetarum
3205 3103 3282 3155 sic
3333 3102 3407 3154 ait
3440 3118 3454 3154 :
3487 3100 3644 3170 Aufer
3679 3117 3716 3154 α

2133 3227 2211 3263 nte
2245 3207 2504 3275 strepitum
2543 3202 2830 3256 cantionum
2860 3209 3083 3261 tuarum,
3123 3203 3168 3248 et
3217 3194 3466 3263 psalmum
3505 3209 3718 3264 organo-

2129 3315 2240 3354 rum
2271 3308 2474 3352 tuorum
2506 3313 2606 3351 non
2633 3295 2842 3348 audiam
2866 3291 2884 3359 (
2901 3293 3052 3345 Amos
3081 3292 3136 3347 5.
3168 3288 3293 3355 25).
3315 3288 3522 3342 Rursus
3549 3287 3712 3354 alibi,

2125 3407 2252 3450 cum
2289 3390 2460 3446 Judaei
2503 3389 2740 3443 dicerent
2777 3403 2789 3438 :
2835 3385 2914 3438 An
2945 3383 3155 3452 accipiet
3192 3381 3440 3435 Dominus
3478 3381 3532 3434 in
3571 3380 3716 3433 holo-

2130 3483 2514 3542 cautomatibus.
2549 3482 2592 3534 si
2640 3480 2824 3532 dedero
2869 3476 3202 3546 primogenita
3242 3492 3354 3529 mea
3398 3489 3489 3542 pro
3533 3473 3715 3541 impie-

2131 3586 2232 3631 tate
2244 3593 2370 3641 mea,
2396 3576 2613 3643 fructum
2635 3571 2817 3625 ventris
2843 3570 2939 3623 ntei
2970 3585 3060 3636 pro
3088 3576 3288 3636 peccato
3309 3565 3492 3620 anima:
3514 3562 3533 3634 (
3554 3563 3712 3617 Mich.

2133 3670 2189 3727 6.
2217 3670 2330 3741 7)?
2360 3665 2622 3734 Propheta
2653 3665 2936 3732 increpans
2951 3661 3112 3727 illos,
3139 3660 3351 3714 dicebat
3382 3676 3396 3713 :
3425 3657 3715 3711 Annuntia-

2135 3772 2239 3818 tum
2270 3770 2342 3815 est
2387 3759 2504 3823 tibi,
2552 3759 2718 3819 homo,
2761 3754 2882 3825 quid
2911 3755 2974 3806 sit
3002 3753 3207 3814 bonum,
3231 3760 3281 3804 et
3308 3749 3430 3819 quid
3471 3748 3716 3801 Dominus

2134 3853 2272 3908 Deus
2298 3861 2490 3922 quazrat
2515 3851 2602 3903 abs
2631 3858 2696 3915 te,
2727 3855 2781 3900 ut
2819 3847 3002 3915 diligas
3031 3843 3446 3906 misericordiam,
3478 3851 3526 3895 et
3558 3842 3718 3913 facias

2125 3945 2382 4017 judicium
2407 3953 2452 3997 et
2471 3942 2754 4011 justitiam,
2807 3947 2862 3992 ut
2914 3946 3120 4006 paratus
3175 3936 3242 3989 sis
3291 3933 3556 3986 ambulare
3608 3940 3718 4000 post

2134 4036 2410 4091 Dontinum
2456 4032 2622 4086 Deum
2663 4040 2805 4084 tuum
2827 4027 2855 4099 ·(
2878 4027 2958 4081 Ib.
2990 4045 3036 4081 v.
3070 4028 3167 4097 8).
3215 4026 3375 4081 David
3400 4038 3613 4094 quoque
3643 4022 3718 4076 sic

2135 4126 2342 4181 dicebat
2377 4142 2389 4176 :
2421 4122 2541 4176 Non
2584 4122 2831 4191 accipiant
2875 4119 2937 4173 de
2985 4119 3134 4172 domo
3178 4128 3264 4172 tua
3298 4115 3514 4180 vitulos,
3563 4128 3721 4181 neque

2148 4221 2210 4274 de
2249 4219 2479 4290 gregibus
2517 4217 2616 4270 tuis
2653 4216 2818 4268 hircos
2849 4212 2867 4284 (
2889 4212 3033 4266 Psal.
3086 4210 3178 4266 49.
3223 4208 3309 4278 9).
3329 4209 3504 4276 Quare
3529 4249 3546 4273 ,
3599 4222 3718 4262 cum

2153 4321 2233 4366 tot
2257 4318 2434 4380 posset
2463 4308 2654 4363 πίτυι-[θ
2681 4304 2977 4360 testimonia
2996 4343 3012 4367 ,
3053 4318 3147 4372 per
3196 4315 3314 4371 qua:
3345 4299 3488 4354 Deus
3516 4299 3722 4354 videtur

2138 4406 2225 4460 illa
2271 4403 2531 4458 sacriﬁcia
2582 4401 2844 4468 rejicerc,
2899 4395 3240 4459 neomenias,
3296 4392 3556 4457 sabbata,
3607 4392 3716 4445 dies

2135 4496 2320 4558 festos,
2368 4493 2614 4547 omnibus
2665 4490 2768 4544 illis
2815 4488 3048 4552 omissis,
3077 4486 3232 4556 hujus
3253 4485 3411 4540 unius
3438 4482 3720 4537 meminit?

2135 4591 2250 4645 Non
2307 4597 2508 4642 temere
2555 4585 2606 4639 id
2655 4583 2885 4648 factum,
2946 4595 3118 4648 neque
3174 4579 3425 4638 fortuito;
3471 4574 3563 4628 sed
3615 4577 3721 4639 jam

2137 4694 2352 4736 causam
2391 4677 2648 4733 dicemus.
2689 4674 2835 4730 Multi
2875 4673 3151 4735 inﬁdeles,
3192 4678 3247 4723 et
3274 4685 3338 4723 ex
3369 4666 3572 4722 Judmis
3599 4665 3725 4734 ipsis

2139 4777 2432 4844 pugnantes
2461 4768 2715 4822 adversus
2741 4781 2864 4829 nos,
2901 4764 3084 4818 dicunt
3123 4771 3354 4815 veterem
3405 4758 3726 4827 religionem

2137 4866 2464 4934 antiquatam
2520 4875 2676 4922 esse,
2719 4872 2823 4911 non
2877 4855 3019 4922 quod
3053 4855 3161 4922 ipsa
3204 4859 3346 4905 esset
3375 4847 3725 4917 imperfecta,

2139 4971 2311 5025 neque
2334 4953 2475 5024 quod
2504 4951 2713 5006 inducta
2735 4950 2804 5002 sit
2823 4947 3021 5016 major,
3045 4952 3221 4999 nostra
3249 4941 3497 4995 videlicet
3517 4938 3726 5007 religio,

2139 5047 2234 5103 sed
2279 5055 2497 5115 prapter
2536 5041 2929 5110 improhitatent
2971 5051 3177 5099 eorum,
3230 5032 3318 5103 qni
3376 5041 3486 5084 tum
3539 5029 3731 5082 olfece-

2141 5138 2270 5194 bant
2316 5133 2597 5191 sacrilicia.
2629 5131 2848 5186 llesaias
2879 5129 3056 5196 itaque
3095 5125 3226 5178 dicit
3255 5140 3268 5176 :
3303 5121 3364 5177 Si
3407 5119 3733 5174 extenderitis

2140 5245 2320 5284 mamts
2346 5235 2560 5290 vestras,
2589 5232 2807 5277 avertam
2846 5219 3018 5274 oculos
3045 5232 3182 5271 meos
3211 5232 3245 5269 a
3291 5214 3449 5268 vobis.
3483 5210 3546 5266 Si
3591 5209 3731 5264 mulo

2214 5499 2231 5530 ι
2257 5504 2308 5546 In
2330 5497 2487 5546 tribus
2508 5501 2616 5543 Mss.
2642 5494 2708 5541 sic
2746 5490 2925 5551 legitur
2951 5501 2962 5536 :
2995 5485 3169 5551 Isaias._
3199 5495 3364 5534 eorum
3412 5480 3588 5551 uastius

2142 5537 2317 5610 ξιιιάςῶ
2333 5537 2616 5608 ἱὶὲἷρῖὲιὲέὶἓξ
2635 5537 2751 5603 «iter:
2772 5537 3040 5614 personant
3083 5545 3169 5597 Dei
3189 5558 3360 5614 gerens
3407 5557 3422 5594 .-
3457 5541 3580 5614 Quid
3616 5537 3735 5590 ηιὶΙιὶ

2147 5607 2314 5690 hostire
2332 5627 2504 5690 vestra
2564 5618 2733 5690 plenus
2755 5607 2893 5690 sum;
2925 5607 3209 5682 holocausta
3221 5607 3444 5690 arietinis:
3481 5613 3574 5690 etc;

2209 5669 2304 5732 i“ut
2326 5681 2463 5730 savii.
2490 5687 2541 5729 et
2563 5669 2612 5728 in
2635 5669 3314 5740 quibusdammanuscriptis;
3333 5669 3734 5740 .ttolocantomagg

2147 5725 2304 5794 ωδεἱᾶ
2328 5725 2462 5793 alia"
2478 5725 2970 5802 {eligitismsacriﬁciis
3011 5725 3197 5784 vestris
3216 5731 3373 5791 adici;
3419 5737 3463 5779 et
3501 5725 3729 5776 comedite

2147 5817 2334 5855 CW8.
