4046 6146
568 494 815 565 αἵματος
868 489 1138 556 πλήρεις.
1184 486 1352 541 Τοῦτο
1397 484 1455 539 δέ
1496 484 1596 565 οὐκ
1629 480 1746 535 ἔστι
1784 478 1895 532 τῶν
1936 473 2140 565 θυσιῶν

568 557 892 644 κατηγορία,
926 569 1062 637 ἀλλά
1088 569 1188 639 τῆς
1209 567 1316 622 τῶν
1350 564 1735 637 προσαγόντων
1765 578 1901 644 πονη
1911 557 2145 644 ρίαξέγς-

571 640 895 727 κλημαίκαὶ
921 652 1010 707 διά
1040 652 1197 707 τοῦτο
1225 651 1324 704 οὐκ
1354 650 1568 719 ἐδέχετο
1595 645 1696 709 τὰς
1720 643 1932 727 θυσία-ς,
1957 640 2144 727 ἐπειδὴ

573 721 795 811 μιαραῖς
820 736 988 800 αὐτὰς
1013 735 1287 807 προσῆγον
1308 732 1483 804 χερσί.
1512 730 1682 785 Πάλιν
1707 729 1737 781 6
1764 724 1926 781 Aau‘l6
1953 721 2143 811 εἰπὼν,

568 805 650 876 δτι
673 805 755 875 Οὐ
782 819 1026 888 δέξομαι
1041 805 1109 872 ἐκ
1140 817 1246 872 τοῦ
1272 817 1440 871 οίκου
1460 830 1576 868 σου
1598 814 1895 882 μόσχους,
1912 805 2056 861 οὐδὲ

568 902 689 957 τῶν
718 886 1009 971 ποιμνίων
1039 914 1154 954 σου
1180 897 1527 968 χιμάρρους,
1550 895 1798 964 ἐπήγαγε
1825 891 1999 960 λέγων
2019 906 2033 921 ⁸
2063 886 2146 971 Τῷ

569 984 639 1038 δὲ
655 970 979 1054 ἀμαρτωλῷ
1003 980 1174 1037 εἶπεν
1208 984 1240 1035 ό
1270 980 1447 1044 Θεός’
1489 977 1662 1033 ’Ῑνατί
1693 975 1775 1028 σὺ
1802 971 2056 1042 έκδιηγῇ
2075 970 2146 1024 τὰ

569 1065 929 1138 δικαιώματά
949 1084 1089 1136 μου,
1117 1064 1217 1119 καί
1242 1058 1683 1130 ἀναλαμϐάνεις
1710 1057 1827 1125 τὴν
1851 1054 2148 1123 διαθήκην

565 1167 685 1217 μου
705 1150 802 1204 διὰ
827 1150 934 1204 τοῦ
958 1148 1256 1218 στόματός
1283 1160 1436 1208 σου;
1461 1142 1543 1197 Σὺ
1577 1141 1645 1195 δὲ
1686 1140 1986 1209 ἐμίσησας
2021 1149 2148 1190 παι-

570 1233 759 1297 δείαν,
781 1230 880 1287 καί
898 1231 1179 1297 ἐξέϐαλες
1199 1228 1342 1296 τοὺς
1360 1229 1580 1297 λόγους
1598 1241 1718 1295 μου
1735 1226 1823 1290 εἱς
1842 1222 1915 1277 τὰ
1931 1222 2143 1275 ὀπίσω.

573 1319 643 1371 El
662 1315 929 1385 ἐθεώρεις
944 1313 1233 1381 κλέπτην,
1254 1309 1614 1379 συνέτρεχες
1649 1304 1829 1373 αὐτῷ,
1869 1305 1966 1359 καί
2000 1304 2149 1375 μετὰ

574 1398 799 1467 μοιχῶν
843 1397 960 1466 τὴν
1005 1396 1219 1467 μερίδα
1263 1409 1380 1449 σου
1412 1392 1648 1457 ἐτίθεις.
1688 1389 1759 1444 Τὸ
1798 1388 1994 1457 στόμα
2029 1401 2146 1441 σου

573 1480 911 1535 ἐπλεόνασε
936 1478 1199 1541 ἀδικίαν,
1218 1476 1316 1531 καί
1345 1476 1385 1543 η
1412 1471 1667 1546 γλῶσσά
1695 1485 1811 1526 σου
1838 1468 2151 1538 περιέπλε-

576 1581 646 1618 κε
666 1563 1036 1631 δολιότητας.
1056 1558 1405 1628 Καθήμενος
1430 1556 1580 1610 κατὰ
1600 1555 1705 1609 τοῦ
1736 1552 2003 1622 ἀδελφοῦ
2029 1565 2148 1606 σου

574 1645 948 1711 κατελάλεις,
1001 1642 1103 1697 καὶ
1149 1642 1300 1697 κατὰ
1331 1639 1440 1694 τοῦ
1468 1640 1602 1694 υίοῦ
1632 1637 1743 1707 τῆς
1776 1637 2002 1707 μητρός
2029 1649 2147 1689 σου

572 1730 785 1794 ἐτίθεις
806 1725 1173 1781 σκάνδαλον.
1198 1723 1361 1777 Ὅθεν
1380 1721 1539 1793 δῆλον
1569 1721 1651 1774 δτι
1692 1720 1791 1791 οὐχ
1841 1717 2026 1782 ἁπλῶς
2058 1719 2148 1771 ἐν·

574 1811 748 1865 ταῦθα
764 1811 1117 1884 παρῃτήσατο
1142 1806 1239 1872 τάς
1259 1805 1469 1871 θυσίας,
1492 1805 1609 1859 ἀλλ’
1632 1803 1819 1874 ἐπειδὴ
1842 1801 2146 1873 ἐμοίχευον,

575 1894 761 1966 ἐπειδὴ
792 1882 1070 1958 ἔκλεπτον,
1105 1888 1291 1960 ἐπειδὴ
1328 1891 1442 1952 τοῖς
1478 1886 1725 1957 ἀδελφοῖς
1774 1884 2147 1938 ἐπεϐούλευον.

576 1979 687 2031 Καὶ
716 1978 942 2039 ἕκαστος
974 1975 1052 2040 δὲ,
1086 1974 1240 2044 φησὶ,
1281 1972 1391 2026 τῶν
1441 1968 1738 2043 προφητῶν
1762 2009 1779 2035 ,
1826 1966 2150 2040 κατηγορῶν

572 2061 682 2116 τῶν
705 2058 1087 2132 προσαγόντων
1114 2057 1214 2121 τάς
1235 2055 1445 2120 Θυσίας,
1475 2052 1647 2117 οῦτως
1681 2051 1851 2116 αὐτὰς
1893 2052 1987 2105 τὸν
2017 2050 2150 2106 Θεὸν

576 2141 960 2216 παραιτεῖσθαι
984 2140 1154 2209 λέγει.

647 2294 709 2347 δ’.
728 2291 913 2346 Ταῦτα
927 2293 975 2344 οἱ
992 2289 1363 2356 ἀντιλέγοντες
1378 2289 1511 2359 ἡμῖν
1525 2286 1795 2355 λέγουσιν·
1813 2286 1927 2339 ἀλλ’
1951 2282 2152 2357 ἀρκοῦ-

580 2393 678 2429 σαν
706 2375 907 2429 ἔδωκεν
927 2374 1114 2436 αὐτοῖς
1144 2370 1356 2442 πληγὴν
1376 2370 1404 2422 6
1436 2369 1671 2435 Παῦλος,
1694 2368 1792 2423 καὶ
1832 2368 2033 2431 ἱκανῶς
2053 2368 2152 2422 αὐ-

577 2456 687 2511 τῶν
710 2456 1039 2526 ἐπεστόμισε
1065 2456 1165 2528 τὴν
1189 2453 1575 2524 ἀναισχυντίαν
1593 2450 1683 2506 διὰ
1713 2451 1813 2522 τῆς
1846 2451 2153 2523 μαρτυρίας

576 2540 800 2611 ταύτης.
840 2538 1174 2608 Βουλόμενος
1209 2536 1319 2607 γὰρ
1353 2534 1526 2600 δεῖξαι
1546 2535 1631 2588 ὅτι
1668 2534 1839 2604 αὐτὴν
1881 2533 1979 2604 τὴν
2004 2533 2154 2587 πολι-

577 2625 730 2679 τείαν
763 2624 841 2686 ὡς
892 2621 1249 2693 ἀτελεστέραν
1286 2618 1544 2674 ἀπώσατο
1580 2620 1610 2671 6
1640 2618 1775 2681 Θεὸς
1819 2619 1914 2672 καὶ
1963 2618 2154 2689 ἀργεῖν

580 2708 826 2777 ἐποίησε,
853 2704 1059 2774 ταύτης
1084 2702 1381 2757 ἐπελάϐετο
1402 2703 1502 2774 τῆς
1524 2701 1851 2773 μαρτυρίας,
1883 2704 1940 2755 ἐν
1969 2695 2003 2774 ᾖ
2030 2718 2156 2755 κατ-

581 2789 778 2861 ηγορία
814 2788 912 2859 μὲν
943 2786 1052 2840 τῶν
1074 2785 1456 2858 προσαγόντων
1484 2785 1585 2838 οὐκ
1617 2784 1754 2849 ἐστι,
1787 2784 1851 2837 τὸ
1879 2784 1937 2839 δὲ
1965 2783 2155 2849 ἀτελὲς

580 2873 751 2943 αὐτῆς
778 2870 982 2943 γυμνὸν
998 2869 1129 2924 αὐτὸ
1155 2867 1273 2922 καθ’
1302 2868 1465 2921 ἐαυτὸ
1491 2866 1760 2937 φαίνεται.
1808 2868 1867 2921 '0
1884 2867 1994 2941 γὰρ
2022 2884 2156 2939 προ-

582 2958 756 3029 φήτης
774 2956 925 3011 οὐδὲν
954 2955 1337 3025 κατηγορήσας
1363 2952 1471 3005 τῶν
1499 2950 1782 3017 Ἰουδαίων,
1808 2952 1994 3016 ἁπλῶς
2014 2952 2155 3007 οὕτω

580 3038 743 3111 φησίν
762 3054 776 3068 ·
796 3038 1026 3093 Θυσίαν
1051 3036 1148 3091 καί
1174 3035 1530 3105 προσφορὰν
1549 3037 1662 3090 οὐκ
1693 3035 2022 3103 ἠθέλησας,
2039 3035 2156 3090 σῶ-

573 3137 660 3191 μα
687 3120 756 3175 δέ
784 3120 1118 3189 κατηρτίσω
1140 3136 1261 3188 μοι,
1285 3117 1748 3187 ὁλοκαυτώματα
1770 3117 2020 3187 καὶπερὶ
2045 3116 2156 3187 τῆς

580 3204 868 3274 ἁμαρτίας
891 3204 1005 3257 οὐκ
1026 3201 1396 3271 ηὑδόκησας.
1420 3202 1541 3255 Καὶ
1582 3199 1899 3271 ἑρμηνεύων
1942 3200 2100 3253 τοῦτο
2126 3202 2157 3254 ό

584 3286 793 3350 Παῦλος
828 3285 1041 3351 ἐλεγενο
1088 3282 1338 3351 Ἀναιρεῖ
1350 3282 1417 3336 τὸ
1448 3280 1693 3350 πρῶτον.
1728 3283 1831 3336 ἵνα
1860 3281 1928 3336 τὸ
1959 3281 2158 3336 δεύτε-

574 3387 690 3438 ρον
713 3370 938 3437 στήσῃ.
969 3369 1033 3422 El
1061 3368 1160 3439 μὲν
1181 3366 1291 3439 γὰρ
1322 3365 1465 3434 εἷπε,
1510 3366 1742 3421 Θυσίαν
1770 3366 1870 3420 καί
1897 3380 2160 3437 προσφο-

574 3454 696 3523 ρὰν
718 3456 830 3509 οὐκ
848 3452 1177 3521 ἠθέλησας,
1198 3451 1292 3505 καὶ⁸
1314 3451 1589 3521 ἐσίγησεν,
1606 3447 1752 3522 εἶχεν
1779 3463 1805 3492 ι
1822 3451 1887 3506 ἄν
1913 3469 2035 3509 τινα
2049 3452 2157 3524 χώ-

585 3553 684 3610 ραν
722 3538 802 3600 εἱς
835 3534 1128 3603 ἀπολογίαν
1158 3536 1188 3587 ό
1210 3534 1398 3602 λόγος·
1432 3533 1527 3588 νῦν
1561 3533 1619 3587 δέ
1641 3534 1813 3588 εἱπὼν
1833 3574 1847 3599 ,
1882 3536 2058 3606 Σῶμα
2087 3536 2157 3590 δέ

584 3620 917 3687 κατηρτίσω
930 3635 1053 3687 μοι,
1068 3617 1164 3670 καὶ
1175 3616 1354 3684 δείξας
1368 3618 1560 3688 ἑτέραν
1580 3619 2045 3689 είσενηνεχθεῖσαν
2061 3619 2157 3673 θυ-

584 3701 730 3765 σίαν,
757 3699 1010 3770 οὐδεμίαν
1038 3698 1224 3752 λοιπὸν
1248 3698 1436 3752 ἐλπίδα
1458 3699 1625 3753 ἐδωκε
1644 3699 1739 3752 τοῦ
1757 3700 1916 3756 πάλιν
1942 3703 2156 3774 ἐκείνην

584 3780 917 3837 ἐπανελθεῖν.
938 3782 1047 3835 Καὶ
1065 3781 1199 3835 αὐτὸ
1222 3780 1381 3834 τοῦτο
1404 3781 1719 3853 ἑρμηνεύων
1739 3785 1768 3836 ό
1790 3783 1999 3848 Παῦλος
2036 3785 2158 3839 ἐλε-

583 3882 702 3931 γεν,
753 3865 835 3917 ὅτι
873 3864 976 3918 Διά
1014 3862 1125 3929 τῆς
1162 3862 1512 3933 προσφορᾶς
1548 3865 1767 3933 ταύτης
1803 3866 2156 3936 ἡγιασμένοι

582 3946 771 4017 ἐσμὲν
805 3948 875 4001 έν
899 3945 979 4012 τῷ
1010 3946 1297 4016 θελήματι
1326 3946 1434 4001 τοῦ
1459 3949 1736 4015 Χριστοῦ.
1760 3952 1829 4004 Ei
1866 3950 1977 4021 γὰρ
2014 3946 2158 4021 αἷμα

583 4031 815 4099 ταύρων
852 4029 952 4084 καὶ
991 4029 1241 4099 τράγων,
1263 4029 1418 4101 φησὶ,
1448 4030 1547 4084 καὶ
1582 4032 1814 4098 σποδὸς
1848 4033 2158 4103 δαμάλεως

578 4111 937 4181 ῥαντίζουσα
959 4112 1101 4178 τοὺς
1120 4112 1592 4181 κεκοινωμένους
1617 4114 1836 4185 ἁγιάζει
1870 4118 2019 4184 πρὸς
2041 4117 2158 4186 τὴν

582 4194 691 4263 τῆς
722 4195 951 4264 σαρκὸς
993 4196 1383 4263 καθαρότητα,
1427 4197 1601 4264 πόσῳ
1642 4195 1885 4267 μᾶλλον
1914 4199 1982 4252 τὸ
2015 4195 2159 4270 αἷμα

582 4278 689 4332 τοῦ
715 4277 996 4345 Χριστοῦ,
1025 4277 1095 4343 ὃς
1121 4276 1219 4332 διὰ
1244 4275 1591 4347 Πνεύματος
1623 4281 1795 4350 ἁγίου
1819 4284 2155 4353 προσήνεγ-

585 4378 692 4421 κεν
737 4360 957 4415 ἑαυτὸν
1002 4360 1267 4430 ἄμωμον,
1322 4362 1591 4430 καθαριεῖ
1630 4363 1745 4432 τὴν
1797 4366 2157 4435 συνείδησιν

584 4442 755 4513 ἡμῶν
781 4443 899 4504 ἀπὸ
929 4442 1157 4512 νεκρῶν
1186 4444 1373 4513 ἐργων
1388 4462 1409 4510 ;
1441 4446 1561 4499 Ὅτι
1591 4447 1689 4517 μὲν
1718 4443 1811 4502 οὖν
1844 4449 2028 4504 ἐκεῖνα
2057 4450 2156 4504 πέρ

585 4544 810 4591 παυται,
836 4528 929 4580 καὶ
954 4527 1118 4598 ἕτερα
1151 4527 1642 4599 ἀντεισενήνεκται,
1674 4532 1770 4584 καὶ
1800 4533 1901 4585 οὐκ
1932 4533 2011 4586 ἐτι
2047 4532 2156 4587 λοι-

582 4610 685 4669 πὸν
715 4610 1099 4683 ἀναστήσεται,
1123 4611 1321 4676 ἱκανῶς
1334 4612 1581 4666 ἐντεῦθεν
1604 4614 1998 4689 ἀποδέδεικται.
2017 4616 2155 4689 Φέρε

582 4693 646 4765 δὴ
671 4693 878 4759 λοιπὸν,
913 4693 942 4746 ὃ
974 4693 1142 4746 πάλαι
1173 4694 1574 4766 ἐσπουδάζομεν
1594 4696 1786 4762 δεῖξαι,
1816 4685 1897 4751 δτι
1929 4699 2023 4752 καὶ
2053 4685 2155 4769 τῆς

588 4775 883 4847 ἱερωσύνης
926 4776 955 4828 6
987 4776 1186 4847 τρόπος
1215 4778 1421 4840 ἐκεῖνος
1464 4779 1564 4832 οὐκ
1610 4778 1689 4841 ἔτι
1724 4781 1993 4850 φαίνεται,
2034 4783 2156 4835 οὐδέ

583 4859 843 4929 ἐπανήξει
889 4857 1072 4924 πάλιν,
1122 4858 1303 4931 ῥητῶς
1344 4859 1502 4921 τοῦτο
1558 4862 1652 4917 καὶ
1681 4863 1869 4933 σαφῶς
1912 4864 2021 4918 ἀπὸ
2045 4862 2154 4917 τῶν

584 4941 815 5014 Γραφῶν
852 4941 1030 4994 αὐτῶν
1064 4943 1379 5013 ποιήσωμεν
1403 4946 1671 5017 φανερὸν,
1706 4947 1861 5017 όλίγα
1893 4948 2156 5020 πρότερον

584 5028 711 5096 ὑμῖν
756 5025 1131 5095 προειπόντες,
1175 5025 1317 5080 ὥστε
1376 5028 1714 5100 σαφεστέραν
1764 5030 2016 5099 γενέσθαι
2046 5030 2155 5084 τῶν

582 5109 887 5180 λεγομένων
909 5109 1008 5181 τὴν
1042 5109 1362 5180 ἑρμηνείαν.
1410 5110 1663 5183 Ἀϐραὰμ
1701 5113 2012 5167 ἐπανελθὼν
2045 5114 2157 5168 ἀπὸ

580 5194 678 5263 τῆς
712 5192 969 5264 Περσίδος
998 5193 1256 5264 ἐγέννησε
1275 5193 1368 5255 τὸν
1423 5194 1642 5260 Ἰσαάκ,
1673 5193 1795 5250 εἶτα
1824 5198 2032 5262 ἐκεῖνος
2063 5198 2155 5254 τὸν

595 5273 808 5339 Ἰακὼϐ,
855 5276 884 5328 6
923 5274 1120 5329 Ἰακὼϐ
1154 5278 1281 5341 τοὺς
1328 5277 1536 5332 δώδεκα
1589 5278 1953 5351 πατριάρχας,
1989 5281 2050 5346 ἐξ
2079 5276 2155 5335 ὧν

581 5359 826 5427 ἐγένοντο
852 5356 984 5414 δέκα
1007 5360 1101 5413 καὶ
1129 5359 1221 5414 δύο
1247 5360 1432 5430 φυλαὶ,
1462 5360 1663 5432 μᾶλλον
1686 5361 1744 5415 δὲ
1767 5364 2149 5433 τρισκαίδεκα·

645 5597 671 5660 _‘
696 5594 860 5660 quf.
888 5594 1067 5660 edebat
1088 5616 1111 5660 :_
1137 5594 1267 5644 Ἐπεὶ
1295 5598 1378 5657 μὲν
1398 5596 1544 5660 γὰρ...
1568 5599 1818 5660 ἡθῇησας,
1859 5598 1962 5660 εἶτα
1986 5601 2151 5659 εἰπὼν,

586 5658 730 5722 ζίῶμα
887 5659 936 5722 it}
960 5656 1181 5722 gngrgjne
1202 5656 1305 5722 mgni
1326 5656 1503 5722 nql'aris
1528 5679 1538 5705 :
1565 5658 1719 5722 Sapit.
1745 5665 1791 5722 εί
1812 5657 2013 5722 quidam
2033 5656 2150 5711 mu;

583 5716 832 5785 ᾓθέὶησας,
851 5716 931 5785 καὶ
953 5716 1187 5785 ἐσίγησεν,
1226 5718 1347 5785 εἶχεν
1369 5719 1425 5765 ἄν
1444 5736 1546 5785 τινα
1570 5721 1729 5784 χώραν
1751 5716 2100 5785 εἰς’ἀπολογίαν
2124 5724 2151 5772 ό

586 5777 603 5827 ἶ(
615 5777 735 5839 ὀιρς·
760 5776 841 5829 νῦν
860 5776 912 5827 δὲ
931 5777 1091 5836 εἰπὼν,
1112 5779 1255 5825 Σῶμα
1269 5776 1322 5826 ’δὲ
1349 5776 1634 5845 κατηρτίσω.

1310 373 1367 430 S.
1402 367 1689 427 JOANNIS
1725 352 2230 422 CHRYSOSTOMI
2266 353 2585 415 ARCHIEP-.
2624 354 3170 417 CONSTANTINOP.

3690 362 3776 419 9‘22

2242 474 2362 528 ἀντὶ
2392 474 2501 546 γὰρ
2531 473 2625 527 τοῦ
2671 472 2868 545 Ἰωσὴφ
2897 473 2947 526 οἱ
2995 470 3181 533 παῖδες
3211 469 3394 537 αὐτοῦ,
3443 471 3667 545 Ἐφρατμ
3700 481 3780 535 καὶ

2242 555 2544 627 Μανασσῆς
2558 555 2804 624 ἐγένοντο
2827 554 2971 624 φύλα
2979 570 3115 625 ρχοι.
3136 551 3287 625 [668]
3299 554 3409 607 Καὶ
3428 554 3667 629 καθάπερ
3678 558 3780 616 tu.

2244 653 2355 709 στῳ
2386 636 2498 691 τῶν
2527 638 2659 691 υἱῶν
2693 635 2888 692 Ἰακὼϐ
2911 636 3199 707 ἐπώνυμος
3226 631 3293 706 ἦν
3315 634 3477 708 φυλὴ,
3523 637 3614 690 τοῦ
3646 639 3779 695 Ῥου-

2242 726 2343 798 ϐὶμ
2364 767 2379 792 ,
2405 727 2499 781 τοῦ
2528 727 2777 799 Συμεὼν,
2812 728 2908 783 τοῦ
2930 727 3081 793 Λευῒ,
3115 725 3211 780 τοῦ
3250 726 3438 791 Ἰούδα,
3471 726 3562 782 τοῦ
3591 729 3780 799 Νεφθα·

2243 807 2359 880 λὶμ,
2386 810 2482 863 τοῦ
2534 809 2641 864 Γὰδ
2662 850 2677 875 ,
2708 810 2805 865 τοῦ
2846 811 3034 882 Ἀσὴρ,
3074 809 3168 864 τοῦ
3198 810 3489 879 Βενιαμὶν,
3521 811 3680 877 οὓτως
3703 815 3781 868 ἐπὶ

2243 892 2338 946 τοῦ
2381 892 2577 964 Ἰωσὴφ
2605 894 2656 947 οἱ
2710 895 2898 958 παῖδες
2959 896 3008 948 οί
3067 894 3276 948 ἐκείνου
3302 934 3316 958 ,
3362 895 3655 966 Μανασσῆς
3702 901 3781 953 καὶ

2260 975 2524 1048 Ἐφραῒμ,
2553 976 2649 1030 δύο
2672 976 2855 1046 φυλῶν
2886 975 3215 1045 1’γεγόνασιν
3245 974 3518 1047 ἐπώνυμοι
3537 993 3551 1008 ⁸
3575 979 3661 1032 καὶ
3675 980 3782 1034 ἐκα-

2245 1059 2386 1113 λεῖτο
2419 1059 2561 1130 φυλὴ
2597 1061 2633 1129 ή
2681 1059 2783 1130 μὲν
2809 1058 2903 1112 τοῦ
2951 1057 3212 1130 Ἐφραίμ,
3255 1060 3289 1130 ή
3315 1058 3375 1111 δὲ
3402 1058 3497 1112 τοῦ
3526 1061 3779 1134 Μανασσῆ.

2247 1139 2369 1194 Τῶν
2389 1140 2743 1212 τρισκαίδεκα
2774 1140 2950 1195 τοίνυν
2980 1141 3188 1196 τούτων
3220 1141 3424 1211 φυλῶν,
3454 1144 3511 1195 αἱ
3539 1147 3631 1214 μὲν
3652 1144 3781 1199 ἄλλαι

2248 1224 2420 1277 πᾶσαι
2447 1223 2651 1295 ἀγροὺς
2662 1223 2821 1296 ἔσχον
2840 1225 2935 1277 καὶ
2953 1224 3246 1296 προσόδους
3264 1222 3486 1290 πολλὰς,
3511 1226 3600 1278 καὶ⁵
3619 1226 3785 1299 ἐγεώρ-

2246 1322 2376 1375 γουν
2411 1307 2601 1372 πᾶσαι,
2636 1306 2729 1360 καὶ
2754 1305 2823 1360 τὰ
2845 1305 2981 1361 ἄλλα
3012 1307 3227 1361 ἅπαντα
3262 1306 3528 1379 ἔπραττον
3545 1307 3611 1361 τὰ
3630 1308 3783 1379 βιωτι-

2248 1387 2347 1442 κά·
2382 1390 2415 1458 ἡ
2457 1388 2514 1441 δὲ
2546 1386 2637 1443 τοῦ
2683 1387 2817 1442 Λευῒ
2849 1389 2989 1461 φυλὴ
3034 1388 3301 1463 ἱερωσύνῃ
3331 1389 3631 1461 τιμηθεῖσα,
3670 1393 3784 1463 μόνη

2246 1470 2356 1525 τῶν
2386 1472 2483 1543 μὲν
2517 1470 2785 1541 βιωτικῶν
2800 1472 2978 1545 ἔργων
3007 1473 3343 1546 ἀπήλλακτο,
3364 1475 3460 1527 καὶ
3483 1474 3594 1527 οὐδὲ
3608 1474 3784 1545 ἐγεώρ-

2247 1570 2397 1623 γουν,
2429 1553 2551 1607 οὐδὲ
2580 1553 2774 1625 τέχνας
2826 1555 3117 1627 μετῄεσαν,
3164 1555 3286 1609 οὐδὲ
3337 1554 3465 1607 ἄλλο
3507 1573 3558 1608 τι
3580 1555 3783 1611 τοιοῦτον

2248 1636 2399 1691 οὐδὲν
2428 1636 2931 1711 ἐπραγματεύοντο,
2958 1637 3096 1693 ἀλλά
3127 1641 3193 1710 τῇ
3237 1637 3507 1711 ἱερωσύνῃ
3534 1642 3784 1709 προσεῖχον

2252 1719 2407 1793 μόνῃ,
2442 1721 2536 1773 καὶ
2561 1719 2794 1785 δεκάτας
2813 1720 3119 1792 ἐλάμϐανον
3150 1721 3303 1792 παρὰ
3330 1720 3530 1785 παντὸς
3548 1720 3635 1774 τοῦ
3656 1720 3785 1785 λαοῦ,

2248 1803 2343 1856 καὶ
2366 1801 2510 1856 οίνου
2537 1803 2632 1856 καὶ
2657 1803 2833 1875 πυροῦ
2849 1805 2946 1857 καὶ
2973 1802 3200 1875 κριθῶν,
3214 1803 3312 1858 καὶ
3327 1803 3436 1857 τῶν
3460 1803 3625 1858 ἄλλων
3643 1804 3787 1858 ἁπάν-

2248 1902 2377 1949 των,
2393 1885 2494 1949 τὰς
2521 1884 2757 1950 δεκάτας
2790 1887 2976 1951 αὐτοῖς
3004 1886 3248 1941 ἐδίδοσαν
3282 1886 3503 1953 πάντες,
3536 1887 3625 1941 καὶ
3654 1886 3788 1941 τοῦτο

2248 1964 2316 2041 ἦν
2338 1970 2520 2033 αὐτοῖς
2544 1969 2804 2041 πρόσοδος
2825 1986 2840 2001 ·
2875 1971 2969 2024 καὶ⁵
2999 1971 3100 2024 οὐκ
3124 1969 3252 2042 ἐξῆν
3289 1969 3353 2036 ἐξ
3380 1970 3625 2042 οὐδεμιᾶς
3649 1971 3788 2043 ἄλλης

2250 2054 2424 2125 φυλῆς
2451 2054 2600 2124 ἱερέα
2623 2054 2874 2123 γενέσθαι
2906 2055 3058 2109 ποτέ.
3098 2055 3232 2109 Ἀπὸ
3255 2055 3368 2127 γὰρ
3387 2055 3583 2127 ταύτης
3606 2055 3789 2125 ἐγένετο

2248 2138 2347 2211 τῆς
2374 2137 2547 2209 φυλῆς
2578 2137 2810 2210 Ἀαρὼν,
2840 2139 2939 2211 τῆς
2961 2139 3056 2193 τοῦ
3077 2138 3209 2194 Λευῖ
3228 2138 3397 2210 λέγω,
3429 2139 3521 2194 καὶ
3543 2139 3671 2193 κατὰ
3692 2140 3787 2193 δια-

2248 2210 2408 2292 δοχὴν
2442 2221 2493 2273 οἱ
2538 2220 2752 2289 ἐγκονοι
2781 2231 2805 2260 α
2845 2221 3058 2276 ἐκείνου
3096 2222 3197 2295 τὴν
3232 2222 3529 2294 ἱερωσύνην
3562 2222 3785 2293 ἐδέχοντο,

2249 2304 2346 2356 καὶ
2371 2303 2547 2366 οὐδεὶς
2575 2303 2832 2357 οὐδέποτε
2862 2304 2923 2369 ἐξ
2946 2305 3139 2374 ἐτέρας
3171 2305 3394 2374 ἐγένετο
3424 2304 3590 2375 φυλῆς
3617 2303 3784 2375 ἱερεύς.

2251 2380 2409 2441 Οὗτοι
2439 2387 2618 2441 τοίνυν
2656 2389 2705 2441 οἱ
2740 2386 2961 2449 Λευῖται
2992 2388 3224 2452 δεκάτας
3268 2389 3399 2461 παρ’
3434 2384 3602 2443 αὐτῶν
3642 2388 3786 2458 ἐλάμ-

2253 2469 2433 2535 ϐανον,
2471 2471 2568 2524 καὶ
2595 2469 2768 2535 οὕτως
2790 2471 3101 2544 ἐτρέφοντο.
3149 2473 3316 2528 Ἀλλά
3337 2474 3430 2528 καὶ
3462 2472 3564 2544 πρὸ
3590 2470 3673 2526 τοῦ
3704 2472 3789 2525 Ἰα-

2252 2552 2371 2607 κὼϐ
2395 2554 2490 2609 καὶ
2507 2554 2601 2608 τοῦ
2641 2553 2847 2621 Ἰσαὰκ,
2879 2556 2972 2608 ἐπὶ
2998 2552 3092 2609 τοῦ
3134 2555 3411 2627 Ἀϐραὰμ,
3434 2556 3578 2609 οῦπω
3597 2554 3787 2625 γενομέ-

2252 2650 2342 2692 νου
2364 2638 2661 2704 Μωῦσέως,
2685 2638 2807 2691 οὐδὲ
2831 2638 2999 2710 νόμου
3023 2640 3356 2712 γραφέντος,
3386 2640 3505 2694 οὐδὲ
3533 2640 3624 2711 τῆς
3652 2641 3787 2709 ἱερω-

2254 2720 2420 2791 σύνης
2444 2722 2541 2792 τῆς
2567 2724 2860 2793 Λευῖτικῆς
2884 2722 3048 2793 δήλης
3071 2721 3263 2793 οῦσης,
3286 2724 3350 2776 οὐ
3370 2723 3586 2795 σκηνῆς,
3607 2722 3661 2775 οὐ
3681 2719 3786 2773 ναοῦ

2253 2802 2566 2874 γενομένου,
2587 2804 2649 2856 οὐ
2679 2804 2787 2858 τῶν
2818 2804 3001 2874 φυλῶν
3020 2805 3480 2877 διακεκριμένων,
3505 2806 3566 2859 οὐ
3593 2804 3683 2874 τῆς
3711 2803 3790 2855 Ἰε-

2258 2885 2535 2957 ρουσαλὴμ
2562 2886 2913 2961 φαινομένης,
2936 2886 3149 2951 οὐδενὸς
3177 2886 3326 2953 ὅλως
3340 2888 3545 2943 οὐδέπω
3566 2887 3663 2941 τῶν
3677 2884 3792 2938 κατά

2267 2968 2549 3033 Ἰουδαίους
2574 2970 2915 3042 πραγμάτων
2949 2971 3124 3042 ἀρχὴν
3157 2971 3453 3037 λαϐἇντος,
3496 2971 3691 3039 ἐγένετό
3725 2983 3791 3024 τις

2254 3053 2589 3124 Μελχισεδὲκ
2624 3055 2801 3132 ἱερεὺς
2837 3053 2932 3108 τοῦ
2974 3054 3110 3113 Θεοῦ
3159 3055 3254 3110 τοῦ
3313 3055 3550 3126 ὑψίστου.
3593 3049 3794 3113 Οὐτοςό

2255 3136 2588 3208 Μελχισεδὲκ
2622 3137 2759 3209 όμοῦ
2785 3139 2883 3191 καὶ
2912 3138 3165 3209 βασιλεὺς
3195 3140 3305 3193 καὶ⁹
3335 3141 3507 3211 ἱερεὺς
3533 3134 3596 3210 ῆν
3614 3156 3627 3170 ·
3654 3136 3795 3198 τύπος

2254 3220 2363 3291 γάρ
2390 3220 2614 3294 ἔμελλεν
2643 3222 2864 3276 ἔσεσθαι
2890 3221 2986 3277 τοῦ
3014 3223 3273 3295 Χριστοῦ,
3319 3225 3414 3279 καὶ
3444 3225 3689 3295 μέμνηται
3715 3220 3794 3274 αὐ-

2255 3301 2348 3357 τοῦ
2380 3304 2565 3375 σαφῶς
2618 3307 2653 3378 ὴ
2701 3307 2914 3378 Γραφή.
2965 3306 3191 3381 Ἐπειδὴ
3221 3306 3343 3380 γὰρ
3384 3311 3412 3362 6
3452 3304 3680 3378 Ἀϐραὰμ
3701 3305 3792 3366 τοῖς

2254 3385 2495 3458 Πέρσαις
2517 3387 2813 3453 ἐπιπεσὼν,
2836 3389 2929 3443 καὶ
2954 3389 3046 3443 τὸν
3070 3389 3391 3459 ἀδελφιδοῦν
3417 3390 3505 3444 τὸν
3526 3387 3699 3443 ἑαυτοῦ
3715 3384 3789 3439 τὸν

2254 3468 2379 3522 Λὼτ
2402 3469 2717 3542 ἐξαρπάσας
2738 3471 2848 3526 τῶν
2874 3472 3098 3527 ἐκείνων
3119 3472 3345 3545 χειρῶν,
3391 3473 3483 3526 καὶ
3515 3471 3580 3525 τὰ
3609 3471 3787 3539 λάφυρα

2254 3551 2435 3607 λαϐὼν
2464 3554 2664 3618 πάντα,
2687 3556 2912 3629 ἐπανῄει
2935 3558 3163 3629 νικήσας
3182 3558 3328 3612 κατὰ
3346 3557 3537 3629 κράτος
3563 3554 3784 3616 ἐκείνους,

2254 3634 2398 3690 οὕτω
2429 3654 2547 3701 πως
2589 3636 2831 3709 περὶτοῦ
2870 3638 3205 3710 Μελχισεδὲκ
3233 3643 3268 3711 ή
3300 3641 3486 3712 Γραφή
3519 3653 3672 3708 φησι·
3698 3633 3786 3689 Καί

2255 3719 2628 3787 Μελχισεδέκ
2662 3721 2963 3789 βασιλεὺς
3007 3722 3223 3793 Σαλὴμ
3259 3724 3578 3794 ἐξήνεγκεν
3604 3720 3787 3788 ἄρτους

2255 3803 2355 3856 καὶ
2373 3799 2541 3857 οἶνον
2561 3818 2578 3860 τ
2603 3801 2683 3875 ἦν
2702 3805 2771 3859 δέ
2791 3806 2982 3874 ἱερεὺς
3007 3805 3115 3860 τοῦ
3134 3807 3286 3862 Θεοῦ
3308 3807 3414 3861 τοῦ
3433 3807 3694 3875 ὑψίστου,
3707 3798 3786 3853 καὶ

2254 3887 2565 3956 ηὐλόγησε
2591 3888 2701 3942 τὸν
2745 3889 3021 3960 ’Δϐραὰμ,
3062 3890 3160 3944 καί
3195 3887 3389 3945 εἶπεν·
3411 3884 3787 3963 Εὐλογημένος

2269 3970 2524 4040 Ἀϐραὰμ
2577 3971 2657 4038 τῷ
2707 3972 2829 4039 Θεῷ
2876 3973 2958 4039 τῷ
3011 3974 3294 4043 ὑψίστῳ,
3354 3973 3422 4040 ὃς
3469 3972 3656 4026 έκτισε
3700 3967 3787 4020 τὸν

2256 4056 2520 4122 οὐρανὸν
2560 4057 2658 4110 καί
2715 4056 2832 4126 τὴν
2883 4054 3023 4128 γῆν,
3089 4057 3187 4110 καί
3239 4054 3566 4126 εὐλογητὸς
3597 4056 3627 4108 ό
3667 4050 3784 4113 Θεθς

2256 4139 2289 4191 ό
2338 4137 2599 4205 ὕψιστος
2621 4179 2637 4204 ,
2700 4141 2762 4204 ὃς
2842 4140 3143 4208 παρέδωκε
3199 4140 3345 4206 τοὺς
3400 4138 3638 4209 ἐχθρούς
3690 4148 3784 4185 σου

2253 4222 2639 4289 ὑποχειρίους
2670 4239 2788 4276 σοι.
2820 4224 2929 4277 Καὶ
2961 4222 3186 4277 ἔδωκεν
3225 4223 3387 4290 αὐτῷ
3414 4220 3659 4288 δεκάτην
3688 4213 3782 4270 ἀπὸ

2256 4301 2499 4356 πάντων
2527 4304 2790 4374 Ἁϐραάμ.
2815 4307 2912 4359 Ἂν
2927 4305 3106 4359 τοίνυν
3122 4309 3263 4377 φανῇ
3280 4323 3367 4371 τις
3391 4304 3496 4359 τῶν
3511 4297 3785 4373 προφητῶν.

2256 4383 2449 4452 λέγων,
2479 4385 2561 4438 ὅτι
2591 4386 2729 4456 μετὰ
2753 4386 2845 4441 τὸν
2881 4388 3091 4459 ’Δαρὼν
3112 4388 3208 4442 καὶ
3236 4389 3338 4459 τήν
3371 4386 3652 4461 ἱερωσύνην
3674 4378 3782 4432 ἐκείο

2255 4482 2353 4537 νην
2378 4468 2473 4521 καὶ
2502 4467 2601 4532 τάς
2623 4469 2815 4535 θυσίας
2846 4471 3046 4535 ταύτας
3068 4472 3162 4525 καὶ
3199 4471 3302 4536 τὰς
3336 4467 3637 4541 προσφορὰς
3672 4465 3781 4518 ἁνα-

2258 4550 2513 4620 στήσεται
2551 4552 2727 4624 ἱερεὺς
2763 4553 2968 4625 ἕτερος,
3001 4555 3101 4608 οὐκ
3125 4554 3234 4608 ἀπὸ
3257 4555 3356 4625 τῆς
3392 4553 3559 4624 φυλῆς
3584 4547 3779 4613 ἐκείνης,

2255 4632 2371 4685 ἀλλ’
2397 4633 2457 4697 ἐξ
2502 4635 2695 4706 ἐτέρας
2724 4636 2817 4707 ἀφ’
2858 4633 2928 4708 ῆς
2962 4637 3219 4691 οὐδέποτε
3256 4638 3478 4707 γέγονεν
3527 4633 3700 4705 ἱερεὺς,
3731 4625 3780 4677 οὗ

2256 4716 2396 4769 κατά
2428 4716 2527 4789 τὴν
2547 4717 2699 4782 τάξιν
2729 4718 2960 4790 Ἀαρὼν,
2993 4718 3128 4773 ἀλλά
3160 4719 3304 4775 κατά
3325 4720 3424 4791 τὴν
3446 4717 3592 4784 τάξιν
3618 4712 3783 4779 Μελχι-

2257 4798 2434 4863 σεδὲκ,
2469 4799 2688 4873 εὔδηλον
2711 4802 2792 4855 ὅτι
2817 4805 2849 4873 ή
2872 4804 2968 4874 μὲν
2996 4802 3203 4857 παλαιά
3231 4803 3505 4857 πέπαυται
3535 4794 3778 4872 ἱερωσύνην

2255 4881 2418 4963 ἐτέρα
2449 4881 2507 4934 δέ
2529 4883 2623 4937 νέα
2652 4885 3140 4957 ἀντεισενήνεκται.
3191 4888 3254 4940 Εἰ
3278 4886 3388 4963 γὰρ
3416 4883 3626 4957 ἔμελλεν
3652 4881 3782 4963 ﬂia:

2255 4961 2381 5016 λαιά
2409 4967 2651 5036 κρατεῖν,
2681 4966 2743 5020 οὐ
2787 4969 2930 5022 κατά
2979 4971 3080 5041 τὴν
3108 4968 3260 5036 τάξιν
3292 4957 3635 5040 Μελχισεδὲκ.
3670 4957 3781 5041 ἀλλᾷ

2254 5046 2397 5101 κατά
2420 5046 2519 5119 τὴν
2545 5047 2701 5114 τάξιν
2736 5049 2963 5122 Ἀαρὼν,
2987 5038 3095 5105 ἔδει
3130 5038 3421 5120 λέγεσθαι.⁷
3438 5038 3531 5114 Τίς
3553 5045 3635 5102 οὖν
3655 5038 3782 5097 τοῦτό

2243 5124 2420 5200 ’φησιν
2445 5146 2459 5196 ἰ
2482 5131 2655 5197 Αὐτὸς
2680 5126 2833 5198 οὗτος
2861 5136 2889 5188 ὁ
2923 5135 3056 5206 περὶ
3085 5134 3193 5189 τῶν
3225 5134 3428 5188 θυσιῶν
3470 5130 3645 5193 εἰπὼν,
3677 5122 3781 5206 περὶ

2252 5212 2347 5265 τοῦ
2376 5214 2614 5285 Χριστοῦ
2638 5201 3019 5285 διαλεγόμενος
3038 5234 3052 5248 ο
3076 5218 3169 5271 καί
3197 5234 3301 5272 που
3318 5216 3473 5271 τοῦτό
3504 5225 3681 5286 φησιν·
3699 5201 3778 5261 Εἷ-

2252 5309 2367 5348 πεν
2394 5299 2427 5351 ό
2449 5298 2662 5367 Κύριος
2686 5296 2767 5364 τῷ
2814 5300 3011 5367 Κυρίῳ
3061 5319 3180 5369 μου
3200 5318 3215 5332 ο
3242 5300 3443 5355 Κάθου
3485 5300 3551 5351 ἑκ
3602 5287 3779 5356 δεξιῶν

2254 5601 2448 5713 Eligit:
2484 5608 2625 5655 recte
2669 5606 2877 5658 Savilius
2913 5613 2966 5657 et
2988 5606 3090 5657 alii.
3117 5604 3499 5656 Monlfauoonius
3535 5600 3611 5650 δύο
3644 5594 3776 5659 φυλαί-

2258 5708 2451 5839 ᾇζέᾉίὶ
2484 5726 2684 5790 ἔγγονοι.
2726 5727 2852 5779 Infra
2880 5730 3100 5795 quinque
3134 5741 3244 5783 mss,
3277 5726 3370 5791 πρὸ
3411 5721 3497 5776 ,ηδ
3521 5716 3682 5775 ἰαὼς
3696 5708 3769 5764 τος
