4046 6146
1108 300 1140 319 ρο·
1174 300 1181 312 ι
1264 298 1282 306 ’-

357 339 455 396 ‘3!

356 448 705 530 tiplicaveritis
748 452 1168 518 obsecrationem,
1209 464 1307 503 non
1338 445 1606 500 exaudiam
1657 458 1778 497 vos:
1812 456 1934 494 mox

356 562 571 602 causam
610 545 832 610 addens,
864 542 1236 615 prosequitur:
1261 538 1447 592 Manus
1473 538 1603 591 enim
1623 543 1803 589 vestrae
1819 549 1937 586 san-

360 639 513 709 guine
542 635 711 707 plenae
734 633 887 707 (lsai.
917 634 970 688 1.
1017 630 1131 699 15).
1155 630 1268 686 Hoc
1305 637 1481 683 autem
1513 642 1619 681 non
1653 632 1736 680 est
1775 622 1930 677 sicrio

364 732 480 786 licia
504 744 795 795 accusare,
851 727 963 783 sed
999 724 1334 782 oﬂ’erentium
1379 720 1710 791 iniquitatem
1754 715 1938 771 crimi-

359 821 499 877 nari.
555 819 623 875 Et
659 818 781 875 ideo
809 832 915 872 non
965 825 1180 885 accepta
1234 814 1418 869 habuit
1464 809 1758 874 sacriﬁcia,
1791 806 1932 877 quod

356 926 421 970 ea
460 911 707 967 manibus
750 909 973 979 impuris
1040 907 1311 963 offerrent.
1346 905 1577 961 Rursum
1621 898 1785 956 David
1813 913 1934 952 cum

356 1004 584 1059 dixisset
616 1020 630 1056 :
666 1001 788 1057 Non
815 1001 1066 1073 accipiam
1101 999 1164 1053 de
1215 999 1363 1053 domo
1413 1006 1501 1050 tua
1536 996 1718 1048 vitulos
1740 1032 1755 1056 ,
1781 1005 1940 1057 neque

357 1096 419 1148 de
441 1094 673 1166 gregibus
702 1096 800 1148 tuis
820 1093 987 1148 hircos
1004 1089 1173 1164 (Psal.
1197 1087 1376 1154 49.9).
1406 1085 1602 1156 adjecit
1631 1103 1645 1139 :
1671 1081 1939 1140 Peccatori

357 1194 523 1239 autem
549 1185 677 1238 dixit
706 1181 875 1246 Deus,
903 1186 1082 1248 Quare
1100 1189 1153 1233 tu
1183 1193 1392 1232 enarras
1438 1176 1662 1241 iustitias
1690 1190 1825 1228 meas
1845 1214 1858 1237 ,
1892 1183 1940 1226 et

357 1275 575 1329 assumis
624 1282 972 1328 testamentum
1009 1286 1173 1323 meum
1204 1283 1294 1339 per
1333 1283 1390 1321 os
1424 1268 1606 1320 tuum?
1641 1263 1720 1318 Tu
1773 1275 1941 1316 autem

360 1369 514 1423 adisti
550 1367 912 1435 disciplinam,
953 1371 998 1418 et
1038 1361 1265 1433 abjecisti
1298 1376 1550 1415 sermones
1590 1374 1726 1413 meos
1755 1367 1940 1411 retror.

361 1476 492 1513 sum.
521 1458 581 1514 Si
611 1457 811 1511 uidebas
836 1456 1036 1526 furem,
1064 1452 1297 1509 currebas
1322 1469 1438 1506 cum
1471 1469 1557 1518 eo,
1586 1462 1631 1505 et
1652 1468 1765 1505 cum
1792 1450 1943 1505 adul-

361 1551 482 1603 teris
534 1553 817 1618 partienem
871 1556 1010 1600 tuam
1057 1545 1279 1616 ponebas
1321 1558 1343 1598 :
1387 1561 1444 1598 os
1489 1553 1629 1597 tuum
1667 1543 1941 1598 abundavit

361 1640 588 1706 malitia,
628 1648 674 1693 et
699 1637 875 1709 lingua
924 1648 1011 1690 tua
1036 1635 1328 1691 contexebat
1368 1636 1513 1690 dolos
1545 1636 1761 1691 :sedens
1784 1678 1798 1701 ,
1840 1635 1939 1688 ad-

359 1747 529 1784 versus
583 1730 794 1798 fratrem
839 1737 983 1781 tuum
1031 1726 1377 1792 obtrectabas,
1407 1736 1454 1780 et
1491 1728 1732 1780 adversus
1776 1726 1940 1796 ﬁlium

358 1821 549 1874 nmtris‘
582 1829 683 1875 luce
723 1817 942 1890 ponebas
992 1817 1356 1886 o/fendiculum
1403 1817 1576 1890 (Psal.
1611 1822 1702 1874 49.
1738 1816 1938 1890 16-20).

361 1910 513 1968 Unde
541 1908 877 1981 perspicuum
918 1918 998 1964 est
1024 1951 1038 1977 ,
1068 1908 1209 1979 quod
1238 1924 1344 1963 non
1398 1909 1484 1964 hic
1512 1908 1730 1964 omnino
1756 1906 1947 1977 reiecit,

359 2001 655 2069 sacrificia,
709 2000 803 2056 sed
875 2001 1124 2071 quoniam
1188 1999 1632 2067 moeehabantur,
1690 1998 1939 2068 quoniam

358 2095 703 2160 furabantur,
734 2093 986 2163 quoniam
1038 2090 1291 2146 fratribus
1346 2089 1752 2146 insidiabantur.
1785 2088 1940 2144 Certe

355 2202 478 2241 cum
524 2186 886 2257 unusquisque
933 2182 1312 2255 prophetarum
1342 2226 1357 2252 ,
1405 2183 1695 2252 inquiunt,
1726 2191 1941 2236 accuset

356 2278 640 2333 offerentes
724 2272 1027 2342 sacriﬁcia,
1098 2278 1174 2332 sic
1244 2276 1331 2331 illa
1409 2276 1577 2332 Deum
1673 2275 1940 2345 respuisse

356 2369 504 2424 dicit.

430 2461 479 2514 4.
513 2459 769 2514 Probatur
822 2463 983 2531 legem
1028 2459 1280 2514 sublatam
1306 2459 1464 2530 fuisse
1486 2475 1591 2513 non
1639 2458 1702 2512 ob
1734 2467 1939 2529 peccata

356 2553 655 2608 Judeeorum
677 2595 692 2621 ,
722 2554 810 2609 sed
835 2554 973 2625 quod
1016 2554 1308 2625 imperfecta
1334 2560 1572 2607 esset.—-
1593 2552 1720 2608 Haec
1748 2551 1938 2607 adver-

357 2646 486 2702 sarii
511 2647 684 2702 nostri
731 2647 942 2713 dicunt,
970 2646 1064 2702 sed
1093 2647 1288 2703 Paulus
1314 2646 1417 2701 illis
1443 2647 1647 2717 plagam
1671 2645 1799 2700 satis
1828 2662 1938 2701 ma-

354 2754 512 2809 gnam
556 2739 780 2804 inﬂixit,
813 2747 867 2795 et
892 2739 1103 2795 abunde
1128 2739 1340 2794 illorum
1386 2738 1728 2808 impudentia:
1771 2738 1936 2793 silen-

358 2827 490 2883 tium
551 2829 832 2899 imposuit;
883 2829 983 2884 hoc
1042 2829 1366 2884 testimonio.
1418 2830 1551 2884 Cum
1596 2832 1738 2884 enim
1778 2829 1939 2885 vellet

356 2920 680 2988 ostendere,
724 2922 889 2975 Deum
935 2921 1104 2993 ipsam
1154 2920 1461 2976 Iudaeorum
1513 2921 1824 2991 religionem
1881 2929 1938 2976 ut

356 3012 799 3083 imperfectiorem
845 3015 1135 3083 rejeeisse,
1204 3014 1512 3084 irritamque
1559 3013 1785 3079 fecisse,
1835 3012 1937 3068 hoc

358 3104 652 3173 assumpsit
693 3105 1092 3173 testimonium,
1148 3105 1200 3159 in
1244 3120 1350 3174 quo
1388 3104 1654 3159 accusatio
1703 3104 1936 3159 oll'eren-

354 3197 487 3251 tium
535 3196 680 3251 nulla
729 3207 842 3263 est,
884 3197 978 3251 sed
1027 3196 1193 3266 ipsius
1261 3196 1532 3266 religionis
1602 3194 1936 3265 imperfectio

355 3287 494 3343 nuda
538 3303 636 3360 per
657 3304 715 3343 se
741 3288 1059 3343 declaratur.
1089 3287 1354 3359 Propheta
1405 3287 1547 3342 enim
1581 3287 1723 3342 nulla
1770 3287 1821 3341 in
1876 3302 1937 3343 re

352 3395 612 3435 accusans
651 3380 899 3448 Jud:eos,
937 3380 1248 3451 simpliciter
1294 3379 1371 3434 sic
1410 3379 1684 3450 loquitur:
1718 3379 1936 3447 Sacri/i-

354 3473 489 3526 cium
536 3481 583 3527 et
615 3472 917 3527 oblationem
958 3472 1199 3539 noluisti,
1229 3489 1416 3542 corpus
1459 3481 1628 3527 autem
1680 3472 1937 3544 adaplasti

356 3564 480 3617 mihi
501 3605 518 3631 ,
548 3564 953 3619 holocautomala
983 3576 1029 3618 et
1048 3581 1139 3635 pro
1165 3574 1369 3634 peccato
1396 3581 1495 3618 non
1514 3564 1737 3636 probasti
1762 3562 1931 3636 (Psal.

355 3657 442 3715 45.
470 3660 546 3728 7).
581 3652 746 3726 quue
789 3671 1062 3726 exponens
1108 3655 1305 3710 Paulus
1342 3655 1455 3709 ait:
1490 3654 1645 3708 Tollit
1671 3655 1841 3725 prius,
1881 3663 1936 3708 ut

357 3747 603 3816 posterius
625 3756 816 3801 statuat
833 3747 1014 3817 (llebr.
1038 3748 1122 3802 10.
1146 3746 1222 3818 9).
1251 3747 1379 3802 Nam
1409 3757 1751 3819 posteaquam
1779 3745 1932 3815 dixit,

358 3840 678 3907 Sacriﬁcium
727 3850 774 3894 et
803 3840 1104 3894 oblationem
1165 3842 1370 3895 noluisti
1400 3857 1419 3895 :
1447 3841 1640 3896 deinde
1692 3840 1928 3907 addidit,

348 3929 550 4002 Corpus
580 3941 746 3985 autent
771 3932 1026 4003 adaptain
1050 3933 1205 3987 mihi:
1231 3942 1508 4004 postquam
1536 3933 1767 3988 ostendit
1793 3932 1934 3988 aliud

358 4021 630 4077 inductum
680 4022 996 4078 sacriﬁcium
1021 4064 1034 4089 ,
1068 4025 1264 4078 nullam
1316 4033 1571 4093 prieterea
1607 4039 1756 4094 Spem
1785 4022 1936 4078 dedit

357 4114 632 4182 futurum,
683 4123 740 4167 nt
790 4115 915 4169 illud
965 4115 1349 4172 restitueretur.
1406 4116 1471 4170 Et
1518 4116 1619 4171 hoc
1650 4117 1821 4185 ipsum
1854 4116 1936 4168 in-

358 4212 658 4274 terpretans
688 4205 881 4259 Paulus
906 4248 920 4271 ,
951 4207 1084 4260 dixit
1111 4223 1124 4259 :
1158 4207 1261 4265 Per
1305 4207 1608 4261 oblationem
1639 4208 1772 4261 hanc
1813 4224 1936 4261 san-

355 4294 565 4361 ctiﬁcati
594 4310 768 4347 sumus
788 4295 839 4349 in
865 4295 1120 4350 voluntate
1157 4296 1344 4351 Christi
1376 4297 1479 4369 (Ib.
1506 4315 1552 4352 υ.
1578 4298 1689 4367 10).
1719 4299 1781 4354 Si
1801 4299 1932 4353 enim

356 4385 568 4456 sanguis
601 4393 861 4439 taurorum
888 4396 934 4439 et
978 4387 1232 4442 hircorum
1254 4429 1269 4455 ,
1311 4398 1356 4442 et
1383 4391 1510 4443 cinis
1561 4392 1733 4445 vitula:
1757 4408 1933 4463 asper-

355 4494 442 4532 sus
492 4476 781 4547 inquinatos
833 4478 1117 4545 sanctiﬁcat
1161 4479 1229 4532 ad
1274 4481 1440 4534 carnis
1483 4481 1884 4535 emundationem
1914 4499 1934 4537 :

357 4578 547 4640 quanto
575 4568 737 4640 magis
765 4569 974 4641 sanguis
1025 4567 1152 4623 Iesu
1200 4567 1422 4636 Christi,
1454 4573 1537 4640 qui
1570 4588 1658 4640 per
1690 4572 1935 4642 Spiritum

357 4669 586 4715 sanctum
616 4660 794 4715 obtulit
836 4661 1157 4730 semetipsum
1201 4661 1618 4728 immaculatum,
1648 4664 1936 4719 emundabit

358 4752 714 4806 conscientiam
772 4760 995 4807 nostram
1038 4752 1102 4806 ab
1144 4752 1376 4824 Operibus
1403 4753 1611 4807 mortuis
1657 4752 1842 4824 (Hebr.
1879 4753 1934 4810 9.

1545 320 1901 384 ADVERSUS
1938 314 2237 377 JUDIEOS.
2282 318 2392 375 VII.

3524 318 3632 374 9‘33

2045 438 2224 507 potius
2269 439 2545 495 tredecim.
2603 439 3042 511 Quandoquidem
3111 439 3227 495 loco
3273 436 3472 507 Joseph
3524 438 3631 493 duo

2047 532 2213 601 ipsius
2235 531 2328 587 filii
2357 532 2611 603 Ephraim
2640 542 2694 588 et
2736 534 3006 590 Manasses
3031 536 3352 589 exstiterunt
3395 533 3627 588 tribuum

2047 621 2333 693 principes.
2375 622 2443 678 Et
2471 623 2917 694 quemadmodum
2957 624 3243 695 unicuique
3286 623 3514 679 filiorum
3541 623 3627 679 Ja-

2044 712 2147 765 cob
2175 712 2341 768 tribus
2366 715 2685 783 cognomine
2727 714 3118 785 respondebat,
3145 715 3354 780 Ruben,
3386 716 3625 779 Simeon,

2046 801 2192 867 Levi,
2224 802 2383 868 Juda,
2421 803 2785 876 Nephthalim,
2814 804 2929 862 Gad
2953 849 2969 873 ,
3009 809 3166 874 Aser,
3189 806 3462 876 Beniamin
3499 822 3513 860 :
3548 820 3626 860 sne

2044 892 2145 947 sub
2167 892 2363 964 Josepb
2390 894 2496 949 duo
2538 896 2679 951 illius
2710 895 2823 962 ﬁlii,
2852 896 3094 953 Manasse
3122 904 3176 952 et
3216 895 3470 966 EpIn-aim
3495 938 3511 963 ,
3542 911 3630 950 eo.

2044 999 2273 1053 gnomon
2319 985 2573 1041 indebant
2626 987 2866 1043 tribubus
2905 997 2997 1045 :et
3025 988 3428 1059 appellabantur
3465 988 3627 1043 altera

2045 1076 2256 1145 quidem
2286 1075 2540 1146 Ephraim
2566 1118 2581 1142 ,
2635 1079 2803 1134 altera
2823 1093 2953 1134 vero
3003 1079 3266 1135 Manasse.
3298 1079 3496 1133 llarnm
3532 1079 3635 1133 ita.

2044 1181 2149 1237 que
2179 1166 2454 1234 tredecim,
2484 1174 2693 1223 cautem
2721 1169 2936 1239 quidem
2965 1185 3155 1225 omnes
3174 1185 3329 1241 agros
3362 1170 3631 1225 habebant

2045 1274 2109 1314 ac
2146 1270 2440 1331 proventus
2465 1262 2681 1329 multos,
2715 1272 2770 1317 et
2797 1262 3226 1333 agricolabantur
3264 1280 3470 1329 omnes,
3508 1266 3634 1319 reb.

2048 1366 2258 1420 quaque
2296 1352 2476 1406 omnia
2545 1355 2871 1409 exercebant
2922 1354 2987 1409 ad
3035 1355 3232 1410 vietum
3292 1359 3629 1426 pertinentia.

2044 1439 2309 1495 Caeterum
2348 1443 2515 1498 tribus
2570 1443 2697 1499 Levi
2743 1446 2854 1499 sola
2908 1445 3165 1501 honorata
3207 1432 3545 1516 sacerdOtio,
3597 1466 3627 1504 a

2046 1535 2272 1604 negotiis
2301 1534 2366 1589 ad
2408 1535 2603 1591 victum
2656 1539 3040 1608 pertinentibus
3077 1540 3296 1596 liberata
3327 1551 3443 1597 erat
3466 1584 3482 1608 ,
3538 1528 3632 1599 ne1

2044 1640 2149 1696 que
2190 1627 2436 1683 colebant
2482 1646 2639 1701 agros
2667 1674 2681 1695 ,
2713 1647 2888 1703 neque
2915 1634 3210 1690 tractabant
3251 1646 3425 1703 artes,
3462 1652 3631 1708 neque

2047 1728 2304 1786 praeterea
2334 1720 2624 1791 quidquam
2666 1721 2822 1793 huius
2872 1727 3084 1794 generis
3135 1729 3493 1795 exercebant,
3538 1732 3632 1785 sed

2046 1808 2143 1862 soli
2175 1804 2476 1866 sacerdotio
2517 1814 2817 1882 vacabant,
2846 1830 2909 1870 ac
2940 1816 3179 1872 decimas
3236 1819 3568 1890 accipiebant
3600 1837 3629 1875 a

2046 1908 2160 1955 toto
2205 1902 2398 1971 populo
2445 1912 2554 1958 tum
2604 1904 2738 1972 vini,
2776 1914 2886 1961 tum
2934 1906 3213 1975 frumenti,
3259 1919 3367 1964 tum
3420 1910 3627 1977 hordei,

2046 1998 2101 2045 et
2142 1992 2209 2048 de
2252 1995 2374 2050 aliis
2440 1995 2604 2052 rebus
2653 1999 2903 2054 omnibus
2962 1999 3227 2056 decimam
3276 2002 3384 2058 illis
3429 2006 3629 2074 portiu-

2045 2097 2166 2138 nem
2196 2083 2393 2140 dabant
2421 2102 2609 2144 omnes
2637 2133 2652 2157 ,
2680 2099 2735 2146 et
2761 2090 2846 2146 hic
2871 2102 2985 2147 erat
3032 2092 3136 2149 illis
3174 2105 3485 2165 proventus.
3523 2098 3631 2153 Nec

2044 2173 2126 2229 fas
2156 2184 2271 2231 erat
2299 2192 2363 2232 ex
2396 2178 2503 2233 ulla
2533 2179 2634 2233 alia
2665 2181 2805 2236 tribu
2837 2183 3168 2240 sacerdotem
3201 2202 3453 2258 umquam
3486 2187 3621 2245 ﬁeri.

2044 2267 2123 2323 Ex
2177 2268 2275 2325 bac
2308 2271 2451 2326 enim
2482 2272 2622 2328 tribu
2656 2271 2832 2329 factus
2866 2284 2948 2331 est
2988 2276 3203 2344 Aaron,
3249 2280 3500 2335 nimirum
3558 2282 3626 2337 de

2046 2361 2185 2414 tribu
2219 2360 2384 2427 Levi,
2439 2378 2503 2418 ac
2544 2380 2640 2433 per
2666 2367 3063 2423 successionem
3107 2369 3248 2424 illius
3301 2373 3502 2441 posteri
3537 2388 3625 2428 sa.

2042 2452 2341 2508 cerdotium
2403 2456 2789 2526 accipiebant,
2863 2473 3039 2529 neque
3082 2461 3308 2533 quisque
3380 2480 3627 2536 umquam

2042 2543 2293 2599 sacerdos
2329 2559 2394 2600 ex
2433 2546 2541 2601 alia
2586 2548 2724 2604 tribu
2769 2558 2982 2606 creatus
3019 2559 3124 2607 est.
3180 2553 3245 2609 Ili
3291 2554 3473 2626 itaque
3525 2557 3626 2612 Le-

2042 2634 2169 2689 vita:
2197 2634 2433 2691 decimas
2481 2636 2550 2693 ab
2595 2638 2701 2694 illis
2729 2640 3082 2710 accipiebant,
3113 2651 3167 2698 et
3204 2644 3283 2700 sic
3317 2645 3620 2703 alebantur.

2039 2723 2147 2781 Sed
2199 2736 2325 2783 ante
2392 2727 2557 2786 Jaeob
2598 2730 2698 2786 sub
2750 2730 2945 2802 Isaac,
2983 2736 3084 2792 sub
3148 2736 3456 2811 Abraham,
3506 2755 3624 2804 eum

2042 2816 2279 2872 nondum
2314 2828 2456 2874 esset
2507 2819 2712 2889 Moses,
2742 2822 2977 2879 nondum
3001 2825 3198 2897 scripta
3228 2827 3346 2895 lex,
3391 2830 3625 2890 nondum

2043 2906 2335 2963 Leviticum
2372 2910 2731 2967 sacerdotium
2763 2923 2907 2969 esset
2956 2917 3222 2986 proditum
3247 2962 3263 2985 ,
3312 2935 3418 2976 non
3449 2922 3625 2978 taber-

2041 3000 2312 3068 naculum,
2342 3017 2447 3056 non
2490 3004 2748 3074 templum
2785 3013 2973 3075 esset,
3005 3023 3114 3063 non
3167 3010 3334 3067 tribus
3359 3013 3621 3082 discrette,

2041 3091 2471 3148 non‘Jerusalem
2517 3101 2789 3161 exstaret,
2817 3110 2940 3151 eum
2982 3099 3162 3155 nullus
3191 3102 3413 3159 omnino
3440 3104 3492 3158 in
3519 3105 3616 3160 Ju-

2041 3180 2190 3237 daeos
2233 3198 2414 3238 rerum
2462 3184 2815 3255 principatum
2857 3199 3210 3259 occupasset,
3265 3192 3362 3248 fuit
3407 3195 3621 3266 quidam

2040 3272 2394 3329 Melchisedee
2431 3267 2689 3331 sacerdos'
2709 3276 2802 3332 Dei
2837 3266 3102 3334 a'ltissimi.
3138 3280 3236 3338 Hic
3274 3282 3624 3342 Melchisedec

2040 3373 2156 3421 erat
2202 3382 2297 3422 rex
2338 3367 2476 3422 idem
2507 3376 2562 3425 et
2583 3370 2835 3425 sacerdos
2869 3381 3064 3443 :typus
3113 3375 3255 3430 enim
3274 3375 3479 3433 futurus
3503 3389 3622 3436 erat

2040 3457 2266 3525 Christi,
2317 3460 2469 3530 cujus
2495 3470 2550 3518 et
2582 3458 2856 3532 Scriptura
2884 3465 3163 3523 manifeste
3192 3470 3454 3525 meminit.
3485 3471 3619 3528 Cum

2040 3550 2182 3604 enim
2237 3551 2502 3607 Abraham
2548 3553 2741 3608 Persas
2804 3555 3054 3623 adortus,
3100 3558 3279 3616 fratris
3344 3562 3451 3617 ﬁlio
3494 3565 3622 3624 .Lot

2039 3657 2104 3697 ex
2142 3642 2350 3698 illorum
2389 3646 2632 3700 manibus
2671 3657 2858 3718 erepto
2882 3691 2896 3716 ,
2946 3651 3194 3708 omnibus
3241 3655 3429 3724 spoliis
3470 3657 3618 3713 dire-

2038 3732 2144 3803 ptis
2170 3733 2367 3789 rediret
2395 3776 2410 3802 ,
2446 3736 2689 3792 hostibus
2730 3740 2926 3796 virtute
2972 3740 3194 3799 devictis
3215 3786 3228 3810 ,
3261 3745 3401 3802 hunc
3424 3747 3474 3801 in
3508 3765 3621 3803 mo-

2039 3823 2165 3877 dum
2213 3824 2280 3880 de
2329 3825 2685 3884 Melchisedee
2746 3829 2984 3900 loquitur
3028 3833 3299 3906 Scriptura
3331 3854 3344 3890 :
3373 3836 3442 3890 Et
3487 3839 3621 3895 Mel-

2039 3913 2265 3969 chisedec
2312 3932 2402 3970 rex
2444 3916 2619 3972 Salem
2673 3919 2851 3974 obtulit
2909 3939 3093 3990 panem
3148 3942 3210 3979 ac
3255 3928 3462 3994 vinum;
3513 3943 3621 3987 erat

2039 4006 2170 4060 enim
2216 4007 2453 4063 sacerdos
2493 4008 2590 4062 Dei
2639 4010 2909 4075 altissimi;
2953 4023 3002 4066 et
3055 4015 3307 4070 benedixit
3356 4019 3575 4076 Abraba:
3604 4066 3618 4087 ,

2039 4098 2263 4165 dixitque
2288 4115 2307 4153 :
2340 4100 2628 4154 benedictus
2671 4116 2722 4155 es
2764 4101 3025 4157 Abraham
3063 4103 3173 4159 Deo
3220 4108 3468 4164 altissinto
3490 4154 3503 4176 ,
3533 4116 3618 4183 qui

2038 4190 2222 4243 creavit
2265 4190 2444 4245 cazlum
2484 4202 2531 4245 et
2556 4201 2778 4260 terram,
2811 4202 2857 4246 et
2908 4192 3196 4250 benedictus
3239 4194 3381 4253 Deus
3430 4201 3622 4256 altissi-

2038 4298 2170 4345 mus,
2219 4283 2308 4352 qui
2346 4284 2556 4338 tradidit
2601 4285 2832 4340 inimicos
2864 4295 2975 4340 tuos
3025 4287 3077 4342 in
3129 4304 3310 4346 manus
3369 4301 3502 4348 tuas.
3551 4294 3621 4350 Et

2038 4375 2174 4429 dedit
2190 4375 2264 4430 illi
2288 4375 2507 4431 decimas
2521 4393 2584 4432 ea:
2608 4379 2833 4432 omnibus
2847 4379 3100 4434 Abraham
3120 4380 3271 4452 (Gen.
3298 4384 3385 4440 H.
3408 4386 3590 4459 18-20)
3600 4429 3613 4443 .

2039 4467 2094 4523 Si
2135 4470 2254 4538 quis
2285 4469 2444 4539 igitur
2472 4468 2851 4540 prophetarum
2889 4473 3137 4540 exstitit,
3167 4475 3256 4544 qui
3284 4475 3450 4542 dicat,
3478 4479 3620 4547 quod

2039 4571 2160 4632 post
2199 4561 2468 4616 Abraham
2497 4604 2513 4630 ,
2565 4572 2788 4634 postque
2819 4565 3174 4622 sacerdotium
3225 4568 3353 4625 illud
3373 4611 3390 4639 ,
3418 4581 3473 4627 et
3502 4572 3616 4627 btee

2040 4654 2296 4709 sacriﬁcia
2335 4663 2492 4726 atque
2533 4656 2830 4714 oblationes
2855 4699 2869 4724 ,
2908 4660 3211 4716 exoriturus
3241 4672 3387 4719 esset
3428 4652 3611 4721 sacer-

2040 4745 2137 4799 dos
2176 4746 2309 4800 alius
2335 4786 2351 4811 ,
2378 4761 2486 4800 non
2533 4762 2598 4802 ex
2641 4748 2730 4802 illa
2773 4748 2916 4804 tribu
2944 4791 2959 4817 ,
2984 4751 3079 4807 sed
3117 4767 3185 4808 ex
3213 4754 3313 4808 alia
3336 4794 3351 4820 ,
3396 4770 3463 4810 ex
3503 4771 3608 4826 qua

360 4843 449 4897 i5.
481 4842 595 4914 Li)?
619 4841 801 4913 Itaque
829 4842 969 4912 quod
999 4842 1125 4897 illud
1143 4842 1461 4899 sacrificium
1487 4845 1817 4914 antiquatum
1844 4846 1932 4911 sit,
1962 4849 2010 4892 μ’
2041 4853 2328 4907 "tanquam
2386 4849 2597 4895 creatus
2643 4848 2727 4896 est
2783 4841 3034 4899 sacerdos
3074 4886 3090 4911 ,
3144 4860 3248 4899 non
3318 4848 3614 4904 sccnndnm

358 4944 413 4989 et
454 4935 596 4990 aliud
625 4936 676 4989 in
725 4936 843 5006 ejus
880 4936 1053 4991 locum
1102 4937 1405 5005 inductum,
1433 4936 1681 5008 quodque
1716 4939 1936 5008 posthac

362 5026 486 5082 illud
529 5042 632 5081 non
665 5028 734 5081 sit
770 5028 1153 5083 restituendum
1180 5030 1308 5082 satis
1332 5071 1346 5096 ,
1374 5044 1441 5084 ex
1480 5029 1565 5084 bis
1602 5029 1939 5084 demonstra~

365 5127 473 5173 tum
507 5126 607 5173 est.
641 5119 752 5187 Age
776 5118 887 5188 jam
913 5130 1184 5189 superest,
1235 5127 1290 5173 ut
1326 5119 1467 5189 quod
1516 5119 1715 5174 dudum
1760 5119 1935 5174 conati

360 5226 544 5267 sumus
573 5212 977 5280 demonstrare,
1025 5214 1161 5265 illius
1227 5212 1509 5267 sacerdotii
1565 5214 1699 5267 ritus
1762 5228 1935 5282 neque

360 5303 469 5375 jam
519 5319 812 5373 apparere,
861 5319 1032 5375 neque
1076 5304 1251 5358 denuo
1310 5304 1610 5371 redituros,
1661 5304 1935 5358 evidenter

364 5397 465 5453 hoc
491 5398 769 5468 palamque
802 5412 833 5451 e
871 5397 1159 5465 Scripturis
1180 5396 1308 5465 ipsis
1337 5395 1625 5451 dilucidum
1657 5397 1931 5461 faciamus,

366 5503 530 5558 pauca
562 5488 708 5560 prius
722 5487 872 5543 vobis
895 5486 1130 5557 praefati,
1167 5502 1269 5557 quo
1299 5487 1387 5542 fiat
1416 5486 1723 5543 evidentior
1748 5504 1931 5542 eorum

361 5597 481 5650 quae
511 5580 754 5635 dicentur
783 5580 1072 5635 enarratio.
1104 5580 1370 5633 Abraham
1392 5594 1639 5633 reversus
1666 5596 1694 5633 e
1717 5578 1933 5634 Perside

362 5673 543 5744 genuit
570 5670 715 5727 Isaac
740 5714 754 5738 ,
776 5672 923 5728 Isaac
964 5670 1156 5725 deinde
1169 5669 1533 5740 Jacob,Jaeob
1558 5669 1838 5725 duodecim
1867 5669 1931 5725 li—

365 5768 498 5834 lios,
529 5782 593 5822 ex
643 5766 832 5838 quibus
863 5765 1110 5837 profecta:
1152 5773 1271 5820 sunt
1295 5763 1574 5821 duodecim
1604 5764 1811 5832 tribus,
1845 5764 1926 5820 vel

2040 4932 2283 4988 ordinem
2331 4933 2592 4999 Aaronis,
2646 4931 2743 4987 sed
2789 4933 3081 4989 secundum
3106 4935 3351 4992 ordinem
3403 4938 3621 4994 Melchi-

2038 5023 2198 5078 sedec
2244 5041 2257 5077 :
2298 5022 2642 5079 manifestum
2683 5032 2798 5089 est,
2851 5024 2997 5095 quod
3047 5033 3200 5081 vetus
3257 5027 3617 5084 sacerdotium

2039 5114 2290 5179 cessavit,
2316 5114 2456 5169 aliud
2486 5124 2662 5170 autem
2708 5130 2902 5170 novum
2947 5116 3000 5170 in
3046 5116 3188 5171 illius
3232 5118 3407 5173 locum
3462 5119 3588 5175 indu

2039 5215 2179 5261 etum
2203 5214 2305 5261 est.
2330 5204 2459 5261 Nam
2501 5206 2547 5260 si
2599 5206 2833 5260 futurum
2876 5214 3013 5272 erat,
3056 5215 3111 5261 ut
3136 5215 3287 5261 vetus
3325 5209 3453 5263 illud
3482 5211 3621 5264 obti-

2041 5306 2234 5364 neret,
2275 5312 2382 5352 non
2432 5296 2728 5353 secundum
2775 5298 3015 5354 ordinem
3073 5297 3427 5356 Melchisedec
3456 5342 3470 5366 ,
3526 5303 3619 5357 St‘d

2038 5389 2330 5445 secundum
2363 5389 2607 5445 ordinem
2636 5389 2815 5444 Aaron
2845 5391 3079 5459 oportuit
3129 5391 3254 5446 dici.
3281 5391 3413 5459 Quis
3462 5394 3619 5464 igitur

2041 5481 2142 5537 hoe
2185 5482 2349 5537 dicit?
2398 5480 2497 5536 Hic
2547 5482 2661 5552 ipse
2710 5481 2799 5552 qui
2848 5481 2917 5537 de
2976 5482 3252 5540 sacriﬁciis
3306 5484 3555 5556 loquutus
3599 5526 3617 5553 ,

2038 5572 2106 5628 de
2134 5571 2343 5628 Christo
2362 5571 2633 5627 disserens
2658 5571 2758 5626 hoc
2785 5587 2998 5643 quoque
3034 5574 3231 5630 alicubi
3272 5575 3409 5631 dixit
3439 5598 3453 5628 -.
3483 5576 3622 5631 θέω

2037 5666 2288 5721 Dominus
2336 5664 2551 5720 Domino
2602 5680 2748 5724 meo:
2779 5660 2909 5716 Sede
2935 5681 2965 5718 a
3008 5665 3199 5721 dextris
3244 5668 3364 5722 meis
3417 5668 3444 5737 ί
3474 5666 3614 5723 Psat.

2043 5762 2158 5817 iOO.
2195 5761 2259 5823 ξ).
