4046 6146
456 303 561 361 923

524 421 580 474 5.
621 413 824 470 Deinde
861 426 929 467 ne
965 411 1082 481 quis
1110 409 1179 465 de
1205 407 1498 478 vulgarium
1529 405 1805 460 hominum
1853 405 2033 474 aliqua

454 509 815 579 suspicaretur
840 503 971 560 illud
994 518 1113 559 esse
1133 502 1351 568 dictum,
1378 515 1485 555 non
1512 499 1639 554 dicit
1664 498 1765 554 hoc
1792 498 2031 560 Hesaias,

456 615 629 671 neque
650 597 942 661 Jeremias,
975 609 1144 664 neque
1173 593 1448 663 quisquam
1476 591 1612 645 alius
1638 592 1894 662 propheta
1925 591 2031 659 pri-

458 701 591 744 vatae
617 686 935 744 conditionis
958 726 973 751 ,
996 683 1090 740 sed
1119 684 1231 754 ipse
1262 699 1350 737 rex
1368 725 1385 750 ,
1426 693 1482 736 ut
1506 681 1860 752 intelligeres,
1892 681 2032 751 quod

453 797 562 836 non
592 780 758 848 possit
800 792 898 832 rex
941 774 1209 831 hominem
1233 774 1506 843 appellare
1547 787 1700 826 suum
1730 771 2027 836 Dominum,

452 870 548 927 sed
581 871 742 924 Deum
785 868 980 921 solum.
1021 866 1151 920 Nam
1179 866 1223 919 si
1256 864 1493 934 privatus
1524 862 1748 929 fuisset,
1789 861 2033 917 fortassis

454 963 647 1033 aliquis
684 960 962 1030 impudens
1000 958 1253 1020 dixisset,
1300 957 1445 1010 illum
1484 955 1552 1010 de
1593 955 1809 1008 homine
1848 953 2029 1023 loqui;

452 1068 595 1109 nunc
620 1067 741 1108 cum
769 1066 861 1107 rex
898 1050 1087 1115 fuerit,
1116 1047 1384 1102 hominem
1412 1061 1517 1100 non
1555 1044 1895 1116 appellaverit
1921 1045 2028 1099 Do-

459 1148 661 1200 minum
688 1159 863 1198 suum.
891 1141 1167 1210 Quomodo
1191 1140 1331 1195 enim
1368 1139 1414 1194 si
1455 1138 1522 1194 de
1565 1139 1810 1209 quopiam
1841 1137 2030 1207 vulga-

458 1238 597 1291 rium
631 1235 905 1290 hominum
932 1231 1047 1287 han:
1069 1232 1319 1300 loquutus
1345 1228 1531 1283 fuisset
1557 1227 1718 1282 David
1739 1268 1754 1290 .
1785 1226 2029 1294 dixisset,

449 1326 593 1399 quod
619 1327 779 1384 etiam
804 1341 834 1379 a
859 1324 1062 1380 dextris
1081 1321 1410 1378 consedisset
1429 1320 1702 1375 inell‘abilis
1722 1334 1784 1374 ac
1810 1333 2032 1374 summa:

450 1421 593 1476 illius
619 1415 950 1486 maiestatis?
979 1415 1091 1470 Hoc
1117 1415 1259 1469 enim
1287 1412 1637 1484 impossibile.
1668 1410 1743 1465 De
1775 1414 1876 1465 hoc
1905 1424 2032 1465 vero

427 1510 555 1564 ‘ait:
588 1509 729 1563 Dixit
760 1507 1002 1562 Dominus
1042 1504 1256 1560 Domino
1283 1519 1411 1572 meo,
1447 1503 1629 1559 Sedea
1657 1500 1844 1555 dextris
1874 1501 2028 1566 meis,

449 1601 607 1655 donec
655 1616 839 1670 ponam
867 1598 1093 1651 inimicos
1141 1607 1255 1650 tuos
1306 1593 1575 1650 scabellum
1604 1593 1787 1663 pedum
1830 1602 2030 1645 tuorum

450 1690 621 1760 (l’sal.
652 1690 773 1744 l09.
808 1690 857 1742 1.
885 1685 976 1759 2).
1008 1686 1207 1741 Deinde
1237 1701 1305 1740 ne
1333 1694 1549 1755 putares
1568 1698 1689 1738 eum
1716 1683 2029 1738 imbecillem

454 1798 576 1838 esse
602 1781 880 1850 minusque
910 1787 1176 1848 potentem
1198 1819 1213 1843 ,
1239 1775 1460 1842 Tecum,
1490 1777 1685 1845 inquit,
1716 1775 2030 1846 principatus

449 1881 523 1927 est
547 1872 597 1926 in
615 1871 787 1925 diebus
809 1869 1043 1940 potentia:
1064 1878 1162 1921 tute
1182 1867 1202 1936 (
1223 1864 1305 1919 Ib.
1336 1881 1385 1920 v.
1413 1864 1503 1936 5).
1529 1864 1854 1920 Manifestius
1872 1863 2032 1919 etiam

448 1962 727 2018 declarans
751 2001 766 2025 ,
810 1958 1012 2013 addidit
1042 1973 1057 2011 :
1086 1955 1328 2011 Exutero
1347 1965 1469 2010 ante
1485 1952 1945 2025 Luciferumgenui
1962 1963 2030 2008 te.

444 2055 589 2109 Ante
612 2050 915 2107 Luciferum
952 2057 1129 2104 autem
1155 2047 1331 2103 nullus
1359 2046 1632 2102 hominum
1669 2046 1765 2101 fuit
1802 2048 2030 2116 genitus.

454 2144 534 2198 Tu
557 2146 791 2199 sacerdos
815 2143 868 2195 in
886 2151 1129 2196 wternum
1152 2138 1427 2194 secundum
1455 2138 1684 2191 ordinem
1705 2137 1757 2190 Μ
1763 2135 2035 2190 elchisedec

452 2239 571 2310 (Ib.
605 2253 652 2292 ιι.
683 2238 750 2303 4;
781 2235 935 2289 Hebr.
964 2236 1018 2290 5.
1049 2235 1148 2307 6).
1173 2232 1289 2289 Non
1311 2232 1449 2288 dixit
1476 2232 1766 2288 secundum
1790 2232 2032 2288 ordinem

446 2335 648 2386 Aaron.
678 2328 907 2384 Proinde
933 2337 1246 2398 percontare
1282 2324 1524 2381 Judaeum
1549 2367 1565 2392 ,
1610 2325 1657 2380 si
1680 2325 2030 2380 sacerdotium

445 2431 598 2477 vetus
625 2436 731 2476 non
750 2429 866 2475 erat
891 2416 1289 2489 antiquandam,
1316 2432 1473 2489 quam
1503 2415 1571 2472 ob
1587 2422 1809 2474 causam
1832 2416 2034 2473 induxit

443 2514 605 2571 alium
631 2510 959 2567 sacerdotem
983 2506 1271 2564 secundum
1292 2507 1531 2564 ordinem
1560 2505 1929 2561 Melchisedec.
1951 2506 2032 2561 Ad

445 2606 588 2661 hunc
632 2604 792 2675 igitur
815 2603 987 2673 ipsum
1032 2599 1208 2654 locum
1258 2598 1576 2667 perveniens
1623 2597 1857 2665 Paulus,
1908 2596 2030 2653 vide

444 2696 712 2767 quomodo
742 2694 888 2748 illum
931 2690 1314 2746 evidentiorem
1361 2687 1671 2745 reddiderit.
1717 2688 1852 2745 Cum
1883 2689 2026 2747 enim

444 2787 665 2843 dixisset
693 2785 762 2840 de
785 2783 1021 2847 Christo,
1047 2779 1492 2852 quemadmodum
1522 2789 1576 2835 et
1610 2780 1734 2834 alibi
1764 2780 2027 2850 loquitur,

448 2881 526 2935 Tu
546 2877 777 2935 sacerdos
802 2878 855 2932 in
873 2886 1114 2932 internum
1129 2873 1402 2929 secundum
1426 2874 1652 2927 ordinem
1671 2871 2031 2928 Melchisedec:

443 2969 750 3041 subjunxit:
781 2967 860 3022 De
883 2982 981 3036 quo
1002 2969 1191 3019 multus
1209 2964 1350 3018 nobis
1377 2980 1558 3030 sermo,
1586 2972 1632 3017 et
1660 2972 1905 3018 enarratu
1923 2963 2030 3035 dif-

442 3064 594 3132 ﬁcilis
620 3060 744 3137 (Id.
771 3062 825 3117 5.
859 3060 986 3129 11).
1034 3056 1233 3115 Deinde
1261 3071 1382 3111 cum
1426 3056 1752 3129 iucrepasset
1796 3055 2030 3126 discipu-

445 3153 528 3211 los
546 3194 562 3221 ,
603 3160 663 3209 ut
691 3151 869 3223 paucis
897 3150 1072 3205 dicam
1093 3189 1108 3214 ,
1136 3148 1242 3212 ait,
1269 3147 1388 3216 quis
1416 3147 1506 3202 ille
1547 3147 1616 3202 sit
1642 3145 2027 3212 Melchisedec;

446 3259 501 3299 et
521 3242 732 3299 adducit
754 3241 1049 3308 historiam,
1073 3239 1143 3294 ita
1168 3252 1428 3293 narrans:
1457 3236 1554 3290 Hic
1579 3236 1794 3291 occurrit
1814 3235 2031 3291 Abrahae

445 3335 710 3392 revertenti
735 3351 767 3388 a
807 3333 1090 3388 concisione
1115 3346 1286 3402 regum
1306 3367 1324 3396 ,
1354 3329 1700 3398 benedixitque
1724 3326 1822 3392 illi,
1855 3328 1935 3381 cui
1982 3334 2031 3381 et

444 3428 663 3482 decimas
688 3425 752 3479 de
778 3422 1008 3478 omnibus
1047 3420 1332 3491 impartitus
1376 3430 1448 3473 est
1496 3418 1753 3473 Abraham
1798 3416 1926 3488 (Id.
1973 3417 2028 3473 7.

445 3522 498 3572 1.
537 3517 628 3585 9.).
676 3515 803 3571 Post
840 3513 1085 3584 aperiens
1130 3508 1607 3566 considerationem
1645 3508 1857 3579 figurae:
1900 3507 2029 3563 Con-

445 3607 758 3679 templamini
785 3614 952 3658 autem
993 3610 1211 3671 quantus
1249 3601 1313 3655 sit
1351 3601 1445 3655 iste
1468 3642 1483 3666 ,
1533 3600 1739 3670 inquit,
1766 3599 1850 3654 cui
1876 3601 2028 3654 etiam

449 3701 669 3753 decimas
704 3696 767 3749 de
793 3694 1021 3749 onmibus
1045 3692 1331 3760 impartitus
1360 3699 1432 3744 est
1462 3689 1713 3743 Abraham
1743 3690 2030 3759 patriarcha

448 3790 571 3863 (Id.
618 3798 670 3837 υ.
719 3787 815 3857 ι).
864 3784 975 3838 lloc
1023 3792 1202 3837 autem
1244 3794 1349 3834 non
1375 3780 1492 3836 sine
1529 3794 1689 3835 causa
1717 3780 1890 3846 dixit,
1934 3780 2030 3835 scd

446 3877 731 3934 ostendere
759 3874 995 3943 cupiens,
1022 3872 1187 3927 multo
1217 3871 1386 3941 majus
1413 3884 1530 3925 esse
1556 3870 1906 3925 sacerdotium
1931 3886 2029 3926 no-

443 3982 613 4028 stram
636 3983 793 4040 quam
822 3965 1152 4022 Judazorum.
1179 3964 1350 4033 Atque
1376 3962 1429 4016 in
1456 3963 1585 4031 ipsis
1612 3961 1750 4033 typis
1777 3962 1922 4032 prius
1947 3978 2031 4017 re-

443 4079 560 4120 rum
586 4058 898 4118 excellentia
921 4057 1237 4113 declaratur.
1267 4055 1397 4109 Nam
1421 4053 1686 4109 Abraham
1725 4055 1885 4109 lsaaci
1919 4062 2032 4108 erat

443 4167 625 4226 pater,
672 4169 802 4208 avus
829 4150 1046 4215 Jacobi,
1080 4163 1307 4218 proavus
1337 4146 1464 4202 Levi
1492 4189 1508 4213 ,
1552 4146 1814 4218 siquidem
1849 4145 2030 4201 Jacobi

444 4247 583 4301 lilius
626 4252 743 4299 erat
767 4242 918 4298 Levi.
962 4241 1036 4295 Ex
1066 4238 1192 4294 Levi
1237 4237 1591 4292 sacerdotium
1635 4236 1773 4307 apud
1817 4237 2030 4293 Judmos

439 4336 665 4407 sumpsit
684 4332 961 4403 originem.
988 4330 1184 4385 Verum
1207 4328 1293 4384 hic
1313 4327 1580 4384 Abraham
1608 4328 1911 4397 progenitor
1930 4328 2031 4383 Le-

439 4428 664 4480 vitarum
690 4439 752 4479 ac
773 4422 1113 4477 Judaicorum
1141 4419 1477 4476 sacerdotum
1508 4418 1607 4473 sub
1634 4419 1986 4474 Melchisech
2007 4461 2022 4485 ,

440 4514 534 4585 qui
561 4522 744 4585 typum
769 4513 984 4583 gerebat
1009 4511 1177 4566 nostri
1205 4510 1508 4576 sacerdotii,
1543 4510 1663 4564 laici
1694 4510 1866 4564 locum
1890 4511 2028 4565 obti-

440 4606 576 4672 nuit,
602 4604 759 4675 idque
787 4604 985 4675 duplici
1030 4602 1188 4659 modo
1234 4601 1559 4656 declaravit:
1610 4603 1836 4671 primum
1883 4604 2025 4673 quod

437 4700 519 4755 illi
559 4698 767 4755 dederit
805 4697 1077 4752 decimas:
1111 4710 1234 4749 nam
1263 4694 1382 4748 laici
1425 4693 1794 4749 sacerdotibus
1822 4694 2027 4752 dabant

435 4793 709 4857 decimas;
737 4790 930 4846 deinde
951 4789 1089 4859 quod
1116 4787 1537 4843 benedictionem
1564 4788 1824 4857 acceperit
1839 4787 1906 4842 ab
1924 4804 2022 4843 eo:

434 4885 631 4941 etenim
665 4882 784 4938 laici
824 4897 855 4936 a
890 4879 1253 4936 sacerdotibus
1291 4877 1712 4934 benedictionem
1740 4880 2021 4949 accipiunt.

435 4976 670 5032 Rursum
714 4972 994 5030 considera
1033 5012 1050 5039 ,
1109 4977 1306 5040 quanta
1363 4970 1431 5024 sit
1490 4971 1802 5026 excellentia
1853 4971 2025 5027 nostri

434 5066 750 5132 sacerdotii,
796 5062 1007 5134 quando
1044 5060 1311 5121 Abraham
1344 5060 1637 5130 patriarcha
1678 5061 1980 5117 Judaeorum
2003 5104 2020 5131 ,

434 5158 739 5230 progenitor
761 5155 1063 5211 Levitarum
1085 5194 1102 5220 ,
1133 5153 1457 5222 comperitur
1486 5152 1907 5210 benedictionem
1935 5172 2024 5211 ac-

431 5254 610 5317 cipere
635 5266 666 5305 a
694 5245 1060 5308 Melchisedec.
1093 5245 1272 5315 illique
1297 5243 1425 5299 dare
1453 5243 1687 5298 decimas
1707 5232 1856 5301 (Gen.
1892 5247 2019 5319 14).

434 5343 567 5398 Nam
601 5351 885 5410 utrumque
927 5347 1107 5392 narrat
1136 5335 1298 5392 Vetus
1321 5336 1721 5392 Testamentum
1805 5347 1859 5392 et
1881 5339 2021 5409 quod

430 5430 786 5488 lli-lchisedec
824 5427 1155 5485 benedixerit
1190 5426 1456 5496 Abrahm,
1496 5436 1551 5483 et
1594 5427 1734 5498 quod
1783 5427 2021 5485 decimas

431 5524 500 5579 ah
528 5537 596 5577 eo
623 5522 904 5592 acceperit.
952 5522 1045 5576 His
1090 5521 1250 5591 igitur
1278 5520 1406 5590 ipsis
1443 5521 1497 5575 in
1524 5521 1751 5577 medium
1781 5523 2021 5577 adductis

444 5613 642 5669 Paulus
663 5614 904 5670 dicebat:
947 5614 1288 5678 Considerate,
1319 5624 1535 5684 quantus
1571 5624 1646 5668 est
1689 5616 1780 5669 iste
1801 5615 1827 5669 Ρ
1856 5616 2020 5683 Quis?

431 5703 800 5773 llclcltisedec,
828 5704 1028 5776 inquit,
1078 5705 1159 5757 cui
1201 5704 1351 5757 etiam
1402 5704 1618 5760 decimas
1644 5704 1908 5777 Abraham
1953 5723 2015 5762 ea:

1164 294 1219 351 S.
1260 291 1536 348 JOANNIS
1572 285 2044 346 CIIRYSOSTOMI
2084 283 2400 344 ARClllEP.
2440 276 2975 349 CONSTANTINOP.

3618 297 3727 356 99.5

2146 403 2412 474 prwcipuis
2465 403 2636 472 dedit,
2694 405 2917 475 ipsorum
2979 405 3289 476 patriarcha.
3355 408 3424 463 Et
3465 410 3668 482 quidem
3689 417 3733 467 ii

2136 493 2220 564 qui
2247 503 2361 549 sunt
2391 510 2452 549 ea:
2478 495 2598 564 ﬁliis
2644 494 2796 563 Levi,
2843 496 3177 552 sacerdotium
3216 499 3548 571 accipientes.
3580 521 3724 557 man-

2138 589 2312 638 datum
2368 585 2582 652 habent,
2624 596 2677 640 ut
2720 587 2938 641 decimas
2978 588 3229 659 accipiunt
3271 605 3302 643 a
3344 594 3568 663 populo,
3634 594 3732 649 hoc

2135 687 2209 731 est
2271 693 2303 730 a
2364 676 2604 748 fratribus
2649 678 2789 745 suis,
2836 696 3139 750 quamquam
3196 684 3406 751 egressis
3462 700 3490 737 e
3546 685 3733 741 lumbis

2136 769 2352 823 Abralnv
2380 770 2400 842 (
2429 769 2585 824 Hebr.
2617 772 2670 825 7.
2698 772 2750 826 4.
2780 771 2872 840 5).
2901 771 3052 838 Quod
3081 783 3257 828 autem
3284 772 3446 841 dicit,
3487 776 3593 831 tale
3622 786 3728 832 est.

2146 861 2347 917 Levita:
2371 904 2385 928 ,
2419 863 2588 932 inquit
2613 904 2629 929 ,
2675 864 2763 934 qui
2794 863 2933 935 apud
2962 863 3176 921 Judzcos
3208 874 3333 921 sunt
3380 868 3687 923 sacerdotes
3711 910 3729 937 ,

2139 954 2443 1009 mandatum
2474 955 2963 1024 acceperuntjuxta
2991 956 3184 1026 legem,
3214 967 3270 1011 ut
3298 957 3539 1015 decimas
3576 963 3710 1016 acci-

2140 1054 2328 1113 pereut
2352 1044 2420 1099 ab
2445 1044 2563 1098 aliis
2589 1044 2807 1100 Iudaeis.
2837 1044 3074 1101 Tametsi
3101 1062 3292 1102 omnes
3309 1049 3569 1119 progeniti
3598 1056 3733 1105 sunt

2141 1148 2206 1186 ex
2239 1132 2506 1188 Abraham
2527 1177 2542 1202 ,
2574 1145 2679 1189 tam
2709 1134 2905 1190 Levita:
2928 1180 2943 1203 ,
2974 1151 3133 1207 quam
3178 1138 3414 1208 reliquus
3458 1141 3725 1210 populus,

2139 1224 2485 1279 nihilominus
2513 1225 2747 1282 decimas
2781 1227 3045 1296 accipiunt
3073 1243 3102 1281 a
3130 1226 3382 1284 fratribus
3418 1231 3550 1284 suis.
3600 1230 3727 1286 Mel-

2141 1317 2390 1373 cliiscdec
2415 1332 2559 1384 vero,
2590 1318 2676 1389 qui
2706 1333 2811 1372 non
2840 1318 2985 1373 ducit
3012 1320 3267 1389 originem
3308 1320 3376 1375 ab
3406 1321 3547 1388 illis,
3578 1320 3597 1393 (
3623 1337 3704 1378 ne-

2135 1428 2240 1481 que
2267 1411 2409 1467 enim
2430 1427 2497 1467 ex
2518 1412 2784 1467 Abraham
2808 1414 3116 1484 progenitus
3135 1424 3269 1480 erat,
3300 1432 3469 1487 neque
3495 1433 3559 1473 ex
3586 1418 3735 1472 tribu

2133 1501 2386 1569 chitica,
2416 1503 2509 1558 sed
2530 1518 2592 1558 ex
2614 1503 2719 1558 alio
2740 1506 2977 1575 genere)
3001 1504 3284 1561 decimavit
3303 1506 3592 1573 Abraham,
3624 1509 3729 1564 hoe

2136 1593 2462 1649 estdecimas
2477 1595 2679 1665 accepit
2711 1594 2778 1648 ab
2800 1595 3086 1650 Abraham.
3110 1595 3217 1652 Nec
3235 1597 3285 1651 id
3318 1598 3510 1665 solum,
3537 1605 3731 1654 verum

2135 1695 2190 1740 ct
2229 1686 2369 1740 aliud
2387 1685 2634 1756 quiddam
2654 1686 3002 1743 fecit:eidem
3028 1689 3117 1760 qui
3155 1690 3536 1759 promissioncs
3561 1691 3731 1747 habe-

2137 1775 2245 1840 bat,
2269 1776 2849 1847 videlicctAbrahamo,
2863 1778 3149 1834 benedixit.
3170 1780 3236 1835 Et
3250 1780 3375 1851 quid
3388 1782 3510 1849 hoc,
3527 1783 3731 1853 inquis,

2135 1866 2427 1937 signiﬁcat?
2450 1868 2602 1936 Quod
2626 1868 2710 1924 hic
2731 1870 2821 1925 illo
2847 1872 3012 1926 multo
3029 1871 3100 1926 sit
3129 1870 3371 1928 inferior.
3402 1873 3684 1942 Quomodo
3699 1877 3731 1929 τ

2137 1957 2276 2013 Citra
2292 1975 2486 2013 onmem
2502 1961 2886 2015 controversiam
2902 1962 3035 2032 quod
3049 1962 3215 2017 minus
3230 1973 3302 2018 est
3316 1980 3348 2016 a
3366 1966 3560 2035 majore
3574 1966 3727 2021 bene.

2137 2050 2402 2106 dictionem
2431 2053 2612 2125 accipit
2640 2052 2798 2125 (Ibid.
2813 2070 2860 2108 v.
2885 2055 2960 2127 7).
3002 2055 3184 2125 Itaque
3199 2056 3300 2111 nisi
3316 2057 3583 2113 Abraham
3604 2075 3725 2129 ιιι-ο-

2135 2142 2342 2212 genitor
2360 2142 2663 2198 Levitarum
2683 2144 2871 2201 fuisset
2891 2145 3108 2202 inferior
3120 2147 3494 2214 Melchisedec,
3528 2165 3724 2220 nequa-

2135 2249 2294 2303 quam
2318 2234 2391 2288 illi
2414 2234 2502 2289 hic
2521 2235 2900 2304 benedixisset,
2925 2253 3095 2307 neque
3117 2238 3240 2293 huic
3261 2240 3350 2294 ille
3373 2240 3607 2302 decimas
3632 2240 3725 2297 de-

2135 2326 2320 2382 disset.
2354 2327 2554 2383 Deinde
2579 2329 2762 2384 volens
2786 2329 3094 2396 ostendere,
3120 2346 3217 2401 per
3247 2330 3601 2388 Melchisedec
3623 2331 3727 2391 hoc

2135 2417 2434 2483 advenisse,
2484 2419 2710 2488 subjecit
2749 2420 2933 2476 dicens
2977 2438 2991 2475 :
3023 2419 3244 2476 Etutita
3282 2422 3476 2493 loquar,
3499 2422 3603 2480 hoc
3620 2434 3723 2489 est,

2136 2509 2541 2579 propemodum,
2565 2527 2654 2582 per
2677 2511 2929 2566 Abraham
2948 2513 3215 2586 etiamipse
3234 2513 3371 2580 Levi,
3396 2517 3483 2586 qui
3505 2518 3725 2572 decimas

2136 2601 2336 2671 accipit,
2351 2601 2622 2656 decimatas
2642 2611 2714 2656 est
2734 2596 2788 2669 (Ι
2794 2597 2843 2652 b.
2865 2615 2910 2654 v.
2930 2597 3009 2667 9).
3025 2595 3165 2664 Quid
3185 2610 3295 2670 est,
3311 2604 3603 2677 decimatas
3623 2604 3734 2657 68!?

2136 2690 2379 2746 Decimas
2390 2692 2535 2748 dedit
2545 2690 2893 2747 Melchisedec
2906 2699 2959 2747 et
2975 2691 3087 2762 ipse
3097 2692 3244 2759 Levi,
3259 2694 3350 2763 qui
3366 2696 3600 2750 nondum
3611 2705 3726 2753 erat

2133 2783 2343 2853 genitus
2362 2798 2459 2854 per
2476 2792 2677 2854 patrem
2695 2783 2878 2852 ipsius,
2903 2784 3087 2854 inquit.
3113 2784 3289 2839 Adhuc
3315 2788 3446 2841 enim
3460 2788 3515 2841 in
3542 2788 3729 2842 lumbis

2137 2875 2294 2945 patris
2309 2884 2412 2929 erat
2431 2892 2544 2929 cum
2560 2885 2837 2930 occurreret
2848 2874 3065 2929 Abrahae
3084 2875 3433 2930 Melchisedec.
3447 2877 3580 2932 Nam
3606 2878 3727 2933 ideo

2135 2966 2237 3021 hoc
2266 2981 2529 3036 occUpans
2565 2965 2732 3032 dixit,
2768 2965 2837 3021 Ut
2875 2967 2948 3020 ita
2989 2967 3187 3038 loquar.
3220 2967 3329 3024 Cur
3370 2969 3485 3025 ha-c
3522 2971 3726 3029 diceret

2137 3057 2378 3125 subjicit:
2408 3057 2468 3112 Si
2493 3060 2854 3112 consummatio
2882 3058 3038 3130 igitur
3080 3069 3186 3113 erat
3212 3076 3302 3129 per
3326 3059 3610 3115 Leviticum
3633 3080 3723 3117 sa-

2136 3149 2413 3202 cerdotium
2434 3164 2454 3203 :
2481 3150 2698 3220 papulus
2741 3149 2872 3203 enim
2899 3149 2991 3204 sub
3024 3150 3114 3204 illo
3143 3151 3304 3221 legem
3340 3153 3571 3222 accepit;
3598 3153 3727 3223 quid

2137 3255 2265 3309 apus
2288 3249 2395 3293 erat
2424 3239 2605 3294 deinde
2629 3239 2901 3294 secundum
2922 3241 3148 3295 ordinem
3176 3240 3511 3297 Melchisedec
3536 3244 3724 3299 exoriri

2138 3331 2295 3385 aliam
2323 3331 2636 3386 sacerdotem
2667 3332 2754 3402 qui
2778 3348 2879 3386 non
2907 3332 3105 3386 dicatur
3124 3333 3277 3402 juxta
3297 3334 3523 3387 ordinem
3546 3334 3723 3389 Aaron

2137 3420 2313 3495 (Ibid.
2344 3438 2390 3478 v.
2427 3424 2487 3478 11
2511 3424 2570 3496 )?
2599 3423 2733 3489 Quid
2773 3433 2950 3480 autem
2993 3433 3075 3481 est
3122 3423 3263 3494 quod
3287 3424 3451 3481 dicit?
3488 3424 3542 3481 Si
3597 3442 3724 3493 res,

2134 3513 2323 3584 inquit,
2355 3522 2506 3570 erant
2533 3513 2804 3584 perfectae,
2838 3529 2956 3585 qua:
2981 3514 3302 3585 gerebantur
3321 3515 3459 3585 apud
3484 3514 3721 3584 Judaws,

2135 3619 2307 3674 neque
2344 3603 2428 3659 lex
2456 3614 2570 3660 erat
2599 3605 2783 3660 umbra
2825 3603 3121 3660 futurorum
3157 3606 3418 3661 bonorum
3441 3649 3456 3673 ,
3488 3611 3581 3665 sud
3606 3610 3726 3681 ipsa

2137 3705 2304 3751 totum
2330 3696 2589 3752 efﬁciebat
2607 3738 2623 3765 ,
2652 3713 2751 3752 nec
2777 3696 3008 3752 futurum
3039 3706 3183 3765 erat,
3210 3706 3268 3752 ut
3291 3699 3536 3766 cuiquam
3567 3698 3720 3754 alteri

2138 3788 2393 3855 cederet,
2425 3804 2597 3859 neque
2627 3798 2685 3844 ut
2714 3789 3067 3844 sacerdotium
3094 3790 3240 3859 prius
3268 3799 3503 3844 cessaret
3525 3832 3541 3856 ,
3582 3791 3720 3845 alte-

2136 3896 2359 3950 rumque
2374 3864 2743 3947 induceretur,
2771 3896 2866 3936 cur
2896 3880 3153 3951 propheta
3179 3880 3343 3935 dixit:
3375 3880 3454 3935 Tu
3483 3899 3536 3936 es
3561 3899 3718 3936 sacer-

2136 3969 2228 4024 dos
2253 3970 2305 4024 in
2333 3981 2571 4024 aeternum
2604 3971 2877 4025 secundum
2900 3971 3126 4026 ordinem
3165 3971 3496 4027 Melchisedee
3522 3974 3539 4042 (
3567 3972 3718 4031 Psal.

2136 4063 2259 4120 109.
2291 4062 2408 4135 4)?
2435 4063 2720 4117 Dicendum
2765 4064 2906 4118 enim
2955 4073 3106 4132 erat,
3155 4065 3443 4119 secundum
3472 4065 3715 4121 ordinem

2136 4158 2333 4209 Aaron.
2372 4154 2574 4211 Idcirco
2611 4156 2728 4211 ait:
2768 4157 2812 4212 si
2858 4159 3243 4213 consummatio
3287 4174 3382 4229 per
3421 4158 3716 4215 Levilicum

2134 4247 2489 4303 sacerdotium
2521 4257 2635 4303 erat
2658 4290 2672 4313 ,
2702 4248 2828 4319 quid
2858 4249 3050 4305 deinde
3105 4265 3238 4320 opus
3266 4260 3380 4305 erat
3422 4251 3712 4306 secundum

2134 4340 2375 4394 ordinem
2413 4340 2767 4396 Melchisedec
2804 4343 2997 4397 exoriri
3028 4343 3358 4399 sacerdotem
3390 4344 3553 4398 alium
3580 4386 3596 4412 ,
3623 4345 3712 4415 qui

2133 4446 2239 4485 non
2287 4430 2553 4486 diceretur
2597 4432 2887 4487 secundum
2932 4433 3170 4489 ordinem
3221 4435 3441 4489 Aaron?
3487 4436 3567 4491 Ex
3614 4436 3714 4491 hoc

2139 4524 2280 4578 enim
2314 4523 2514 4593 liquet,
2564 4524 2691 4580 illud
2720 4526 3071 4580 sacerdotium
3121 4528 3274 4584 linem
3306 4529 3573 4599 accepisse
3596 4571 3612 4595 ,
3659 4539 3713 4585 et

2131 4612 2274 4668 aliud
2309 4614 2360 4668 in
2402 4614 2540 4669 illius
2569 4616 2740 4669 locum
2786 4616 3055 4671 inductum
3083 4633 3202 4672 esse
3234 4619 3398 4673 multo
3426 4621 3617 4675 melius
3644 4635 3708 4675 ac

2131 4705 2426 4759 sublimius.
2453 4706 2564 4761 llcc
2582 4715 2754 4761 autem
2780 4710 2969 4772 ('vlcto,
2994 4709 3151 4763 simul
3173 4719 3223 4765 et
3246 4712 3371 4770 illud
3397 4712 3446 4765 in
3466 4713 3714 4769 confesso

2130 4802 2233 4859 est,
2258 4795 2416 4848 alium
2447 4796 2604 4850 ct’am
2636 4795 2963 4851 vita-Statum
2993 4798 3289 4854 sacerdot'o
3309 4814 3709 4869 congruentem,

2130 4885 2286 4938 simul
2335 4884 2685 4940 inducendum
2728 4887 2887 4941 fuisse
2910 4929 2927 4953 ,
2960 4904 3164 4943 necnon
3197 4891 3362 4960 legem
3392 4893 3669 4949 meliorem
3692 4934 3710 4961 ,

2129 4975 2377 5030 nimirum
2426 4988 2682 5031 nostram.
2730 4977 2879 5045 Quod
2927 4992 3056 5033 sane
3083 4979 3457 5038 demonstrans
3517 4983 3711 5044 Paulus

2129 5066 2374 5121 diccbat:
2402 5065 2672 5122 Translata
2716 5069 2847 5122 enim
2874 5070 3156 5124 sacerdotio
3184 5112 3200 5138 ,
3244 5074 3523 5128 necessario
3560 5076 3620 5143 ﬁt
3663 5084 3711 5129 et

2130 5157 2252 5229 legis
2277 5153 2542 5213 translatio
2561 5201 2575 5223 ,
2619 5169 2666 5213 et
2693 5160 2869 5214 horum
2913 5161 3142 5215 conditor
3166 5173 3236 5217 est
3263 5180 3393 5218 unus
3433 5164 3623 5235 (Hebr.
3653 5166 3708 5223 7.

2129 5251 2197 5305 ie
2217 5249 2261 5321 ).
2292 5250 2426 5319 Quia
2451 5251 2591 5306 enim
2623 5251 2877 5321 pleraque
2904 5252 3089 5323 legalia
3116 5253 3259 5309 circa
3294 5254 3576 5311 sacerdotii
3604 5258 3705 5312 mi-

2127 5342 2340 5398 nisteria
2366 5344 2750 5411 consistebant,
2798 5346 2944 5414 prius
2970 5356 3150 5402 autem
3175 5347 3530 5405 sacerdotium
3579 5366 3704 5421 pro-

2127 5432 2358 5502 lligatum
2388 5442 2508 5500 est,
2560 5434 2810 5489 nimirum
2849 5436 2957 5491 alio
2982 5436 3034 5492 in
3079 5437 3218 5493 illius
3244 5439 3416 5495 vicem
3464 5441 3699 5506 inducto,

2127 5524 2508 5593 lcgislationem
2538 5528 2698 5582 etiam
2745 5529 3016 5585 meliorem
3064 5529 3115 5585 in
3148 5532 3285 5588 illius
3312 5533 3485 5590 locum
3526 5535 3700 5591 induci

2123 5618 2378 5686 oportuit.
2410 5618 2652 5676 Posthmc
2693 5619 3000 5688 declarans,
3028 5625 3095 5679 de
3119 5640 3227 5696 quo
3253 5626 3370 5682 haec
3398 5628 3557 5696 dicat,
3586 5629 3695 5683 ait:

2129 5706 2206 5761 De
2230 5725 2329 5778 quo
2349 5711 2478 5764 enim
2506 5711 2739 5768 dicuntur
2759 5713 2886 5782 hac,
2911 5715 3116 5771 alterius
3138 5716 3295 5773 tribus
3314 5723 3560 5789 particeps
3582 5720 3694 5789 fuit,
