4046 6146
336 277 441 338 925

397 392 463 451 ε’.
494 384 652 458 Εἶτα,
683 389 771 446 ἵνα
802 390 877 465 μὴ
903 391 1030 461 περί
1059 408 1203 457 τινος
1233 392 1341 446 τῶν
1364 390 1574 445 πολλῶν
1595 386 1896 460 ἀνθρώπιον

329 475 485 534 τοῦτο
516 475 796 548 ὑποπτεύῃ
828 493 913 539 τις
937 475 1212 546 λέγεσθαι,
1250 475 1311 530 οὐ
1344 493 1508 547 φησιν
1539 474 1669 528 αὐτὸ
1696 475 1724 527 6
1745 470 1897 545 [669]

337 558 593 628 Ἦσαῖας,
624 558 752 614 οὐτε
810 560 1098 633 Ἱερεμίας,
1148 559 1272 614 οὔτε
1297 559 1456 625 ἄλλος
1485 576 1568 623 τις
1612 559 1900 629 προφήτης

332 643 549 716 ἰδιώτης
572 644 882 715 γενόμενος,
900 644 1015 698 ἀλλ’
1037 644 1201 708 αὐτὸς
1228 647 1258 698 6
1281 642 1551 714 βασιλεὺς,
1572 640 1681 714 [ἵνα
1700 639 1897 712 μάθῃς,

326 728 411 783 ὅτι
447 727 507 797 6]
531 727 786 799 βασιλεὺς
806 728 864 782 δὲ
895 727 1100 800 Κύριον
1127 727 1321 781 ἐαυτοῦ
1342 727 1531 781 οὐδένα
1554 724 1780 778 καλέσαι
1811 721 1902 776 δύ-

326 827 511 880 ναται,
539 811 654 865 ἀλλ’
679 812 712 883 ἢ
733 811 825 866 τὸν
850 810 982 865 Θεὸν
1015 811 1195 883 μόνον.
1218 812 1280 864 El
1312 811 1410 881 μὲν
1435 809 1544 880 7&9
1570 807 1784 878 ἰδιώτης
1808 801 1897 876 ἦν,

328 895 459 960 ἴσως
481 896 547 952 ἄν
584 913 670 961 τις
698 893 819 949 εἶπε
849 894 958 949 τῶν
984 894 1501 966 ἁναισχυντούντων,
1537 895 1619 947 ὅτι
1649 891 1775 956 περὶ
1815 891 1902 943 άν-

327 979 550 1053 θρώπου
575 979 757 1049 λέγει’
789 979 907 1033 νυνὶ
937 979 994 1033 δέ
1018 978 1273 1050 βασιλεὺς
1299 977 1375 1031 ὼν
1391 977 1675 1049 ἄνθρωπον
1704 973 1898 1029 ἑαυτοῦ

324 1065 533 1136 Κύριον
555 1065 656 1118 οὐκ
675 1063 741 1119 ἂν
769 1063 1044 1118 ἐκάλεσεν.
1064 1063 1188 1127 Πῶς
1211 1062 1256 1116 δ’
1276 1063 1363 1126 ἂν,
1394 1064 1442 1115 εί
1474 1063 1600 1135 περί
1628 1077 1772 1124 τινος
1792 1059 1900 1114 τῶν

325 1147 539 1202 πολλῶν
569 1146 869 1216 ἀνθρώπων
898 1145 1052 1215 ἔλεγε
1083 1144 1258 1200 ταῦτα
1295 1148 1323 1199 6
1351 1143 1534 1210 Δαυῒδ,
1575 1139 1727 1197 εἷπεν
1762 1139 1898 1214 [ἃν,]

323 1233 407 1287 ὅτι
438 1232 503 1285 ἐκ
534 1230 725 1297 δεξιῶν
757 1229 978 1283 ἐκάθισε
1021 1230 1124 1300 τῆς
1154 1230 1466 1302 ἀπορρήτου
1512 1227 1607 1281 καὶ
1658 1226 1900 1298 μεγάλης

324 1315 484 1385 δόξης
514 1316 760 1386 ἐκείνηςς
800 1314 957 1368 τοῦτο
981 1313 1090 1385 γάρ
1133 1314 1429 1385 ἀμήχανον.
1465 1311 1602 1384 Περὶ
1624 1311 1680 1364 δὲ
1708 1310 1899 1363 τούτου

325 1398 491 1469 φησίν
510 1413 524 1427 ’
567 1392 753 1451 Εἶπεν
795 1400 828 1451 ὀ
869 1398 1084 1465 Κύριος
1109 1395 1190 1463 τῷ
1217 1398 1412 1466 Κυρίῳ
1429 1413 1579 1466 μου,
1601 1392 1797 1449 Κάθου
1830 1392 1899 1451 ἐκ

322 1479 542 1546 δεξιῶν
560 1496 698 1550 μου,
729 1478 841 1545 ἕως
869 1477 946 1534 ἂν
976 1479 1058 1535 θῶ
1086 1479 1228 1547 τοὺς
1251 1480 1504 1550 ἐχθρούς
1530 1495 1646 1533 σου
1672 1476 1908 1532 ὑποπό-

322 1563 459 1618 διον
478 1562 598 1617 τῶν
620 1561 823 1616 ποδῶν
845 1577 982 1616 σου.
1011 1557 1176 1627 Εἶτα,
1213 1563 1301 1617 ἵνα
1335 1562 1410 1634 μὴ
1440 1560 1694 1634 νομίσῃς,
1738 1559 1899 1614 αὑτὸν

322 1646 528 1717 ἀσθενῆ
569 1641 709 1700 εἶναι
746 1644 843 1699 κα)⁸
874 1643 1260 1711 ἀδυνατοῦντα,
1297 1647 1563 1716 ἐπήγαγε,
1599 1643 1759 1699 Μετὰ
1784 1641 1901 1698 σοῦ

320 1730 363 1798 η
393 1730 550 1799 ἀρχὴ
566 1730 637 1782 ἐν
657 1727 848 1798 ἡμέρᾳ
877 1725 990 1795 τῆς
1017 1727 1325 1798 δυνάμεώς
1350 1743 1486 1782 σου.
1512 1727 1619 1781 Καὶ
1642 1724 1903 1797 σαφέστε-

326 1831 421 1886 ρον
466 1813 644 1883 δηλῶν
686 1812 872 1878 ἐλεγεν
890 1849 907 1875 ,
976 1811 1079 1866 Ἐκ
1126 1810 1391 1881 γαστρὸς
1432 1809 1546 1881 πρὸ
1590 1809 1902 1880 ἐωσφόρου

321 1895 625 1967 ἐγέννησά
647 1911 741 1950 σε.
772 1896 888 1966 Πρὸ
907 1893 1185 1965 ἐωσφόρου
1213 1893 1270 1948 δέ
1284 1893 1461 1958 οὐδεὶς
1480 1892 1783 1965 ἀνθρώπων
1808 1910 1904 1962 γε-

322 1981 603 2051 γέννηται.
631 1978 715 2033 Σὺ
744 1978 934 2047 ἱερεὺς
958 1980 1047 2044 είς
1073 1976 1182 2031 τὸν
1211 1975 1397 2031 αίῶνα
1421 1979 1570 2031 κατὰ
1593 1980 1708 2045 τὴν
1728 1976 1902 2042 τάξιν

321 2062 720 2133 Μελχισεδέκ.
777 2063 890 2116 Οὐκ
938 2057 1058 2115 εἶπε
1082 2100 1096 2125 ,
1150 2060 1289 2115 κατὰ
1327 2059 1425 2133 τὴν
1476 2059 1629 2127 τάξιν
1670 2059 1899 2130 Ἀαρών.

337 2145 645 2218 Ἐρώτησον
677 2145 856 2199 τοίνυν
885 2143 979 2198 τὸν
1025 2144 1295 2209 Ἰουδαῖον,
1328 2146 1377 2197 εί
1406 2142 1479 2215 μὴ
1511 2142 1733 2214 ἔμελλεν
1763 2145 1796 2214 ἡ
1825 2144 1903 2196 ἱε-

330 2228 547 2302 ρωσύνη
578 2226 944 2282 καταλύεσθαι
975 2229 1009 2300 ἡ
1047 2226 1249 2281 παλαιὰ
1269 2265 1284 2291 ,
1310 2226 1455 2290 τίνος
1500 2226 1689 2282 ἐνεκεν
1717 2226 1903 2297 ἕτερον

326 2312 627 2383 είσὴγαγεν
681 2310 832 2383 ἱερέα
885 2311 1027 2365 κατὰ
1084 2310 1181 2380 τὴν
1215 2309 1366 2377 τάξιν
1414 2308 1768 2380 Μελχισεδέκ.
1810 2309 1904 2372 Εἰς

325 2395 484 2450 τοῦτο
512 2393 641 2463 γοῦν
664 2395 795 2448 αὐτὸ
825 2394 885 2448 τὸ
913 2394 1110 2466 χωρίον
1140 2393 1309 2448 ἐλθὼν
1340 2395 1369 2447 6
1398 2392 1627 2456 Παῦλος,
1651 2393 1754 2463 ὅρα
1787 2390 1904 2456 πῶς

328 2479 468 2534 αὐτὸ·
497 2478 831 2550 σαφέστερον
854 2479 1128 2550 ἐποίησεν.
1153 2476 1340 2531 Εἱπὼν
1369 2475 1479 2547 7&9
1496 2475 1626 2548 περὶ
1649 2475 1744 2529 τοῦ
1769 2476 1814 2528 Χ
1823 2491 1907 2545 ρι-

330 2561 484 2624 στοῦ,
515 2563 598 2616 ὅτι
627 2560 810 2625 καθὼς
844 2562 903 2613 ἐν
950 2560 1121 2632 ἐτέρῳ
1147 2560 1319 2630 λέγει,
1344 2559 1428 2614 Σὺ
1454 2558 1647 2629 ἱερεὺς
1674 2560 1762 2624 είς
1789 2556 1908 2625 λτὸν

328 2644 518 2700 αἱῶνα
549 2643 699 2699 κατὰ
720 2645 836 2713 τὴν
859 2642 1035 2709 τάξιν
1067 2642 1461 2714 Μελχισεδὲκ,
1493 2643 1742 2714 ἐπήγαγε
1761 2656 1775 2672 ’
1799 2643 1909 2694 Πε-

320 2729 388 2798 ρὶ
425 2723 496 2784 οὗ
547 2728 744 2795 πολὺς
775 2726 924 2796 ημῖν
962 2730 995 2782 ό
1025 2729 1209 2796 λόγος
1255 2726 1351 2781 καί
1406 2726 1902 2796 δυσερμήνευτος.

329 2807 488 2877 Εἶτα,
518 2812 851 2883 ἐπιτιμήσας
877 2812 990 2873 τοῖς
1022 2809 1311 2882 μαθηταῖς,
1350 2809 1432 2864 δεῖ
1458 2809 1566 2881 7&9
1603 2810 1904 2880 ἐπιτεμεῖν,

329 2894 510 2966 λέγει,
536 2896 620 2958 τίς
652 2898 798 2948 ἐστιν
827 2897 855 2948 ὁ
886 2893 1247 2964 Μελχισεδὲκ,
1275 2895 1369 2947 καὶ
1402 2893 1596 2962 ἐπάγει
1639 2893 1738 2964 τὴν
1769 2895 1909 2945 ἱστο-

332 2978 481 3051 ρίαν,
513 2977 657 3031 οὕτω
679 2977 882 3046 λέγων’
909 2972 1098 3043 Οὗτος
1124 2979 1158 3030 ὁ
1206 2977 1603 3046 συναντήσας
1654 2974 1910 3044 Ἀϐραὰμ

326 3061 774 3132 ὑποστρέφοντι
802 3059 920 3115 ἀπὸ
948 3058 1057 3127 τῆς
1087 3059 1282 3128 κοπῆς
1309 3060 1429 3114 τῶν
1449 3059 1780 3123 βασιλέων,
1809 3058 1910 3112 καί

328 3146 676 3216 εὐλογήσας
721 3144 937 3211 αὐτὸν,
962 3139 1011 3213 ᾧ
1043 3144 1144 3199 καὶ
1180 3144 1443 3211 δεκάτην
1478 3140 1754 3211 ἐμέρισεν
1791 3140 1909 3195 ἀπὸ

331 3232 579 3287 πάντων
604 3232 878 3301 Ἀϐραάμ.
896 3227 1053 3293 Εἶτα,
1078 3227 1431 3283 ἐκκαλύπτων
1459 3227 1519 3280 τὸ
1541 3218 1803 3297 θεώρημα
1817 3225 1910 3279 τοῦ

330 3316 530 3379 τύπου,
552 3314 908 3382 Θεωρεῖτεδέ
927 3315 1190 3382 πηλίκος
1207 3307 1404 3377 οὗτος,
1422 3311 1606 3382 φησὶν,
1630 3303 1678 3377 ᾦ
1701 3308 1797 3363 καὶ
1825 3306 1915 3361 δε-

332 3400 531 3468 κάτην
545 3398 819 3468 ἐμέρισεν
829 3398 947 3453 ἀπὸ
962 3396 1204 3450 πάντων
1214 3396 1262 3448 Ἀ
1271 3393 1461 3464 ϐραὰμ
1487 3395 1516 3446 6
1547 3393 1909 3464 πατριάρχης.

334 3482 580 3538 Τοῦτοδέ
607 3482 706 3552 οὐχ
732 3481 917 3544 ἁπλῶς
931 3479 1116 3548 ἔλεγεν
1131 3520 1147 3544 ,
1175 3477 1289 3531 ἀλλ’
1313 3476 1645 3544 ἐνδείξασθαι
1663 3475 1918 3547 βουλόμε-

330 3585 426 3633 νος
444 3610 456 3627 .
475 3569 557 3621 ὅτι
591 3566 771 3637 πολλῷ
798 3565 996 3637 μείζων
1016 3566 1049 3635 ἠ
1066 3561 1188 3617 καθ’
1207 3563 1241 3634 η
1249 3563 1354 3633 μᾶς
1378 3560 1642 3632 ἱερωσύνη
1661 3559 1760 3630 τῆς
1789 3560 1917 3614 ’1ου-

334 3652 552 3724 δαῖκῆς.
582 3653 695 3707 Καὶ
728 3655 786 3705 ἐν
829 3653 975 3714 τοῖς»
994 3647 1186 3712 τύποις
1224 3649 1406 3711 αὐτοῖς
1437 3646 1547 3701 τῶν
1577 3645 1916 3716 πραγμάτων

337 3737 686 3810 προλαϐοῦσα
713 3738 746 3807 ὴ
780 3732 1020 3807 ὑπεροχὴ
1045 3731 1422 3786 διαδείκνυται.
1457 3730 1515 3783 '0
1535 3729 1644 3801 7&9
1668 3727 1918 3798 Ἀϐραὰμ

336 3820 435 3875 τοῦ
477 3819 664 3874 Ἰσαὰκ
706 3818 889 3889 πατὴρ
923 3814 1012 3889 ἦν,
1056 3814 1276 3870 καὶτοῦ
1317 3811 1510 3868 Ἰακὼϐ
1541 3815 1780 3876 πάππος,
1822 3810 1918 3863 καὶ

338 3903 472 3958 Λευῒ
498 3904 780 3975 πρόγονοςο
810 3900 907 3955 τοῦ
940 3900 1048 3971 γὰρ
1086 3896 1278 3953 Ἰακὼϐ
1302 3892 1371 3969 ἦν
1399 3897 1514 3959 υἱὸς
1541 3897 1569 3949 6
1595 3895 1749 3948 Λευΐ.
1783 3892 1919 3975 Ἀπὸ

337 3986 451 4060 7&9
474 3974 605 4041 Λευτ
631 3988 665 4058 η
695 3985 958 4057 ἱερωσύνη
991 3981 1140 4055 παρά
1176 3979 1447 4044 Ἰουδαίοις
1475 3978 1576 4050 τὴν
1595 3977 1768 4050 ἀρχὴν
1796 3974 1919 4060 έλα-

341 4059 457 4126 ϐεν.
497 4071 635 4125 Ἀλλ’
664 4062 817 4133 οὗτος
836 4071 864 4123 6
902 4067 1153 4139 Ἀϐραὰμ
1182 4068 1211 4120 6
1243 4065 1505 4134 πρόγονος
1530 4062 1641 4119 τῶν
1678 4059 1919 4114 Λευῖτῶν

337 4156 437 4211 καὶ
457 4154 567 4209 τῶν
608 4152 911 4208 Ἰουδαϊκῶν
954 4151 1162 4222 ἱερέων,
1207 4149 1299 4202 ἐπὶ
1340 4147 1435 4203 τοῦ
1475 4145 1831 4217 Μελχισεδὲκ,
1859 4141 1919 4207 ὃς

336 4233 411 4311 ἦν
453 4237 625 4298 τύπος
670 4236 770 4305 τῆς
811 4234 934 4288 καθ’
963 4234 1112 4304 ἡμᾶς
1158 4231 1476 4305 ἱερωσύνης,
1529 4228 1718 4284 λαῖκοῦ
1764 4225 1919 4293 τάξιν

339 4321 551 4389 ἐπεῖχε·
579 4317 675 4372 καὶ
703 4316 859 4369 τοῦτο
876 4316 941 4369 δι’
968 4315 1292 4387 ἀμφοτέρων
1321 4313 1575 4384 ἐδήλωσε,
1608 4314 1703 4368 καὶ
1716 4310 1805 4366 διὰ
1825 4311 1919 4364 τοῦ

338 4402 529 4458 δοῦναι
551 4399 783 4470 δεκάτην
808 4397 974 4468 αὐτῷ’
1006 4398 1055 4450 οἱ
1094 4397 1204 4468 γὰρ
1239 4395 1417 4449 λαῖκοὶ
1440 4399 1553 4460 τοῖς
1583 4394 1788 4468 ἱερεῦσι
1820 4393 1920 4457 τὰς

342 4483 581 4547 δεκάτας
604 4481 825 4536 διδόασι·
850 4481 944 4535 καὶ¹
967 4481 1050 4535 ὅτι
1076 4479 1353 4551 ηὐλογηθη
1375 4480 1503 4549 παρ’
1531 4477 1717 4532 αὐτοῦ·
1744 4480 1793 4531 οἱ
1813 4475 1920 4549 7&9

344 4569 525 4624 λαῖκοὶ
550 4565 704 4637 παρὰ
729 4564 841 4621 τῶν
868 4563 1058 4635 ἱερέων
1079 4561 1445 4631 εὐλογοῦνται.
1466 4560 1634 4615 Πάλιν
1657 4561 1759 4632 ὅρα
1781 4560 1921 4630 πόση

346 4655 383 4724 ή
414 4651 658 4724 ὑπεροχὴ
685 4649 788 4721 τῆς
823 4648 945 4702 καθ’
979 4648 1126 4718 ἡμᾶς
1160 4645 1478 4718 ἱερωσύνης,
1511 4646 1639 4699 ὅταν
1674 4643 1925 4717 Ἀϐραάμ

347 4741 377 4795 6
403 4736 748 4808 πατριάρχης
782 4732 892 4787 τῶν
935 4729 1229 4793 Ἰουδαίων,
1267 4729 1296 4781 6
1339 4728 1601 4801 πρόγονος
1631 4728 1737 4783 τῶν
1763 4730 1921 4784 Λευῖ-

349 4822 457 4876 τῶν
474 4862 490 4887 ,
515 4820 837 4892 εὑρίσκηται
857 4829 883 4860 ι
914 4816 1019 4870 ὑπὸ
1046 4815 1140 4870 τοῦ
1160 4813 1492 4885 Μελχισεδὲκ
1517 4811 1922 4885 εὐλογούμενος,

350 4906 447 4959 καὶ
473 4904 703 4966 δεκάτας
727 4901 917 4966 διδούς.
947 4901 1059 4955 Καὶ
1084 4901 1193 4972 γὰρ
1229 4898 1514 4973 ἀμφότερα
1555 4896 1730 4952 ταῦτά
1763 4917 1927 4970 φησιν

351 4991 387 5063 η
404 4988 635 5053 Παλαιὰ,
648 4989 730 5042 ὅτι
745 4989 837 5041 καί
855 4987 1144 5058 εὐλόγησεν
1160 4989 1189 5040 ὁ
1202 4985 1533 5057 Μελχισεδὲκ
1548 4983 1638 5037 τὸν
1653 4985 1922 5057 Ἀϐραὰμ,

353 5081 450 5132 καὶ
485 5075 851 5129 δεδεκάτωκεν
891 5073 1074 5129 αὐτόν.
1102 5072 1290 5127 Ταῦτα
1320 5070 1451 5142 γοῦν
1484 5068 1625 5125 αὐτά
1651 5072 1728 5136 είς
1761 5071 1927 5144 μέσον

353 5161 577 5234 ἀγαγὼν
601 5164 631 5217 6
649 5159 896 5228 Παῦλος,
921 5160 1103 5231 ἔλεγε,
1148 5160 1421 5229 Θεωρεῖτε
1443 5158 1512 5213 δέ
1540 5158 1799 5228 πηλίκος
1825 5154 1929 5215 οὗ-

352 5263 457 5313 τος
475 5262 495 5309 ;
527 5241 722 5313 Οὗτος
746 5246 858 5313 τίς;
900 5246 966 5300 ὐ
995 5244 1391 5317 Μελχισεδὲκ,
1428 5244 1612 5316 φησὶν,
1646 5238 1695 5311 ᾧ
1720 5245 1816 5299 καί
1842 5244 1930 5298 δε-

354 5329 548 5398 κάτην
579 5327 835 5400 Ἀϐραὰμ
864 5329 935 5384 ἐκ
972 5328 1095 5384 τῶν
1131 5329 1487 5399 ἀκροθινίων
1511 5328 1734 5383 ἔδωκεν
1763 5331 1797 5382 ό
1824 5342 1931 5385 πα·

353 5405 635 5478 τριάρχης
668 5413 933 5468 ἐκείνων.
966 5411 1078 5468 Καὶ
1116 5416 1170 5468 οί
1189 5412 1308 5484 μὲν
1344 5413 1414 5467 ἐκ
1455 5410 1574 5466 τῶν
1604 5410 1753 5466 υἱῶν
1786 5411 1932 5467 Λευῒ

422 5676 454 5743 ξ
476 5673 650 5743 Ἀρι-ει.
677 5673 944 5743 εικιιυὶᾱειῃ
977 5685 1094 5743 msg.
1129 5671 1412 5743 εὑρίσκεται.
1456 5669 1568 5743 μοὶ
1593 5667 1789 5743 ςυὶιιειη
1811 5684 1927 5722 mss.

369 5736 606 5803 Ἀϐραὰμ,
621 5736 703 5808 καὶ
724 5731 796 5787 ὅτι
815 5735 1029 5805 δεκάτας,
1044 5731 1195 5786 ἔλαϐε
1205 5734 1316 5798 παρ’
1339 5731 1502 5784 αὐτοῦ.
1525 5731 1686 5785 Ταῦτα
1708 5731 1836 5795 γοῦν.
1936 5764 1945 5775 ο

340 5907 387 5916 ε..
1024 5912 1027 5915 λ
1044 5903 1091 5917 AI-

1245 226 1251 232 .
1360 332 1379 338 _
1428 266 1790 329 ADVERSUS
1826 270 2134 327 JUDASOS.
2176 270 2287 327 \‘ll.

3436 275 3581 333 εει

2000 386 2115 454 τὴν
2138 388 2471 458 ἱερωσύνην
2500 388 2930 460 λαμϐάνοντες,
2947 388 3209 459 ἐντολὴν
3234 388 3386 466 [670]
3408 393 3582 464 ἔχου.

1999 485 2104 524 σιν
2141 471 2557 529 άποδεκατοῦν
2584 472 2690 527 τὸν
2717 472 2892 537 λαὸν,
2927 472 3203 529 τουτέστι
3233 475 3375 543 τοὺς
3394 478 3577 535 ἀδελ-

2000 554 2152 624 ⁶τοὺς
2184 555 2401 625 αὐτῶν,
2416 557 2629 627 καίπερ
2649 558 3095 626 ἐξεληλυθότας
3118 560 3185 614 ἐκ
3208 560 3319 629 τῆς
3346 563 3579 634 ὀσφύος

1998 639 2107 693 τοῦ
2147 639 2414 712 Ἀϐραάμ.
2450 643 2515 696 Ὀ
2547 641 3021 711 δέλέγειτοιοῦτόν
3043 644 3189 697 ἐστιν
3209 660 3224 675 °
3255 644 3576 709 ΟἱΔευῖται.

2001 723 2186 792 φησὶν,
2211 725 2259 777 οἱ
2293 724 2444 796 παρὰ
2466 725 2741 789 Ἰουδαίοις
2776 726 2960 796 ἱερεῖς,
2975 727 3194 800 ἐντολὴν
3219 727 3406 781 ἔλαϐον
3439 726 3581 781 κατὰ

1999 805 2090 859 τὸν
2118 807 2314 877 νόμον,
2369 808 2599 873 δεκάτας
2631 808 2928 880 λαμϐάνειν
2967 812 3031 865 ἐκ
3075 811 3182 865 τῶν
3235 810 3409 866 ἄλλων
3446 814 3579 868 Ἰου-

1999 889 2183 947 δαίων.
2215 892 2410 946 Καίτοι
2440 910 2503 962 γε
2535 892 2736 959 πάντες
2770 897 2837 948 ἐκ
2871 894 2963 950 τοῦ
3009 895 3261 968 Ἀϐραὰμ
3289 893 3451 969 ἦσαν,
3483 899 3581 955 καὶ

1999 975 2048 1026 οἱ
2076 972 2332 1041 Λευῖται,
2367 977 2462 1030 καὶ¹
2497 978 2526 1029 6
2573 976 2760 1041 λοιπὸς
2800 977 2974 1042 λαὸς,⁵
3002 978 3115 1032 ἀλλ’
3156 979 3305 1050 ὅμως
3348 981 3582 1047 δεκάτας

1998 1056 2330 1128 λαμϐάνουσι
2351 1059 2501 1131 παρὰ
2524 1059 2632 1113 τῶν
2666 1060 2910 1131 ἀδελφῶν
2944 1062 3144 1118 αὐτῶν.
3198 1064 3254 1117 Ὀ
3279 1063 3337 1118 δὲ
3375 1066 3582 1137 Μελχι-

2002 1140 2178 1206 σεδὲκ,
2217 1143 2245 1195 6
2276 1142 2350 1221 μὴ
2376 1142 2865 1221 γενεαλογούμενος
2886 1143 2944 1210 ἐξ
2972 1146 3152 1200 αὐτῶν
3177 1146 3257 1218 (οὐ
3273 1148 3383 1221 7&9
3404 1151 3468 1202 ἐκ
3484 1148 3579 1204 τοῦ

2014 1224 2265 1296 Ἀϐραὰμ
2292 1220 2382 1297 ἦν,
2416 1225 2538 1279 οὐδέ
2561 1220 2624 1280 ἐκ
2655 1227 2755 1298 τῆς
2793 1227 2966 1300 φυλῆς
2997 1228 3098 1300 τῆς
3129 1220 3439 1304 Λευῖτικῆς,
3462 1232 3581 1287 ἀλλ’

2000 1309 2059 1376 ἐξ
2089 1308 2277 1381 ἐτέρου
2314 1311 2571 1379 γένους),
2601 1310 2935 1365 δεδεκάτωκε
2988 1312 3081 1366 τὸν
3120 1313 3391 1386 Ἀϐραάμ,
3422 1333 3581 1371 τουτ-

1999 1392 2138 1459 έστι,
2165 1394 2396 1459 δεκάτας
2425 1397 2556 1465 παρ’
2585 1394 2749 1449 αὐτοῦ
2776 1395 2954 1450 ἔλαϐε·
2993 1395 3166 1449 καὶού
3192 1397 3351 1452 τοῦτο
3380 1398 3540 1469 μόνον
3560 1440 3580 1467 ,

2000 1477 2135 1530 ἀλλὰ
2164 1479 2258 1532 καὶ
2282 1478 2467 1550 ἔτερόν
2492 1496 2565 1535 τι.
2596 1478 2661 1532 Τί
2690 1478 2745 1532 δὲ
2778 1478 2969 1546 τοῦτο;
3001 1478 3124 1532 Ὅτι
3153 1480 3247 1533 καὶ
3276 1479 3367 1534 τὸν
3390 1481 3582 1552 ἔχοντα

1999 1559 2097 1624 τὰς
2137 1560 2490 1630 ἐπαγγελίας,
2520 1561 2618 1617 τὸν
2666 1561 2936 1633 Ἀϐραὰμ,
2966 1562 3126 1616 πάλιν
3144 1562 3437 1634 ηὐλόγησε.
3471 1567 3583 1620 Καὶ

1999 1642 2054 1697 τί
2079 1642 2258 1710 τοῦτο,
2285 1646 2439 1715 φησὶ,
2469 1645 2771 1711 δείκνυταις
2814 1645 2936 1699 Ὅτι
2959 1638 3114 1709 οὗτος
3143 1645 3354 1701 ἐκείνου
3378 1648 3585 1721 σφόδρα

2001 1725 2259 1782 ἐλάττων.
2294 1728 2451 1795 Πῶς;
2484 1728 2671 1797 Χωρὶς
2702 1726 2908 1796 πάσης
2930 1729 3280 1797 ἀντιλογίας
3308 1729 3375 1784 τὸ
3405 1729 3587 1786 ἔλατ-ν

2000 1825 2111 1864 τον
2136 1811 2257 1867 ὑπὸ
2275 1809 2385 1865 τοῦ
2410 1811 2751 1880 κρείττονος
2778 1810 3130 1880 εὐλογεῖται.
3152 1811 3321 1878 Ὥστε»
3341 1814 3388 1866 εἰ
3420 1813 3493 1884 μὴ
3513 1808 3583 1886 ἦν

2002 1895 2241 1950 ἐλάττων
2275 1897 2305 1949 6
2342 1895 2626 1967 Ἀϐραὰμ,
2665 1896 2694 1949 6
2732 1896 2996 1968 πρόγονος
3036 1895 3145 1950 τῶν
3187 1896 3450 1958 Λευῖτῶν,
3485 1898 3596 1950 τοῦ’

2005 1977 2362 2047 Μελχισεδὲκ,
2384 1979 2484 2031 οὐκ
2506 1977 2572 2031 ἂν
2602 1979 2809 2042 ἐκεῖνος
2834 1976 3022 2032 τοῦτον
3047 1977 3361 2048 εὐλόγησεν,
3391 1979 3498 2033 οὐδ’
3517 1978 3583 2033 ἂν

2003 2057 2158 2126 οὗτος
2183 2061 2376 2130 ἐκείνῳ
2404 2059 2638 2123 δεκάτας
2663 2060 2884 2114 ἔδωκεν.
2900 2056 3032 2114 Εἶτα
3053 2059 3376 2131 βουλόμενος
3390 2060 3581 2127 δεῖξαι,

1998 2145 2085 2198 δτι
2107 2142 2197 2198 διὰ
2220 2143 2313 2197 τοῦ
2335 2143 2670 2214 Μελχισεδὲκ
2693 2143 2961 2214 προῆλθεν
2989 2145 3055 2197 ἂν
3080 2146 3254 2198 ἐκεῖνο
3272 2145 3321 2210 ³³,
3336 2146 3585 2216 ἐπήγαγε

2003 2226 2179 2296 λέγων
2204 2243 2219 2258 ·
2254 2226 2388 2291 Καὶ,
2420 2226 2501 2293 ὡς
2526 2224 2676 2291 ἔπος
2711 2225 2919 2290 είπεῒν,
2958 2226 3203 2280 τουτέστι
3242 2228 3449 2297 σχεδὸν,
3486 2229 3586 2283 διὰ

2018 2311 2261 2381 Ἀϐραὰμ
2289 2310 2387 2364 καὶ
2407 2309 2553 2366 Λευτ
2583 2313 2616 2364 ό
2638 2309 2896 2377 δεκάτας
2919 2309 3242 2380 λαμϐάνων
3271 2310 3588 2367 δεδεκάτω-

2004 2412 2119 2449 ται.
2149 2393 2214 2447 Τί
2258 2393 2315 2447 δέ
2353 2394 2470 2447 ἐστι
2491 2434 2505 2455 ,
2557 2392 2947 2448 δεδεκάτωται
2963 2412 2985 2460 ;
3024 2394 3267 2459 Δεκάτας
3291 2395 3458 2450 ἔδωκε
3489 2396 3586 2450 καὶ

2007 2480 2186 2545 αὐτὸς,
2210 2478 2362 2550 φησὶ,
2389 2478 2467 2550 τῷ
2495 2477 2847 2549 Μελχισεδὲκ,
2875 2481 2904 2533 6
2931 2477 3155 2550 μηδέπω
3175 2479 3476 2551 γεννηθεὶς,
3497 2480 3587 2534 διὰ

2005 2562 2099 2617 τοῦ
2124 2563 2330 2636 πατρὸς
2365 2562 2552 2617 αὐτοῦ·
2574 2564 2696 2616 Ἔτι
2716 2565 2848 2633 τὰρ.
2872 2563 3057 2634 φησὶν,
3079 2562 3240 2633 ἐντῇ
3270 2565 3462 2635 ὀσφύϊ
3476 2563 3586 2620 τοῦ

2008 2645 2230 2715 πατρὸς
2256 2645 2443 2700 αὐτοῦ
2480 2641 2579 2716 ἦν,
2614 2645 2715 2700 ὅτε
2743 2645 3137 2714 συνήντησεν
3169 2645 3329 2713 αὐτῷ
3360 2650 3586 2717 Μελχι-

2007 2729 2208 2783 σεδέκ·
2242 2728 2331 2783 διὰ
2354 2729 2512 2783 τοῦτο
2536 2729 2647 2802 7&9
2672 2729 2955 2802 προλαϐὼν
2983 2725 3156 2795 εἶπεν,
3204 2730 3302 2799 Ὧς
3333 2733 3481 2798 ἔπος
3507 2734 3587 2787 εἱ-

2008 2810 2164 2865 πεῖν.
2193 2811 2351 2875 Τίνος
2369 2807 2464 2865 οῦν
2486 2811 2672 2866 ἕνεκεν
2696 2814 2872 2868 ταῦτα
2909 2814 3116 2882 ἔλεγεν,
3152 2815 3346 2885 ἐπάγει
3371 2816 3548 2886 λέγων
3569 2832 3585 2846 ·

2009 2899 2079 2951 El
2101 2894 2220 2965 μὲν
2255 2890 2374 2951 οὖν
2398 2897 2438 2964 η
2473 2897 2782 2963 τελείωσις
2807 2895 2906 2951 διὰ
2940 2896 3052 2966 τῆς
3083 2899 3399 2968 Λευττικῆς
3425 2903 3587 2969 ἱερω-

2009 2979 2207 3046 σύνης
2242 2973 2322 3048 ἦν
2364 2978 2419 3050 (ὁ
2442 2977 2593 3043 λαὸς
2616 2977 2727 3048 γὰρ
2750 2978 2843 3033 ἐπ’
2876 2978 3033 3048 αὐτῇ
3056 2981 3489 3051 νενομοθέτητο
3515 2983 3585 3054 ἀ),

2010 3062 2100 3129 τίς
2128 3062 2215 3116 ἔτι
2236 3062 2406 3131 χρεία
2431 3060 2580 3114 κατὰ
2602 3059 2719 3129 τὴν
2746 3060 2921 3125 τάξιν
2946 3063 3321 3131 Μελχισεδὲκ
3347 3066 3591 3120 ἀνίστα-

2011 3150 2152 3201 σθαι
2178 3142 2338 3212 ἱερέα
2365 3142 2589 3213 ἕτερον,
2617 3142 2719 3197 καί
2741 3145 2813 3197 οὐ
2848 3144 2999 3198 κατὰ
3022 3144 3139 3213 τὴν
3158 3146 3333 3211 τάξιν
3365 3147 3592 3217 Ἀαρὼν

2010 3227 2330 3297 λέγεσθαι;
2355 3224 2420 3279 Τί
2444 3225 2501 3279 δέ
2535 3227 2682 3280 ἐστιν
2711 3221 2742 3278 δ
2775 3225 2959 3295 λέγει;
2988 3227 3054 3281 Et
3088 3226 3159 3282 τά
3199 3229 3499 3300 πράγματα
3519 3227 3590 3304 ἦν

2011 3311 2212 3375 τέλεια,
2263 3310 2418 3381 φησὶ,
2450 3307 2518 3361 τά
2544 3307 2686 3362 κατὰ
2725 3308 3010 3373 Ἰουδαίους
3030 3350 3045 3375 ,
3080 3313 3173 3366 καὶ
3204 3312 3280 3384 μὴ
3310 3313 3441 3367 σκιά
3462 3310 3530 3385 ἦν
3561 3317 3631 3375 6.

2014 3396 2176 3467 νόμος
2200 3393 2310 3448 τῶν
2348 3392 2649 3465 μελλόντων
2687 3391 2940 3460 άγαθῶν,
2986 3394 3125 3450 ἀλλὰ
3162 3395 3223 3450 τὸ
3277 3398 3386 3451 πᾶν
3428 3398 3593 3463 αὐτὸς

2014 3475 2404 3549 κατωρθώκει,
2451 3475 2546 3531 καὶ
2589 3475 2689 3529 οὐκ
2728 3474 2950 3547 ἔμελλεν
2996 3478 3167 3550 ἑτέρῳ
3195 3483 3549 3551 παραχωρεῖν
3571 3520 3588 3548 ,

2015 3560 2138 3615 οὐτε
2168 3563 2200 3633 ή
2234 3560 2502 3633 ἱερωσύνη
2524 3560 2558 3630 ἡ
2587 3558 2828 3631 προτέρα
2862 3559 3275 3628 ὑπεξίστασθαι,
3305 3565 3399 3617 καὶ
3429 3564 3593 3636 ἐτέρα

2017 3643 2463 3712 άντεισάγεσθαι,
2494 3643 2636 3706 τίνος
2656 3641 2846 3697 ἕνεκεν
2887 3645 2916 3697 6
2952 3646 3240 3717 προφήτης
3269 3646 3474 3716 ἔλεγεν·
3504 3648 3592 3705 Σὺ

2016 3726 2209 3796 ἱερεὺς
2226 3729 2314 3792 είς
2333 3725 2439 3780 τὸν
2460 3723 2664 3791 αἰῶνα,
2685 3727 2837 3780 κατὰ
2854 3724 2970 3793 τὴν
2996 3727 3170 3792 τάξιν
3183 3730 3556 3798 Μελχισεδέκ
3568 3747 3593 3797 ;

2019 3817 2125 3870 ἐδει
2148 3814 2259 3887 7&9
2296 3816 2503 3880 εἰπεῖν,
2540 3812 2683 3868 κατὰ
2711 3813 2813 3886 τὴν
2849 3811 3004 3879 τάξιν
3041 3814 3270 3888 Ἀαρών.
3314 3818 3414 3871 Διὰ
3436 3816 3595 3872 τοῦτό

2020 3921 2205 3975 φησιν,
2226 3904 2290 3957 El
2318 3903 2416 3975 μὲν
2440 3897 2532 3956 οῦν
2554 3901 2880 3973 ὴτελείωσις
2904 3900 2993 3954 διὰ
3010 3902 3110 3973 τῆς
3134 3903 3420 3975 Λευῖτικῆς
3445 3906 3598 3977 ἱερω-

2022 3988 2187 4061 σύνης
2219 3982 2310 4058 ἦν,
2338 3986 2422 4050 τίς
2448 3985 2529 4038 ἔτι
2567 3984 2729 4055 χρεία
2751 3983 2895 4038 κατὰ
2923 3982 3022 4055 τὴν
3059 3983 3210 4050 τάξιν
3257 3986 3597 4058 Μελχισεδὲκ

2021 4069 2341 4126 ἀνίστασθαι
2373 4069 2525 4140 ἱερέα
2550 4067 2757 4139 ἐτερον,
2783 4065 2877 4120 καὶ
2899 4066 2960 4120 οὐ
2981 4066 3122 4121 κατὰ
3159 4068 3259 4139 τὴν
3284 4068 3437 4133 τάξιν
3471 4070 3596 4124 Ἀα-

2025 4153 2132 4226 ρὼν
2148 4153 2439 4223 λέγεσθαι;
2476 4152 2642 4223 Δῆλον
2682 4150 2795 4223 7&9
2835 4151 2900 4203 ἐκ
2933 4150 3144 4217 τούτου,
3175 4149 3251 4215 ὡς
3284 4151 3463 4224 ἐκείνη
3495 4152 3596 4224 μὲν

2019 4238 2171 4302 τέλος
2196 4237 2388 4291 ἐλαϐεν
2416 4238 2451 4307 ἡ
2489 4233 2756 4313 ἱερωσύνη
2777 4273 2793 4299 ,
2833 4233 2996 4305 ἑτέρα
3030 4233 3087 4287 δέ
3124 4234 3595 4306 ἀντεισενήνεκται

2021 4321 2202 4393 πολλῷ
2238 4320 2459 4392 βελτίων
2485 4319 2578 4373 καὶ
2615 4316 2942 4389 ὑψηλοτέρα.
2979 4316 3183 4369 Τούτου
3206 4316 3263 4370 δὲ
3298 4317 3593 4389 ὁμολογου-

2027 4405 2210 4477 μένου,
2228 4405 2448 4458 κάκεῖνο
2467 4398 2929 4471 συνωμολόγηται,
2946 4400 3028 4453 ὅτι
3053 4400 3146 4453 καὶ
3168 4398 3412 4454 πολιτεία
3432 4401 3595 4473 ἑτέρα

2021 4493 2089 4562 τῇ
2119 4486 2385 4561 ἱερωσύνῃ
2417 4483 2787 4555 συμϐαίνουσα
2823 4482 3306 4554 συνεισαχθήσεται
3325 4524 3340 4546 ,
3387 4481 3525 4556 αῦτη
3555 4486 3593 4557 η

2021 4572 2269 4646 ἡμετέρα
2298 4566 2559 4640 δηλονότι,
2604 4565 2701 4620 καὶ
2738 4565 3029 4637 νομοθεσία
3058 4565 3299 4636 βελτίων.
3326 4565 3503 4640 Ὅπερ
3528 4567 3594 4639 δὴ

2025 4654 2450 4719 κατασκευάζων
2479 4653 2508 4704 6
2524 4648 2737 4712 Παῦλος
2761 4648 2933 4718 ἔλεγε,
2979 4647 3454 4719 Μετατιθεμένης
3484 4648 3597 4720 τὰρ

2025 4741 2137 4811 τῆς
2164 4740 2515 4810 ἱερωσύνης,
2540 4737 2611 4802 ἐξ
2643 4734 2911 4805 ἀνάγκης
2938 4734 3037 4789 καὶ
3066 4733 3254 4811 νόμου
3270 4731 3598 4802 μετάθεσις

2026 4825 2269 4897 γίνεται,
2291 4820 2393 4877 καί
2412 4817 3021 4890 τούτωνδημιουργὸς
3036 4810 3126 4884 εἷς
3144 4816 3334 4870 ἐστιν.
3376 4813 3596 4897 Ἐπειδὴ

2025 4895 2136 4977 7&9
2168 4906 2229 4961 τὸ
2267 4905 2428 4962 πλέον
2459 4902 2569 4958 τῶν
2605 4901 2850 4974 νομίμων
2882 4900 3013 4972 περὶ
3038 4898 3137 4971 τὴν
3163 4898 3262 4969 τῆς
3294 4895 3599 4977 ἱερωσύνης

2027 4976 2346 5047 ἀκολουθίαν
2373 4986 2711 5060 ἀνηλίσκετο,
2732 4986 2766 5057 ή
2790 4983 2847 5038 δὲ
2877 4981 3141 5055 ἱερωσύνη
3180 4983 3215 5053 ἡ
3241 4979 3482 5051 προτέρα
3510 4976 3600 5060 ἐξέ-

2027 5071 2326 5142 εϐέϐλητο,
2369 5059 2592 5141 εὐδηλον
2636 5069 2719 5123 ὅτι
2751 5067 2945 5140 ἐτέρας
2988 5062 3472 5142 ἀντεισαχθείσης,
3501 5059 3600 5142 καὶ

2029 5140 2353 5227 νομοθεσίαν
2382 5140 2603 5225 μείζονα
2631 5148 3047 5222 άντεισαχθῆναι
3085 5146 3213 5201 ἔδει.
3237 5141 3372 5227 Είτα
3395 5140 3594 5227 δηλῶν,

2029 5225 2158 5311 περὶ
2178 5235 2330 5310 [671]
2347 5236 2488 5301 τίνος
2514 5235 2687 5290 ταῦτα
2711 5233 2949 5302 λέγεται,
2982 5228 3109 5300 Ἐφ’
3141 5228 3213 5283 ὃν
3233 5226 3342 5298 γὰρ
3359 5225 3597 5311 λέγεται

2028 5303 2234 5388 ταῦτα,
2274 5303 2429 5391 φησι,
2457 5318 2661 5391 φυλῆς
2706 5317 2913 5385 ἐτέρας
2950 5313 3329 5385 μετέσχηκεν
3346 5351 3362 5373 ,
3396 5309 3498 5380 ἀφ’
3522 5303 3601 5379 ἧς

2029 5407 2228 5476 οὐδεὶς
2260 5403 2647 5476 προσέσχηκε
2693 5401 2775 5468 τῷ
2821 5397 3244 5468 θυσιαστηρίῳ.
3288 5392 3604 5464 Πρόδηλον

2089 5664 2119 5706 ἲν
2145 5663 2241 5725 Alii
2258 5658 2519 5725 προσῆλθεν
2534 5659 2715 5723 ἐκείνῳ.

2094 5731 2119 5760 ⁸
2147 5723 2245 5778 Alii
2267 5720 2636 5786 νενομοθέτηται.
