4046 6146
526 322 636 381 925

530 443 663 515 γὰρ,
686 438 776 497 ὅτι
815 440 884 505 ἐξ
919 439 1106 494 Ἰούδα
1136 438 1545 494 ἀνατέταλκεν
1587 443 1622 494 ὁ
1653 439 1868 508 Κύριος
1898 434 2103 507 ἡμῶν,

530 531 618 596 εις
648 526 729 597 ἣν
757 524 965 596 φυλὴν
993 524 1174 580 οὐδὲν
1203 523 1336 593 περὶ
1358 526 1691 593 ἱερωσύνης
1716 521 1939 591 Μωσῆς
1964 520 2104 575 ἐλά-

527 617 743 682 λησεν.
768 611 933 662 Ὅταν
958 603 1051 663 οὖν
1091 607 1344 678 φαίνηται
1382 608 1411 660 6
1437 607 1671 679 Χριστὸς
1705 603 1764 672 ἐξ
1788 605 2001 674 ἐκείνης
2029 603 2104 658 ὢν

528 696 629 767 τῆς
656 693 848 765 φυλῆς,
876 692 1116 762 δηλονότι
1142 689 1242 760 τῆς
1279 688 1469 755 Ἰούδα,
1498 689 1594 744 καὶ
1635 687 1814 760 ἱερεὺς
1841 691 1981 743 κατὰ
2006 687 2106 756 τὴν

529 776 681 842 τάξιν
709 774 1059 846 Μελχισεδὲκ,
1095 775 1123 826 6
1147 773 1203 826 δέ
1229 772 1559 844 Μελχισεδὲκ
1584 771 1717 825 πολὺ
1737 771 1830 826 τοῦ
1854 769 2106 842 Ἀϐραὰμ

531 857 855 929 σεμνότερος
883 852 978 911 ὤν’
1008 854 1347 924 πανταχόθεν
1393 852 1855 926 συνωμολόγηται,
1897 855 1979 906 ὅτι
2012 853 2105 906 καὶ

529 945 691 1018 ἐτὲρα
717 944 832 999 ἀνθ’
862 943 1054 1014 ἐτέρας
1085 943 1363 1011 εἰσάγεται
1394 942 1659 1014 ἱερωσύνη
1689 942 1822 996 πολὺ
1844 942 1942 1013 τῆς
1965 959 2102 1013 προ-

526 1033 690 1103 τέρας
720 1030 1046 1101 ὑψηλατέρα.
1079 1031 1142 1083 Εἰ
1174 1029 1282 1101 γὰρ
1319 1032 1348 1082 6
1394 1028 1562 1093 τύπος
1593 1028 1853 1095 τοιοῦτος,
1884 1028 1978 1083 καὶ
2006 1028 2104 1099 τῆς

530 1118 829 1191 ἱερωσύνης
881 1120 978 1190 τῆς
1026 1117 1320 1189 Ἰουδαϊκῆς
1347 1116 1726 1188 λαμπρότερος
1774 1111 1876 1187 ἦν,
1922 1114 2102 1187 πολλῷ

531 1206 731 1278 μᾶλλον
770 1206 907 1276 αὐτὴ
945 1207 978 1276 ἡ
1024 1204 1283 1275 ἀλήθεια·
1336 1203 1475 1275 ὅπερ
1541 1200 2103 1285 οὖνματασκευάζων

526 1295 697 1364 ἔλεγε·
728 1296 1169 1364 Περισσότερον
1187 1291 1277 1358 ἔτι
1300 1292 1643 1358 κατάδηλόν
1667 1293 1857 1357 ἐστιν,
1880 1295 1934 1346 εὶ
1955 1293 2105 1347 κατὰ

523 1382 643 1453 τὴν
663 1382 983 1451 ὁμοιότητα
1011 1378 1387 1448 Μελχισεδὲκ
1421 1377 1735 1432 ἀνίσταται
1754 1379 1945 1447 ἱερεὺς
1981 1380 2105 1434 ἔτε-

521 1483 652 1535 ρος,
684 1465 751 1530 ὃς
782 1466 854 1518 οὐ
884 1461 1034 1516 κατὰ
1075 1463 1264 1532 νόμον
1310 1459 1567 1531 ἐντολῆς
1597 1462 1914 1532 σαρκικῆς,
1942 1462 2106 1517 ἀλλὰ

524 1549 679 1605 κατὰ
698 1548 955 1618 δύναμιν
978 1546 1126 1617 ζωῆς
1152 1547 1553 1601 ἀκαταλύτου.
1570 1547 1636 1599 Τί
1657 1549 1824 1615 ἐστιν,
1845 1550 1928 1602 Οὐ
1956 1550 2105 1603 κατά

524 1636 715 1703 νόμον
751 1629 1006 1699 ἐντολῆς
1058 1628 1384 1699 σαρκικῆς,
1436 1631 1598 1684 ἀλλὰ
1646 1630 1797 1684 κατά
1848 1630 2105 1700 δύναμιν

526 1715 677 1784 ζωῆς
717 1714 1134 1779 ἀκαταλύτου;
1164 1712 1286 1765 Ὅτι
1326 1711 1433 1766 τῶν
1458 1714 1894 1785 προσταγμάτων
1936 1715 2100 1769 αὑτοῦ

525 1797 679 1852 οὐδὲν
697 1793 764 1869 ἦν
788 1796 1065 1868 σαρκικόν.
1087 1795 1160 1848 Οὐ
1183 1793 1293 1867 γάρ
1319 1793 1566 1865 πρόϐατα
1589 1795 1736 1850 θύειν
1758 1796 1853 1849 καὶ
1871 1797 2103 1869 μόσχους

526 1881 806 1947 ἐπέταξεν,
838 1878 974 1933 ἀλλά
1001 1878 1089 1933 διὰ
1126 1879 1228 1949 τῆς
1257 1877 1400 1932 κατά
1436 1877 1613 1949 ψυχὴν
1637 1880 1838 1951 ἀρετῆς
1863 1881 1953 1934 τὸν
1972 1882 2104 1935 Θεὸν

526 1965 869 2037 θεραπεύειν·
896 1963 990 2017 καὶ
1014 1961 1219 2017 τούτων
1248 1962 1314 2016 τά
1338 1961 1545 2017 ἔπαθλα
1561 1977 1587 2004 α
1604 1963 1750 2035 ζωὴν
1779 1966 1914 2035 ἡμῖν
1939 1964 2103 2036 ἔθηκε

522 2052 623 2123 τὴν
649 2049 903 2103 οὐδέποτε
934 2045 1372 2117 καταλυομένην.
1400 2045 1512 2098 Kal
1549 2046 1709 2100 πάλιν
1735 2047 2105 2118 νεκρωθέντας

522 2135 673 2207 ἡμᾶς
704 2132 808 2186 61:6
841 2131 947 2185 τῶν
989 2129 1271 2200 ἁμαρτιῶν
1307 2127 1477 2182 ἐλθὼν
1508 2130 1793 2201 ἀνέστησε,
1819 2134 1914 2185 καὶ
1942 2132 2106 2198 ἐζωο-

526 2216 741 2287 ποίησε,
774 2214 992 2270 διπλοῦν
1026 2213 1251 2267 θάνατον
1267 2211 1453 2275 λύσας,
1468 2213 1559 2267 τὸν
1575 2214 1672 2283 μὲν
1692 2216 1788 2286 τῆς
1810 2216 2102 2287 ἁμαρτίας,

524 2301 617 2354 τὸν
645 2300 702 2352 δέ
730 2298 830 2371 τῆς
864 2296 1086 2369 σαρκός.
1137 2295 1290 2347 Ἐπεὶ
1333 2290 1425 2347 οὖν
1453 2294 1678 2350 τοιαῦτα
1704 2299 1944 2368 κομίζων
1974 2303 2105 2371 ἡμῖν

523 2378 686 2454 ἦλθεν
718 2379 921 2451 ἀγαθὰ,
950 2378 1040 2433 διὰ
1067 2376 1226 2431 τοῦτό
1248 2395 1410 2449 φησιν
1432 2395 1446 2408 ·
1489 2381 1572 2432 Οὐ
1599 2381 1748 2433 κατὰ
1786 2383 1976 2451 νόμον
2006 2385 2105 2437 έν-

523 2465 713 2535 τολῆς
741 2462 1072 2534 σαρκικῆς,
1105 2461 1266 2518 ἀλλά
1298 2463 1450 2517 κατὰ
1489 2462 1747 2534 δύναμιν
1779 2463 1929 2536 ζωῆς
1958 2468 2104 2522 ἀκα-

522 2549 803 2607 ταλύτου.

595 2682 658 2731 ε’.
690 2674 828 2745 Ἤδη
859 2672 959 2744 μέν
976 2664 1069 2725 οὖν
1095 2672 1191 2724 καὶ
1211 2670 1370 2724 τοῦτο
1390 2671 1577 2725 λοιπὸν
1609 2672 2103 2737 συναποδέδεικται,

524 2760 609 2814 δτι
638 2759 738 2828 τῆς
769 2756 1070 2828 ἱερωσύνης
1103 2755 1491 2826 μετατεθείσης
1511 2797 1526 2820 ,
1562 2756 1654 2809 καὶ
1687 2757 1851 2827 νόμου
1881 2759 2108 2827 μετάθε-

528 2858 613 2896 σιν
643 2842 702 2907 ἐξ
741 2839 987 2910 ἀνάγκης
1033 2837 1177 2901 εἰκὸς
1206 2832 1274 2910 ἦν
1320 2838 1596 2907 γενέσθαι.
1645 2838 1783 2891 Ἀλλ’
1828 2841 1977 2911 ὅμως
2015 2842 2108 2894 καὶ

524 2923 684 2978 τοῦτο
705 2923 835 2977 αὐτὸ
858 2921 1037 2993 ῥητῶς
1065 2920 1193 2991 ἐνῆν
1220 2920 1519 2987 ἀποδεῖξαι,
1541 2921 1636 2974 καὶ
1668 2923 1794 2985 τοὺς
1823 2925 2108 2994 προφήτας

526 3008 688 3062 πάλιν
719 3007 1060 3078 παραγαγεῖν
1101 3004 1380 3079 μάρτυρας
1407 3004 1684 3072 λέγοντας,
1729 3006 1809 3059 ὅτι
1846 3006 1938 3059 καὶ
1970 3008 1997 3060 6
2024 3008 2109 3060 νό-

528 3109 630 3165 μος
678 3088 1139 3163 μετατεθήσεται,
1192 3088 1289 3141 καὶ
1317 3090 1350 3158 ἡ
1397 3087 1644 3142 πολιτεία
1685 3089 1775 3142 ἐπὶ
1808 3090 1869 3142 τὸ
1899 3089 2108 3159 βέλτιον

519 3171 1173 3246 ’μετασχηματισθήσεται
1206 3168 1259 3235 ι’,
1291 3170 1385 3223 καί
1429 3171 1510 3223 ὅτι
1543 3170 1795 3241 βασιλεὺς
1821 3171 1994 3236 οὐδεὶς
2019 3176 2108 3227 o6-

521 3260 715 3314 δέποτε
743 3259 923 3312 λοιπὸν
943 3259 1309 3329 ἀναστήσεται
1345 3258 1612 3323 Ἰουδαῖος.

612 3407 827 3479 Ἐπειδὴ
873 3407 930 3460 δέ
962 3405 1199 3460 τοσαῦτα
1236 3407 1342 3478 χρὴ
1373 3405 1554 3475 λέγειν
1589 3407 1690 3461 ὅσα
1726 3408 1948 3463 δυνατὸν
1978 3411 2109 3464 ὑπο-

524 3492 774 3564 δέχεσθαι
806 3490 897 3544 τὸν
930 3489 1226 3560 ἀκροατὴν,
1264 3489 1357 3542 καὶ
1403 3489 1477 3561 μὴ
1528 3489 1704 3543 πάντα
1741 3491 1833 3561 ὑφ’
1863 3492 1940 3558 ἓν,
1972 3495 2107 3565 μηδέ

523 3574 758 3645 ἀθρόως,
780 3575 860 3636 εἰς
881 3572 1066 3642 ἕτερον
1088 3572 1270 3625 ἐκεῖνα
1292 3573 1717 3644 ταμιευσάμενοι
1740 3577 1951 3647 καιρὸν,
1969 3577 2108 3641 τέως

525 3654 759 3709 ἐνταῦθα
815 3652 1194 3723 καταλύσομεν
1241 3654 1331 3708 τὸν
1378 3654 1535 3723 λόγον
1556 3694 1570 3719 ,
1621 3658 2109 3727 παρακαλέσαντες

529 3737 683 3807 ὑμῶν
710 3736 807 3806 τὴν
853 3736 1075 3807 ἀγάπην
1097 3778 1111 3800 ,
1147 3736 1455 3807 μεμνῆσθαι
1485 3738 1594 3792 τῶν
1623 3741 1960 3811 εἰρημένων,
2011 3743 2108 3797 καὶ

527 3822 639 3883 τοῖς
667 3818 976 3890 ἔμπροσθεν
1008 3819 1245 3889 λεχθεῖσι
1273 3819 1448 3873 ταῦτα
1473 3821 1723 3891 συνώςιιαι·
1748 3825 1842 3876 καὶ
1865 3824 1894 3877 6
1921 3826 2110 3897 πρότε-

531 3919 623 3973 ρον
653 3900 935 3972 ἐδεόμεθα,
959 3900 1118 3955 τοῦτο
1135 3902 1440 3974 δεησόμεθα
1460 3907 1554 3958 καὶ
1570 3905 1685 3968 νῦν,
1708 3908 1833 3971 τοὺς
1848 3908 2108 3980 ἀδελφοὺς

526 3983 910 4039 ἀνασώσασθαι
938 3985 1066 4048 τοὺς
1105 3986 1421 4058 ὑμετέρους,
1456 3988 1550 4041 καὶ
1586 3989 1788 4061 πολλὴν
1826 3991 1967 4063 ὑπὲρ
2000 3992 2107 4046 τῶν

527 4068 890 4138 ἠμελημένων
935 4068 1112 4138 μελῶν
1157 4069 1488 4141 ποιήσασθαι
1529 4073 1808 4143 πρόνοιαν.
1854 4074 1955 4129 Διά
1998 4077 2109 4149 γὰρ

525 4150 683 4205 τοῦτο
730 4151 972 4205 τοιοῦτον
1016 4153 1179 4223 ἡμεῖς
1225 4153 1599 4225 ἀναδεχόμεθα
1642 4155 1836 4221 πόνον,
1889 4158 1987 4230 οὐχ
2018 4160 2106 4214 ἵνα

527 4233 715 4298 ἀπλῶς
740 4235 1004 4304 εἴπωμεν,
1034 4234 1144 4288 οὐδ’
1181 4235 1268 4288 ἵνα
1318 4236 1529 4306 κρότων
1563 4238 1657 4292 καὶ
1704 4238 1946 4312 θορύϐων
1972 4244 2105 4295 ἀπο-

524 4316 836 4388 λαύσωμεν,
859 4317 973 4370 ἀλλ’
996 4317 1082 4371 ἵνα
1112 4318 1546 4391 ἐπαναγάγωμεν
1576 4322 1713 4393 πρὸς
1736 4322 1835 4394 τὴν
1858 4324 1957 4396 τῆς
1983 4327 2109 4399 ἀλη-

522 4400 678 4466 θείας
703 4401 820 4455 ὁδὸν
854 4403 982 4465 τοὺς
1026 4403 1460 4475 ἀπορραγέντας.
1506 4406 1617 4458 Καὶ
1640 4407 1730 4478 ⁸μή
1778 4425 1867 4479 μοι
1905 4409 2109 4478 λεγέτω

522 4501 629 4547 τις,
651 4485 734 4537 ὅτι
761 4485 953 4540 Κοινὸν
975 4486 1126 4541 οὐδὲν
1154 4486 1263 4558 ἔχω
1289 4488 1425 4559 πρὸς
1449 4491 1674 4554 ἐκεῖνον,
1692 4491 1901 4557 γένοιτό
1932 4511 2021 4563 μοι
2044 4494 2110 4547 τὰ

525 4566 767 4639 ἐμαυτοῦ
813 4568 1157 4641 κατορθῶσαι
1208 4572 1530 4643 πράγματα.
1573 4573 1760 4639 Οὐδεὶς
1806 4576 1868 4630 16
1914 4578 2106 4630 ἑαυτοῦ

524 4649 868 4722 κατορθῶσαι
903 4651 1127 4705 δύναται
1164 4655 1333 4725 χωρὶς
1360 4656 1460 4725 τῆς
1490 4654 1585 4708 τοῦ
1624 4656 1848 4727 πλησίον
1889 4659 2109 4731 ἀγάπης

526 4735 623 4789 καὶ
656 4736 949 4807 σωτηρίας.
981 4736 1080 4789 Διά
1109 4736 1268 4790 τοῦτο
1295 4739 1391 4792 καὶ
1419 4741 1449 4791 6
1475 4738 1684 4805 Παῦλός
1714 4758 1865 4810 φησι,
1885 4745 2110 4812 Μηδεὶς

522 4818 590 4870 τὸ
618 4818 836 4872 ἑαυτοῦ
867 4816 1123 4885 ζητείτω,
1150 4819 1310 4874 ἀλλὰ
1346 4819 1413 4873 τὸ
1442 4822 1547 4876 τοῦ
1573 4822 1778 4891 ἐτέρου
1807 4825 2067 4894 ἕκαστος
2088 4868 2105 4894 ,

522 4899 702 4965 εἰδὼς,
727 4902 808 4955 ὃτι
838 4900 897 4952 τὸ
923 4900 1115 4955 ἐαυτοῦ
1139 4904 1196 4955 ὲν
1223 4902 1303 4974 τῷ
1338 4904 1431 4958 τοῦ
1460 4905 1683 4977 πλησίον
1702 4913 1879 4963 κεῖται
1902 4915 2109 4984 συμφέ-

526 5000 692 5057 ροντι.
738 4984 1035 5053 Ύγιαίνεις
1060 4985 1146 5050 σὺ,
1174 4986 1288 5040 ἀλλ’
1314 4989 1342 5040 6
1369 4989 1596 5059 ἀδελφός
1628 5008 1721 5046 σου
1755 4994 1987 5051 ἀσθενεῖ.
2008 4999 2106 5050 Ἂν

519 5067 701 5123 τοίνυν
724 5062 783 5121 εὖ
812 5070 1035 5139 φρονῇς,
1066 5070 1194 5140 περὶ
1214 5069 1308 5122 τοῦ
1332 5071 1629 5143 κάμνοντος
1655 5075 1916 5147 μειζόνως
1936 5080 2107 5151 ἀλγή-

522 5169 659 5215 σεις,
688 5152 783 5205 καὶ
807 5153 1021 5223 μιμὴσῃ
1054 5154 1149 5206 καὶ
1176 5154 1234 5207 ἐν
1266 5155 1440 5226 τούτῳ
1462 5157 1553 5210 τὸν
1580 5160 1846 5231 μακάριον
1875 5163 2100 5227 ἐκεῖνον,

513 5236 613 5290 ,τὸν
649 5236 896 5304 λέγοντα⁹
943 5236 1039 5302 Τίς
1081 5237 1359 5306 ἀσθενεῖ,
1408 5240 1507 5293 καὶ
1549 5245 1661 5297 οὐκ
1711 5244 1983 5310 ἀσθενῶ;
2014 5249 2104 5314 τίς

519 5318 1002 5383 σκανδαλίζεται,
1027 5321 1127 5375 καί
1149 5324 1263 5377 οὐκ
1285 5323 1401 5393 ἐγὼ
1425 5326 1725 5397 πυροῦμαι
1747 5347 1766 5395 ;
1792 5331 1852 5382 Εἰ
1878 5332 1986 5403 γὰρ
2011 5334 2104 5386 δύο

521 5406 948 5471 καταϐάλλοντες
971 5407 1123 5482 [672]
1156 5409 1396 5479 ὀϐολοὺς,
1425 5414 1520 5467 καὶ
1555 5413 1897 5482 δαπανῶντες
1925 5419 2102 5489 ὀλίγον

583 5615 612 5685 ξ
632 5610 829 5685 ὲιίίηκαὶ
856 5616 1039 5685 τούτων
1063 5618 1124 5667 τὰ
1148 5619 1341 5671 ἔπαθλα.
1364 5622 1539 5674 Morel.
1578 5631 1633 5677 et
1654 5628 1800 5681 Savil.
1839 5633 1977 5685 ἆθλα.

525 5676 615 5804 “al;
623 5674 1025 5793 33221101111116:
1056 5684 1442 5747 μετενεχθήσεται
1467 5687 1543 5737 ἐπὶ
1564 5674 1629 5738 16
1655 5674 2093 5765 Eﬁiﬁwﬁgaam-

1233 322 1289 378 S.
1329 321 1615 379 JOANNIS
1651 280 2141 377 CIIKYSOSTOMI
2180 319 2502 380 ARCIIIEP.
2541 312 3086 387 CONSTANTINOP.
3192 377 3201 387 .

3673 330 3797 390 9‘36-

2211 436 2472 511 ἀργύριον
2496 442 2577 506 είς
2613 442 2872 516 πένητας,
2909 444 3200 516 χαίρομεν’
3251 442 3316 499 ἂν
3351 445 3527 516 ψυχὰς
3557 447 3728 503 σῶσαι
3762 458 3789 488 ⁸

2209 522 2546 594 δυνηθῶμεν,
2573 527 2747 598 πόσην
2777 528 2877 599 μέν
2909 527 3314 600 καρπωσόμεθα
3353 530 3579 602 ἡδονήν;
3612 531 3793 602 πόσης

2182 605 2267 691 ’δέ
2295 607 2434 660 κατά
2469 609 2560 661 τὸν
2594 610 2768 665 αἰῶνα
2810 611 2905 664 τὸν
2956 612 3217 682 μέλλοντα
3270 613 3651 684 ἀπολαύσομεν
3689 615 3795 685 τῆς

2209 691 2476 761 ἀμοιϐἦςς
2511 693 2621 746 Kal
2651 693 2761 767 γὰρ
2789 696 2885 749 καὶ
2910 695 3174 763 ἐνταῦθα,
3203 697 3393 760 ὁσάκις
3425 697 3489 752 ἂν
3518 696 3795 769 συντύχω-

2213 789 2332 842 μεν,
2360 774 2559 847 πολλὴν
2597 776 2857 848 δεξόμεθα
2884 780 2983 849 τὴν
3025 779 3364 851 εὐφροσύνην
3406 780 3513 834 ἀπὸ
3540 780 3640 852 τῆς
3669 799 3795 834 συν-

2208 855 2399 926 τυχίας
2419 899 2432 921 ,
2475 859 2598 911 τῶν·
2627 861 3063 932 κατορθωμάτων
3111 863 3653 934 ἀναμιμνησκόμενοι
3682 864 3793 918 τῶν

2209 941 2329 992 κατ’
2358 941 2571 1008 αὐτοὺς,
2601 944 2695 996 καὶ
2729 944 2821 997 ἐπὶ
2844 945 2937 998 τοῦ
2965 945 3207 1017 βήματος
3237 947 3435 1009 αὐτοὺς
3460 948 3577 1000 ἐκεῖ
3594 946 3793 1000 θεασά-

2213 1039 2366 1093 μενοι
2399 1022 2493 1076 τοῦ
2518 1024 2773 1095 φοϐεροῦ,
2825 1028 3066 1098 μεγάλης
3118 1029 3417 1099 μεθέξομεν
3446 1030 3545 1100 τῆς
3572 1032 3793 1101 παῤῥη-

2212 1106 2353 1170 σίας.
2381 1107 2490 1161 Καὶ
2524 1108 2776 1181 καθάπερ
2798 1112 2847 1163 οἱ
2875 1110 3186 1176 ἀδικοῦντες
3218 1113 3312 1167 καὶ
3341 1114 3792 1180 πλεονεκτοῦντες

2210 1192 2303 1244 καὶ
2333 1191 2687 1263 ἁρπάζοντες,
2724 1194 2819 1248 καὶ
2850 1194 3018 1265 μυρία
3064 1199 3175 1259 τοῖς
3202 1196 3429 1267 πλησίον
3462 1197 3793 1261 διατιθέντες
3826 1216 3833 1221 ·

2210 1273 2391 1337 κακά,
2439 1275 2764 1341 ἀπελθόντες
2806 1277 2956 1342 ἐκεῖ,
3003 1278 3098 1332 καὶ
3130 1281 3257 1341 τοὺς
3298 1279 3472 1332 ταῦτα
3518 1280 3793 1343 παθόντας

2213 1356 2410 1420 ἰδόντες
2444 1357 2685 1427 (ὄψονται
2707 1359 2837 1431 γάρ,
2866 1361 3048 1431 φησιν,
3074 1361 3271 1424 αὐτοὺς
3299 1363 3534 1425 πάντως.
3572 1365 3663 1416 καὶ
3693 1364 3793 1433 δῆ-

2209 1440 2300 1495 λον
2339 1443 2403 1494 ἐκ
2440 1440 2534 1495 τοῦ
2568 1442 2827 1496 πλουσίου
2868 1445 2963 1498 καὶ
2999 1443 3092 1497 τοῦ
3120 1443 3370 1516 Λαζάρου
3414 1446 3633 1517 τοῦτο),
3665 1448 3791 1500 οὐδὲ

2211 1525 2417 1589 ἀνοῖξαι
2447 1518 2620 1597 στόμα
2644 1526 2985 1598 δυνήσονται,
3016 1527 3136 1581 οὐδὲ
3175 1530 3348 1581 εἰπεῖν
3376 1546 3428 1581 τι
3460 1529 3571 1582 καὶ.
3590 1530 3794 1584 ἀπολο-

2211 1607 2503 1678 γήσασθαι,
2534 1609 2671 1663 ἀλλὰ
2710 1609 2971 1681 αἰσχύνης
3019 1611 3219 1682 πολλῆς
3260 1612 3666 1682 ἐμπλησθέντες
3696 1616 3795 1667 καὶ

2211 1690 2642 1759 καταγνώσεως,
2675 1691 2784 1746 ἀπὸ
2824 1694 2924 1764 τῆς
2954 1692 3128 1762 ὅψεως
3162 1694 3261 1763 τῆς
3293 1695 3517 1748 ἐκείνων
3549 1696 3645 1747 ἐπὶ
3663 1699 3794 1760 τοὺς

2212 1775 2488 1844 ποταμοὺς
2511 1776 2971 1848 ἀπενεχθήσονται
2995 1776 3089 1832 τοῦ
3112 1777 3298 1848 πυρός·
3326 1776 3495 1843 οὕτως
3517 1780 3567 1831 οἱ
3590 1779 3796 1844 ζῶντες

2212 1857 2308 1911 καὶ
2339 1857 2682 1922 διδάσκοντες
2711 1860 2807 1913 καὶ
2858 1860 3265 1930 κατηχοῦντες,
3298 1860 3493 1924 ἰδόντες
3530 1863 3658 1925 τοὺς
3698 1861 3796 1915 ὑπ’

2210 1940 2389 1994 αὐτῶν
2426 1941 2789 2008 διασωθέντας
2819 1942 3256 2015 συνηγοροῦντας
3288 1943 3472 2007 αὐτοῖς
3494 1945 3634 2006 ἐκεῖ,
3664 1943 3801 1996 πολ-

2211 2025 2308 2096 λῆς
2352 2025 2831 2104 ἐμπλησθοὴσονται
2876 2027 2976 2097 τῆς
3016 2028 3350 2099 παρρησίας.
3374 2070 3377 2071 ν
3400 2028 3513 2082 Καὶ
3561 2028 3729 2082 τοῦτο
3765 2028 3815 2080 ότ

2212 2107 2423 2173 Παῦλος
2442 2108 2617 2180 δηλῶν
2636 2109 2811 2179 ἔλεγε,
2846 2112 3144 2180 Καύχημα
3170 2110 3340 2179 ὑμῶν
3370 2111 3579 2179 ἐσμεν,
3612 2110 3797 2166 acami-

2212 2204 2322 2260 περ
2347 2192 2446 2245 καί
2474 2191 2642 2261 ὑμεῖς
2670 2191 2858 2262 ἡμῶν.
2883 2193 3041 2259 Πότε,
3070 2193 3193 2247 εἰπέ
3215 2211 3230 2259 ;
3265 2195 3361 2248 Ἑν
3379 2194 3453 2261 τῇ
3471 2194 3663 2264 ἡμέρᾳ
3687 2192 3817 2246 τοῦδ

2210 2274 2431 2341 Κυρίου
2457 2273 2626 2343 ἡμῶν
2651 2276 2844 2346 Ἰησοῦ
2873 2278 3154 2346 Χριστοῦ.
3185 2278 3294 2330 Kal
3322 2277 3484 2331 πάλιν
3505 2279 3534 2330 6
3560 2276 3799 2346 Χριστὸς

2214 2359 2470 2428 παραινεῖ
2506 2357 2700 2425 λέγων,
2732 2359 3033 2429 Ποιήσατε
3060 2360 3203 2429 ὑμῖν
3228 2360 3447 2429 φίλους
3469 2361 3538 2413 ἐκ
3563 2360 3671 2413 τοῦ
3689 2377 3798 2430 μα·

2207 2438 2375 2510 μωνᾶ
2397 2439 2507 2510 τῆς
2533 2440 2791 2508 ἀδικίας,
2828 2442 2931 2495 ἵνα
2968 2441 3115 2496 ὅταν
3148 2443 3436 2511 ἐκλίπητε
3456 2483 3473 2507 ,
3507 2441 3800 2507 δέξωνται

2212 2521 2367 2590 ὑμᾶς
2399 2526 2488 2591 εὶς
2524 2526 2630 2590 τὰς
2665 2527 2945 2592 αἰωνίους
2973 2524 3172 2580 αὐτῶν
3208 2525 3464 2594 σκηνάς.
3513 2528 3677 2598 Ὁρᾷς
3715 2527 3813 2582 ὅτι·

2215 2604 2384 2677 πολλὴ
2410 2609 2693 2679 παρρησία
2722 2610 2854 2680 ἡμῖν
2884 2609 3173 2680 γενήσεται
3209 2610 3275 2663 ἐκ
3308 2609 3417 2662 τῶν
3439 2609 3534 2663 νῦν
3566 2611 3795 2681 εὐεργε-

2212 2689 2486 2758 τουμένων
2509 2690 2635 2761 παρ’
2657 2691 2841 2760 ἡμῶν.
2875 2692 2939 2744 Εἰ
2963 2691 3040 2756 δὲ,
3070 2692 3202 2745 ὅπου
3229 2693 3528 2763 χρημάτων
3556 2691 3798 2765 δαπάνη,

2213 2772 2454 2826 τοσοῦτοι
2492 2776 2539 2827 οἱ
2577 2775 2850 2843 στέφανοι,
2880 2773 3133 2839 τοσοῦτος
3174 2777 3201 2828 6
3243 2775 3452 2846 μισθὸς,
3481 2776 3723 2846 τοσαύτη
3762 2778 3795 2847 ἡ

2214 2855 2438 2928 ἀμοιϐήο
2459 2857 2591 2910 ὅπου
2606 2859 2784 2929 ψυχῆς
2798 2858 3055 2928 ὠφέλεια,
3074 2859 3192 2922 πῶς
3207 2859 3266 2912 06
3286 2859 3455 2913 πολλά
3472 2862 3566 2913 καὶ
3586 2860 3799 2928 μεγάλα

2213 2940 2344 3008 ἡμῖν
2365 2938 2516 2993 ἔσται
2545 2940 2614 2994 τά
2643 2942 2856 3010 ἀγαθά;
2884 2943 2947 2995 Εἰ
2969 2943 3077 3014 γὰρ
3098 2945 3130 3012 ἡ
3154 2942 3363 2995 Ταϐιθά
3387 2944 3593 3014 ἐκείνη,
3621 2944 3800 3015 χήρας

2215 3021 2478 3075 ἐνδύσασα
2508 3023 2599 3077 καὶ
2635 3025 2825 3078 πενίαν
2853 3024 3194 3095 διορθώσασα
3218 3023 3274 3091 ἀ,
3296 3026 3405 3080 ἀπὸ
3435 3026 3667 3079 θανάτου
3697 3027 3800 3080 πά-

2215 3106 2295 3158 λιν
2317 3107 2395 3169 εἰς
2416 3105 2564 3179 ζωὴν
2594 3106 2884 3178 ἐπανῆλθε,
2915 3109 3009 3162 καί
3035 3107 3105 3161 τά
3130 3109 3340 3180 δάκρυα
3367 3108 3475 3162 τῶν
3501 3111 3800 3179 εὐεργετη-

2215 3187 2415 3243 θέντων
2448 3188 2625 3261 ψυχὴν
2658 3190 3000 3245 ἀπελθοῦσαν
3027 3192 3377 3261 ἐπανήγαγεν
3404 3194 3484 3255 εἰς
3514 3192 3676 3262 σῶμα
3702 3192 3804 3248 πά-

2213 3269 2316 3335 λιν,
2349 3269 2501 3324 οῦπω
2530 3274 2629 3342 τῆς
2659 3273 3005 3338 ἀναστάσεως
3038 3273 3322 3344 φανείσης,
3351 3274 3405 3327 τί
3434 3275 3535 3328 οὐκ
3563 3274 3802 3345 ἐργάσε-

2212 3371 2303 3407 ται
2328 3353 2437 3407 τῶν
2467 3355 2770 3426 ἀνθρώπων
2801 3357 3024 3411 ἐκείνων
3058 3356 3128 3409 τὰ
3175 3357 3408 3428 δάκρυα,
3436 3358 3551 3410 ὅσοι
3590 3357 3655 3411 ἂν
3680 3358 3811 3419 ,ὑπὸ

2217 3435 2310 3489 σοῦ
2348 3435 2717 3504 διασωθῶσιν;
2751 3439 2965 3511 Ὥσπερ
3006 3438 3116 3513 γάρ
3147 3440 3353 3511 ταύτην
3393 3442 3716 3512 περιστᾶσαι
3742 3440 3801 3492 αἱ

2213 3520 2382 3591 χῆραι
2409 3519 2589 3585 ζῶσαν
2628 3521 2737 3576 ἀπὸ
2776 3525 2976 3594 νεκρᾶς
3006 3523 3244 3590 ἔδειξαν,
3270 3524 3412 3577 οῦτω
3457 3524 3550 3577 καὶ
3592 3523 3650 3574 σέ
3678 3524 3802 3576 τότε

2216 3605 2570 3674 περιστάντες
2613 3607 2661 3658 οἱ
2690 3606 3048 3672 διασωθέντες
3086 3607 3218 3672 νῦν,
3259 3610 3542 3679 ποιήσουσι
3594 3607 3803 3677 πολλῆς

2214 3686 2516 3740 ἀπολαῦσαι
2543 3687 2975 3759 φιλανθρωπίας,
3007 3689 3102 3743 καὶ
3129 3690 3222 3743 τοῦ
3255 3692 3355 3761 τῆς
3382 3690 3607 3760 γεέννης
3628 3690 3803 3761 πυρὸς

2215 3771 2602 3844 ἐξαρπάσουσι.
2629 3772 2793 3826 Ταῦτ’
2810 3767 2903 3827 οὖν
2933 3773 3153 3838 εἰδότες,
3175 3775 3248 3845 μὴ
3275 3775 3434 3846 μέχρι
3462 3775 3561 3844 τῆς
3589 3774 3804 3845 παρού-

2217 3870 2316 3924 σης
2341 3854 2489 3928 ὥρας
2514 3854 2706 3928 θερμοὶ
2730 3857 2824 3909 καὶ
2845 3856 3255 3929 διεγηγερμένοι
3274 3857 3421 3929 ὦμεν
3446 3858 3627 3928 μόνον,
3660 3857 3807 3912 ἀλλά

2214 3938 2276 3992 τὸ
2295 3938 2428 4010 πῦρ,
2452 3940 2588 4011 ὅπερ
2612 3938 2763 4010 ἔχετε
2787 3939 2904 4005 νῦν,
2934 3941 3197 4010 ἀνάψατε⁸
3219 3942 3313 3995 καὶ
3341 3942 3648 4008 ἐξελθόντες
3672 3942 3802 4007 ἔξω,

2214 4020 2561 4093 διανείμασθε
2594 4021 2694 4093 τὴν
2720 4023 2994 4095 σωτηρίαν
3022 4024 3121 4095 τῆς
3153 4024 3381 4090 πόλεως,
3409 4025 3510 4079 κᾶν
3540 4025 3805 4095 ἀγνοῆτε,

2215 4104 2654 4177 περιεργάσασθε
2681 4106 2810 4169 τοὺς
2839 4106 2909 4160 τά
2930 4108 3151 4161 τοιαῦτα
3178 4109 3489 4173 νοσοῦντας.
3511 4108 3671 4162 Οῦτω
3693 4108 3805 4180 γὰρ

2217 4188 2312 4241 καί
2342 4189 2506 4260 ἡμεῖς
2539 4189 2672 4258 ὑμῖν
2720 4191 3129 4265 προθυμότερον
3158 4191 3533 4265 διαλεξόμεθα,
3568 4193 3660 4246 διὰ
3691 4192 3805 4247 τῶν

2195 4270 2392 4342 ’ἔργων
2422 4270 2601 4326 αὐτῶν
2622 4271 2886 4343 μαθόντες
2906 4286 2952 4341 ο,
2978 4275 3060 4328 ὅτι
3081 4275 3179 4330 οὐκ
3199 4278 3279 4340 εἰς
3305 4277 3509 4348 πέτραν
3535 4277 3803 4348 ἐσπείρα-

2218 4371 2339 4425 μεν,
2366 4354 2461 4407 καὶ
2484 4356 2642 4426 ὑμεῖς
2666 4356 2821 4409 αὐτοὶ
2844 4357 3245 4431 προθυμότεροι
3271 4360 3400 4431 περὶ
3421 4360 3522 4431 τὴν
3542 4359 3648 4430 τῆς
3674 4360 3803 4430 ἀρε·

2215 4436 2313 4508 τῆς
2346 4439 2608 4508 ἐργασίαν
2635 4439 2845 4495 ἔσεσθε,
2873 4441 3142 4514 Καθάπερ
3162 4443 3271 4515 γὰρ
3301 4443 3395 4498 ἐπὶ
3423 4443 3533 4496 τῶν
3568 4443 3803 4515 χρημά-

2215 4537 2322 4573 των
2342 4522 2371 4575 6
2396 4519 2489 4574 δύο
2506 4522 2772 4594 κερδάνας
2796 4525 3108 4595 χρυσίνους,
3128 4527 3349 4581 πλείονα
3373 4527 3645 4599 λαμϐάνει
3672 4544 3802 4600 προ-

2217 4603 2438 4675 θυμίαν,
2480 4608 2615 4677 πρὸς
2650 4608 2713 4661 16
2753 4610 2847 4663 καὶ
2890 4609 3026 4664 δέκα
3072 4611 3166 4664 καὶ
3209 4612 3381 4665 είκοσι
3419 4610 3677 4675 συλλέξαι
3709 4610 3804 4664 καὶ

2218 4693 2550 4758 συναγαγεῖν
2576 4706 2588 4719 °
2624 4690 2769 4745 οὕτω
2811 4692 2906 4747 καὶ
2956 4694 3052 4747 ἐπὶ
3102 4696 3201 4765 τῆς
3239 4696 3441 4767 ἀρετῆς
3494 4695 3734 4764 γίνεται,
3772 4696 3804 4748 6

2215 4774 2447 4844 ποιήσας
2472 4791 2524 4826 τι
2561 4775 2726 4829 καλὸν
2758 4775 2921 4847 ἔργον
2950 4780 3048 4833 καὶ
3085 4779 3457 4851 κατορθώσας,
3497 4782 3595 4834 ἀπ’
3630 4783 3803 4850 αὐτῆς

2213 4855 2309 4909 τοῦ
2353 4857 2783 4930 κατορθώματος
2832 4862 2934 4932 τῆς
2976 4865 3243 4935 ἐργασίας
3286 4865 3409 4918 τινὰ
3450 4865 3804 4935 παράκλησιν

2213 4937 2482 5023 λαμϐάνει
2506 4940 2602 4995 καὶ
2624 4943 2971 5014 παραίνεσιν,
3000 4946 3144 5000 ὥστε
3179 4948 3273 5000 καὶ
3301 4948 3507 5023 ἐτέρων
3532 4948 3799 5019 ἀψασθαι.

2215 5021 2312 5075 Ἵν⁹
2346 5017 2438 5077 οὖν
2472 5024 2567 5078 καὶ
2595 5026 2724 5089 τοὺς
2743 5027 3010 5096 ἀδελφοὺς
3042 5017 3426 5100 διασώσωμενξ
3466 5032 3561 5084 καὶ
3588 5017 3802 5094 ἑαυτοῖς

2215 5105 2545 5177 συγγνώμην
2582 5109 2674 5161 ἐπὶ
2711 5112 2823 5174 τοῖς
2853 5111 3289 5183 ἡμαρτημένοις,
3326 5113 3532 5186 μᾶλλον
3557 5116 3617 5169 δὲ
3658 5117 3801 5188 παῤ-

2215 5188 2408 5259 ρησίαν
2447 5191 2649 5263 πολλὴν
2689 5193 3156 5267 προαποθώμεθα,
3193 5199 3288 5251 καὶ
3323 5199 3430 5270 πρὸ
3472 5198 3584 5252 τῶν
3624 5201 3801 5257 ἄλλων

2213 5270 2468 5353 ἁπάντων
2491 5274 2567 5327 16'
2594 5274 2743 5348 [675]
2772 5276 2943 5348 ὄνομα
2972 5278 3068 5332 τοῦ
3101 5279 3236 5334 Θεοῦ
3273 5280 3596 5347 δοξάζεσθαι
3620 5300 3797 5353 παραέ

2211 5350 2589 5422 σκευάσωμεν,
2625 5354 2764 5425 μετά
2792 5356 3069 5424 γυναικῶν
3108 5359 3206 5413 καὶ
3244 5360 3474 5414 παιδίων
3513 5364 3611 5415 καὶ
3654 5350 3798 5415 οἰκε-

2207 5433 2319 5487 τῶν
2349 5435 2441 5487 ἐπὶ
2473 5434 2570 5506 τὴν
2602 5436 2779 5509 ἄγραν
2819 5440 3024 5511 ταύτην
3056 5442 3150 5495 καὶ
3189 5445 3288 5514 τὴν
3323 5444 3499 5515 θήραν
3541 5440 3788 5508 ἐξελθόν-

2207 5533 2321 5583 τες,
2353 5519 2720 5591 ἐκσπάσωμεν
2758 5523 2823 5576 ἐκ
2858 5524 2958 5595 τῆς
2986 5524 3081 5578 τοῦ
3109 5527 3356 5583 διαϐόλου
3392 5526 3622 5596 παγίδος
3668 5523 3793 5584 τοὺς

2272 5639 2295 5666 ⁸⁵
2318 5636 2415 5687 Alii
2441 5641 2696 5692 διασῶσαι.

2268 5697 2296 5738 d
2318 5700 2518 5772 ξςβιριη
2542 5718 2650 5772 m_ss.
2675 5707 3044 5772 διορθωσαμένη.

2272 5773 2290 5793 ⁸
2314 5760 2462 5811 ﬁdem
2484 5760 2803 5829 μανθανοντές.
