  <div class='ocr_page' id='page_1' title='image "/cluster/home/n/w/nwhite01/storage/ocr_20150623/48/mdp.39015032114640/406.png"; bbox 0 0 4046 6146; ppageno 0'>
   <div class='ocr_carea' id='block_1_1' title="bbox 287 337 393 388">
    <p class='ocr_par' dir='ltr' id='par_1_1' title="bbox 287 337 393 388">
     <span class='ocr_line' id='line_1_1' title="bbox 287 337 393 388; baseline 0 0"><span class='ocrx_word' id='word_1_1' title='bbox 287 337 393 388; x_wconf 65' lang='grc' dir='ltr'><strong>Εῖὶῖὶ</strong></span> 
     </span>
    </p>
   </div>
   <div class='ocr_carea' id='block_1_2' title="bbox 291 336 2353 396">
    <p class='ocr_par' dir='ltr' id='par_1_2' title="bbox 291 336 2353 396">
     <span class='ocr_line' id='line_1_2' title="bbox 291 336 2353 396; baseline 0.001 -6"><span class='ocrx_word' id='word_1_2' title='bbox 291 337 393 390; x_wconf 68' lang='lat'><strong>9:235</strong></span> <span class='ocrx_word' id='word_1_3' title='bbox 1499 336 1860 396; x_wconf 81' lang='lat' dir='ltr'><strong>ADVERSUS</strong></span> <span class='ocrx_word' id='word_1_4' title='bbox 1895 336 2199 396; x_wconf 70' lang='lat' dir='ltr'><strong>JUDAZOS.</strong></span> <span class='ocrx_word' id='word_1_5' title='bbox 2245 339 2353 396; x_wconf 81' lang='lat' dir='ltr'><strong>Vll.</strong></span> 
     </span>
    </p>
   </div>
   <div class='ocr_carea' id='block_1_3' title="bbox 261 450 1859 524">
    <p class='ocr_par' dir='ltr' id='par_1_3' title="bbox 261 450 1859 524">
     <span class='ocr_line' id='line_1_3' title="bbox 261 450 1859 524; baseline -0.003 -14"><span class='ocrx_word' id='word_1_6' title='bbox 261 469 334 510; x_wconf 75' lang='lat' dir='ltr'><strong>ea:</strong></span> <span class='ocrx_word' id='word_1_7' title='bbox 355 469 457 524; x_wconf 86' lang='lat' dir='ltr'><strong>qua</strong></span> <span class='ocrx_word' id='word_1_8' title='bbox 483 451 652 508; x_wconf 85' lang='lat' dir='ltr'><strong>nullus</strong></span> <span class='ocrx_word' id='word_1_9' title='bbox 678 453 885 507; x_wconf 82' lang='lat' dir='ltr'><strong>uacabat</strong></span> <span class='ocrx_word' id='word_1_10' title='bbox 910 452 1082 506; x_wconf 89' lang='lat' dir='ltr'><strong>altari.</strong></span> <span class='ocrx_word' id='word_1_11' title='bbox 1114 450 1448 520; x_wconf 73' lang='lat' dir='ltr'><strong>Manifestum</strong></span> <span class='ocrx_word' id='word_1_12' title='bbox 1471 460 1545 505; x_wconf 85' lang='lat' dir='ltr'><strong>est</strong></span> <span class='ocrx_word' id='word_1_13' title='bbox 1568 453 1698 506; x_wconf 87' lang='lat' dir='ltr'><strong>enim</strong></span> <span class='ocrx_word' id='word_1_14' title='bbox 1723 453 1859 522; x_wconf 86' lang='lat' dir='ltr'><strong>quod</strong></span> 
     </span>
    </p>
   </div>
   <div class='ocr_carea' id='block_1_4' title="bbox 266 537 1862 611">
    <p class='ocr_par' dir='ltr' id='par_1_4' title="bbox 266 537 1862 611">
     <span class='ocr_line' id='line_1_4' title="bbox 266 537 1862 611; baseline -0.003 -13"><span class='ocrx_word' id='word_1_15' title='bbox 266 560 335 598; x_wconf 78' lang='lat' dir='ltr'><strong>ea:</strong></span> <span class='ocrx_word' id='word_1_16' title='bbox 360 543 500 598; x_wconf 77' lang='lat' dir='ltr'><strong>Iuda</strong></span> <span class='ocrx_word' id='word_1_17' title='bbox 524 537 748 596; x_wconf 63' lang='lat' dir='ltr'><strong>exortus‘</strong></span> <span class='ocrx_word' id='word_1_18' title='bbox 760 551 830 597; x_wconf 89' lang='lat' dir='ltr'><strong>est</strong></span> <span class='ocrx_word' id='word_1_19' title='bbox 857 541 1106 596; x_wconf 85' lang='lat' dir='ltr'><strong>Dominus</strong></span> <span class='ocrx_word' id='word_1_20' title='bbox 1142 551 1310 596; x_wconf 84' lang='lat' dir='ltr'><strong>noster</strong></span> <span class='ocrx_word' id='word_1_21' title='bbox 1333 583 1348 606; x_wconf 97' lang='lat'><strong>,</strong></span> <span class='ocrx_word' id='word_1_22' title='bbox 1386 543 1439 594; x_wconf 89' lang='lat' dir='ltr'><strong>in</strong></span> <span class='ocrx_word' id='word_1_23' title='bbox 1481 558 1632 611; x_wconf 87' lang='lat' dir='ltr'><strong>quant</strong></span> <span class='ocrx_word' id='word_1_24' title='bbox 1679 543 1862 595; x_wconf 79' lang='lat' dir='ltr'><strong>tribum</strong></span> 
     </span>
    </p>
   </div>
   <div class='ocr_carea' id='block_1_5' title="bbox 271 632 1857 706">
    <p class='ocr_par' dir='ltr' id='par_1_5' title="bbox 271 632 1857 706">
     <span class='ocr_line' id='line_1_5' title="bbox 271 632 1857 706; baseline -0.002 -16"><span class='ocrx_word' id='word_1_25' title='bbox 271 633 404 690; x_wconf 76' lang='lat' dir='ltr'><strong>nihil</strong></span> <span class='ocrx_word' id='word_1_26' title='bbox 417 636 480 690; x_wconf 88' lang='lat' dir='ltr'><strong>de</strong></span> <span class='ocrx_word' id='word_1_27' title='bbox 502 636 783 690; x_wconf 88' lang='lat' dir='ltr'><strong>sacerdotio</strong></span> <span class='ocrx_word' id='word_1_28' title='bbox 807 635 973 690; x_wconf 78' lang='lat' dir='ltr'><strong>Moses</strong></span> <span class='ocrx_word' id='word_1_29' title='bbox 995 635 1228 706; x_wconf 87' lang='lat' dir='ltr'><strong>loquutus</strong></span> <span class='ocrx_word' id='word_1_30' title='bbox 1247 645 1318 688; x_wconf 88' lang='lat' dir='ltr'><strong>est</strong></span> <span class='ocrx_word' id='word_1_31' title='bbox 1340 633 1525 704; x_wconf 84' lang='lat' dir='ltr'><strong>(Hebr.</strong></span> <span class='ocrx_word' id='word_1_32' title='bbox 1552 635 1606 688; x_wconf 89' lang='lat'><strong>7.</strong></span> <span class='ocrx_word' id='word_1_33' title='bbox 1631 634 1716 688; x_wconf 83' lang='grc'><strong>15.</strong></span> <span class='ocrx_word' id='word_1_34' title='bbox 1746 632 1857 706; x_wconf 71' lang='grc'><strong>14).</strong></span> 
     </span>
    </p>
   </div>
   <div class='ocr_carea' id='block_1_6' title="bbox 270 725 1860 799">
    <p class='ocr_par' dir='ltr' id='par_1_6' title="bbox 270 725 1860 799">
     <span class='ocr_line' id='line_1_6' title="bbox 270 725 1860 799; baseline -0.001 -19"><span class='ocrx_word' id='word_1_35' title='bbox 270 725 405 781; x_wconf 86' lang='lat' dir='ltr'><strong>Cum</strong></span> <span class='ocrx_word' id='word_1_36' title='bbox 436 727 592 799; x_wconf 87' lang='lat' dir='ltr'><strong>igitur</strong></span> <span class='ocrx_word' id='word_1_37' title='bbox 617 727 822 781; x_wconf 91' lang='lat' dir='ltr'><strong>clarum</strong></span> <span class='ocrx_word' id='word_1_38' title='bbox 849 727 917 781; x_wconf 86' lang='lat' dir='ltr'><strong>sit</strong></span> <span class='ocrx_word' id='word_1_39' title='bbox 942 727 1212 782; x_wconf 78' lang='lat' dir='ltr'><strong>Christum</strong></span> <span class='ocrx_word' id='word_1_40' title='bbox 1237 741 1301 781; x_wconf 75' lang='lat' dir='ltr'><strong>ex</strong></span> <span class='ocrx_word' id='word_1_41' title='bbox 1330 725 1416 779; x_wconf 92' lang='lat' dir='ltr'><strong>illa</strong></span> <span class='ocrx_word' id='word_1_42' title='bbox 1441 740 1561 780; x_wconf 90' lang='lat' dir='ltr'><strong>esse</strong></span> <span class='ocrx_word' id='word_1_43' title='bbox 1589 725 1748 790; x_wconf 82' lang='lat' dir='ltr'><strong>tribu,</strong></span> <span class='ocrx_word' id='word_1_44' title='bbox 1777 726 1860 778; x_wconf 86' lang='lat' dir='ltr'><strong>ni-</strong></span> 
     </span>
    </p>
   </div>
   <div class='ocr_carea' id='block_1_7' title="bbox 271 816 1860 885">
    <p class='ocr_par' dir='ltr' id='par_1_7' title="bbox 271 816 1860 885">
     <span class='ocr_line' id='line_1_7' title="bbox 271 816 1860 885; baseline -0.003 -11"><span class='ocrx_word' id='word_1_45' title='bbox 271 819 470 874; x_wconf 84' lang='lat' dir='ltr'><strong>mirum</strong></span> <span class='ocrx_word' id='word_1_46' title='bbox 523 834 592 874; x_wconf 74' lang='grc' dir='ltr'><strong>ει</strong></span> <span class='ocrx_word' id='word_1_47' title='bbox 617 817 749 874; x_wconf 84' lang='lat' dir='ltr'><strong>Juda</strong></span> <span class='ocrx_word' id='word_1_48' title='bbox 771 860 786 885; x_wconf 94' lang='lat'><strong>,</strong></span> <span class='ocrx_word' id='word_1_49' title='bbox 818 827 872 873; x_wconf 93' lang='lat' dir='ltr'><strong>et</strong></span> <span class='ocrx_word' id='word_1_50' title='bbox 920 818 1250 872; x_wconf 73' lang='lat' dir='ltr'><strong>sacerdotem</strong></span> <span class='ocrx_word' id='word_1_51' title='bbox 1297 817 1590 872; x_wconf 90' lang='lat' dir='ltr'><strong>secundum</strong></span> <span class='ocrx_word' id='word_1_52' title='bbox 1621 816 1860 871; x_wconf 88' lang='lat' dir='ltr'><strong>ordinem</strong></span> 
     </span>
    </p>
   </div>
   <div class='ocr_carea' id='block_1_8' title="bbox 273 907 1862 980">
    <p class='ocr_par' dir='ltr' id='par_1_8' title="bbox 273 907 1862 980">
     <span class='ocr_line' id='line_1_8' title="bbox 273 907 1862 980; baseline -0.003 -16"><span class='ocrx_word' id='word_1_53' title='bbox 273 909 631 966; x_wconf 70' lang='lat' dir='ltr'><strong>Helchisedec</strong></span> <span class='ocrx_word' id='word_1_54' title='bbox 651 951 664 974; x_wconf 90' lang='lat'><strong>,</strong></span> <span class='ocrx_word' id='word_1_55' title='bbox 700 924 857 980; x_wconf 91' lang='lat' dir='ltr'><strong>porro</strong></span> <span class='ocrx_word' id='word_1_56' title='bbox 881 907 1238 965; x_wconf 78' lang='lat' dir='ltr'><strong>Melchisedec</strong></span> <span class='ocrx_word' id='word_1_57' title='bbox 1265 923 1386 964; x_wconf 86' lang='lat' dir='ltr'><strong>esse</strong></span> <span class='ocrx_word' id='word_1_58' title='bbox 1413 909 1580 962; x_wconf 82' lang='lat' dir='ltr'><strong>multo</strong></span> <span class='ocrx_word' id='word_1_59' title='bbox 1628 907 1862 962; x_wconf 80' lang='lat' dir='ltr'><strong>honora-</strong></span> 
     </span>
    </p>
   </div>
   <div class='ocr_carea' id='block_1_9' title="bbox 269 1000 1863 1083">
    <p class='ocr_par' dir='ltr' id='par_1_9' title="bbox 269 1000 1863 1083">
     <span class='ocr_line' id='line_1_9' title="bbox 269 1000 1863 1083; baseline -0.001 -27"><span class='ocrx_word' id='word_1_60' title='bbox 269 1001 519 1056; x_wconf 85' lang='lat' dir='ltr'><strong>biliorem</strong></span> <span class='ocrx_word' id='word_1_61' title='bbox 567 1000 912 1083; x_wconf 55' lang='lat' dir='ltr'><strong>Abrahamo;</strong></span> <span class='ocrx_word' id='word_1_62' title='bbox 939 1000 1186 1056; x_wconf 88' lang='lat' dir='ltr'><strong>nimirum</strong></span> <span class='ocrx_word' id='word_1_63' title='bbox 1235 1011 1288 1056; x_wconf 88' lang='lat' dir='ltr'><strong>et</strong></span> <span class='ocrx_word' id='word_1_64' title='bbox 1333 1001 1463 1054; x_wconf 89' lang='lat' dir='ltr'><strong>illud</strong></span> <span class='ocrx_word' id='word_1_65' title='bbox 1512 1000 1863 1069; x_wconf 88' lang='lat' dir='ltr'><strong>undequaque</strong></span> 
     </span>
    </p>
   </div>
   <div class='ocr_carea' id='block_1_10' title="bbox 267 1091 1865 1162">
    <p class='ocr_par' dir='ltr' id='par_1_10' title="bbox 267 1091 1865 1162">
     <span class='ocr_line' id='line_1_10' title="bbox 267 1091 1865 1162; baseline -0.002 -15"><span class='ocrx_word' id='word_1_66' title='bbox 267 1100 480 1150; x_wconf 83' lang='lat' dir='ltr'><strong>constat</strong></span> <span class='ocrx_word' id='word_1_67' title='bbox 505 1092 648 1162; x_wconf 91' lang='lat' dir='ltr'><strong>quod</strong></span> <span class='ocrx_word' id='word_1_68' title='bbox 674 1093 832 1148; x_wconf 89' lang='lat' dir='ltr'><strong>etiam</strong></span> <span class='ocrx_word' id='word_1_69' title='bbox 858 1093 1003 1148; x_wconf 81' lang='lat' dir='ltr'><strong>aliud</strong></span> <span class='ocrx_word' id='word_1_70' title='bbox 1047 1107 1143 1162; x_wconf 94' lang='lat' dir='ltr'><strong>pro</strong></span> <span class='ocrx_word' id='word_1_71' title='bbox 1169 1091 1278 1147; x_wconf 90' lang='lat' dir='ltr'><strong>alio</strong></span> <span class='ocrx_word' id='word_1_72' title='bbox 1321 1092 1590 1147; x_wconf 78' lang='lat' dir='ltr'><strong>inducitur</strong></span> <span class='ocrx_word' id='word_1_73' title='bbox 1615 1091 1865 1146; x_wconf 87' lang='lat' dir='ltr'><strong>sacerdo—</strong></span> 
     </span>
    </p>
   </div>
   <div class='ocr_carea' id='block_1_11' title="bbox 275 1181 1860 1254">
    <p class='ocr_par' dir='ltr' id='par_1_11' title="bbox 275 1181 1860 1254">
     <span class='ocr_line' id='line_1_11' title="bbox 275 1181 1860 1254; baseline -0.002 -16"><span class='ocrx_word' id='word_1_74' title='bbox 275 1184 408 1238; x_wconf 85' lang='lat' dir='ltr'><strong>tium</strong></span> <span class='ocrx_word' id='word_1_75' title='bbox 435 1183 606 1238; x_wconf 91' lang='lat' dir='ltr'><strong>multo</strong></span> <span class='ocrx_word' id='word_1_76' title='bbox 635 1199 722 1248; x_wconf 74' lang='grc' dir='ltr'><strong>ρο,</strong></span> <span class='ocrx_word' id='word_1_77' title='bbox 770 1183 913 1254; x_wconf 90' lang='lat' dir='ltr'><strong>quod</strong></span> <span class='ocrx_word' id='word_1_78' title='bbox 940 1184 1087 1253; x_wconf 89' lang='lat' dir='ltr'><strong>prius</strong></span> <span class='ocrx_word' id='word_1_79' title='bbox 1114 1183 1307 1249; x_wconf 78' lang='lat' dir='ltr'><strong>fuerat,</strong></span> <span class='ocrx_word' id='word_1_80' title='bbox 1334 1183 1634 1241; x_wconf 87' lang='lat' dir='ltr'><strong>sublimius.</strong></span> <span class='ocrx_word' id='word_1_81' title='bbox 1655 1181 1788 1236; x_wconf 88' lang='lat' dir='ltr'><strong>Nam</strong></span> <span class='ocrx_word' id='word_1_82' title='bbox 1817 1182 1860 1235; x_wconf 91' lang='lat' dir='ltr'><strong>si</strong></span> 
     </span>
    </p>
   </div>
   <div class='ocr_carea' id='block_1_12' title="bbox 269 1275 1861 1348">
    <p class='ocr_par' dir='ltr' id='par_1_12' title="bbox 269 1275 1861 1348">
     <span class='ocr_line' id='line_1_12' title="bbox 269 1275 1861 1348; baseline -0.001 -18"><span class='ocrx_word' id='word_1_83' title='bbox 269 1285 431 1348; x_wconf 82' lang='lat' dir='ltr'><strong>typus</strong></span> <span class='ocrx_word' id='word_1_84' title='bbox 465 1275 584 1331; x_wconf 88' lang='lat' dir='ltr'><strong>talis</strong></span> <span class='ocrx_word' id='word_1_85' title='bbox 609 1277 768 1331; x_wconf 85' lang='lat' dir='ltr'><strong>etiam</strong></span> <span class='ocrx_word' id='word_1_86' title='bbox 791 1275 1009 1331; x_wconf 87' lang='lat' dir='ltr'><strong>Judaico</strong></span> <span class='ocrx_word' id='word_1_87' title='bbox 1034 1276 1334 1332; x_wconf 87' lang='lat' dir='ltr'><strong>sacerdotio</strong></span> <span class='ocrx_word' id='word_1_88' title='bbox 1361 1275 1690 1344; x_wconf 86' lang='lat' dir='ltr'><strong>splendidior</strong></span> <span class='ocrx_word' id='word_1_89' title='bbox 1713 1282 1828 1330; x_wconf 89' lang='lat' dir='ltr'><strong>erat</strong></span> <span class='ocrx_word' id='word_1_90' title='bbox 1845 1315 1861 1340; x_wconf 94' lang='lat'><strong>,</strong></span> 
     </span>
    </p>
   </div>
   <div class='ocr_carea' id='block_1_13' title="bbox 270 1367 1862 1438">
    <p class='ocr_par' dir='ltr' id='par_1_13' title="bbox 270 1367 1862 1438">
     <span class='ocr_line' id='line_1_13' title="bbox 270 1367 1862 1438; baseline 0 -18"><span class='ocrx_word' id='word_1_91' title='bbox 270 1368 444 1422; x_wconf 86' lang='lat' dir='ltr'><strong>multo</strong></span> <span class='ocrx_word' id='word_1_92' title='bbox 473 1368 644 1438; x_wconf 87' lang='lat' dir='ltr'><strong>magis</strong></span> <span class='ocrx_word' id='word_1_93' title='bbox 673 1369 786 1437; x_wconf 71' lang='lat' dir='ltr'><strong>ipsa</strong></span> <span class='ocrx_word' id='word_1_94' title='bbox 816 1369 1010 1423; x_wconf 88' lang='lat' dir='ltr'><strong>veritas</strong></span> <span class='ocrx_word' id='word_1_95' title='bbox 1035 1411 1048 1435; x_wconf 92' lang='lat'><strong>,</strong></span> <span class='ocrx_word' id='word_1_96' title='bbox 1083 1368 1224 1438; x_wconf 88' lang='lat' dir='ltr'><strong>quod</strong></span> <span class='ocrx_word' id='word_1_97' title='bbox 1269 1377 1499 1422; x_wconf 89' lang='lat' dir='ltr'><strong>tractans</strong></span> <span class='ocrx_word' id='word_1_98' title='bbox 1525 1367 1664 1424; x_wconf 92' lang='lat' dir='ltr'><strong>idem</strong></span> <span class='ocrx_word' id='word_1_99' title='bbox 1691 1367 1821 1422; x_wconf 78' lang='lat' dir='ltr'><strong>dixit</strong></span> <span class='ocrx_word' id='word_1_100' title='bbox 1845 1381 1862 1420; x_wconf 93' lang='lat'><strong>:</strong></span> 
     </span>
    </p>
   </div>
   <div class='ocr_carea' id='block_1_14' title="bbox 275 1458 1866 1528">
    <p class='ocr_par' dir='ltr' id='par_1_14' title="bbox 275 1458 1866 1528">
     <span class='ocr_line' id='line_1_14' title="bbox 275 1458 1866 1528; baseline 0.001 -17"><span class='ocrx_word' id='word_1_101' title='bbox 275 1458 513 1524; x_wconf 80' lang='lat' dir='ltr'><strong>Amplius</strong></span> <span class='ocrx_word' id='word_1_102' title='bbox 543 1459 708 1513; x_wconf 84' lang='lat' dir='ltr'><strong>adhuc</strong></span> <span class='ocrx_word' id='word_1_103' title='bbox 734 1460 1056 1528; x_wconf 76' lang='lat' dir='ltr'><strong>manifestum</strong></span> <span class='ocrx_word' id='word_1_104' title='bbox 1076 1470 1144 1514; x_wconf 89' lang='lat' dir='ltr'><strong>cst</strong></span> <span class='ocrx_word' id='word_1_105' title='bbox 1163 1502 1177 1525; x_wconf 90' lang='lat'><strong>,</strong></span> <span class='ocrx_word' id='word_1_106' title='bbox 1209 1461 1253 1514; x_wconf 87' lang='lat' dir='ltr'><strong>si</strong></span> <span class='ocrx_word' id='word_1_107' title='bbox 1277 1459 1552 1514; x_wconf 88' lang='lat' dir='ltr'><strong>secundum</strong></span> <span class='ocrx_word' id='word_1_108' title='bbox 1575 1460 1866 1514; x_wconf 85' lang='lat' dir='ltr'><strong>similitudi-</strong></span> 
     </span>
    </p>
   </div>
   <div class='ocr_carea' id='block_1_15' title="bbox 280 1547 1868 1620">
    <p class='ocr_par' dir='ltr' id='par_1_15' title="bbox 280 1547 1868 1620">
     <span class='ocr_line' id='line_1_15' title="bbox 280 1547 1868 1620; baseline 0 -18"><span class='ocrx_word' id='word_1_109' title='bbox 280 1565 398 1602; x_wconf 86' lang='lat' dir='ltr'><strong>nem</strong></span> <span class='ocrx_word' id='word_1_110' title='bbox 448 1547 784 1603; x_wconf 80' lang='lat' dir='ltr'><strong>Melcltisedec</strong></span> <span class='ocrx_word' id='word_1_111' title='bbox 827 1550 1052 1603; x_wconf 73' lang='lat' dir='ltr'><strong>exoritur</strong></span> <span class='ocrx_word' id='word_1_112' title='bbox 1092 1551 1222 1603; x_wconf 89' lang='lat' dir='ltr'><strong>alius</strong></span> <span class='ocrx_word' id='word_1_113' title='bbox 1265 1550 1497 1604; x_wconf 82' lang='lat' dir='ltr'><strong>sacerdos</strong></span> <span class='ocrx_word' id='word_1_114' title='bbox 1525 1550 1609 1620; x_wconf 90' lang='lat' dir='ltr'><strong>qui</strong></span> <span class='ocrx_word' id='word_1_115' title='bbox 1653 1566 1755 1604; x_wconf 88' lang='lat' dir='ltr'><strong>non</strong></span> <span class='ocrx_word' id='word_1_116' title='bbox 1802 1549 1868 1603; x_wconf 88' lang='lat' dir='ltr'><strong>sit</strong></span> 
     </span>
    </p>
   </div>
   <div class='ocr_carea' id='block_1_16' title="bbox 268 1640 1868 1712">
    <p class='ocr_par' dir='ltr' id='par_1_16' title="bbox 268 1640 1868 1712">
     <span class='ocr_line' id='line_1_16' title="bbox 268 1640 1868 1712; baseline 0.001 -19"><span class='ocrx_word' id='word_1_117' title='bbox 268 1643 423 1712; x_wconf 73' lang='lat' dir='ltr'><strong>juxta</strong></span> <span class='ocrx_word' id='word_1_118' title='bbox 450 1641 605 1710; x_wconf 85' lang='lat' dir='ltr'><strong>legem</strong></span> <span class='ocrx_word' id='word_1_119' title='bbox 637 1641 872 1710; x_wconf 73' lang='lat' dir='ltr'><strong>prwcepti</strong></span> <span class='ocrx_word' id='word_1_120' title='bbox 910 1640 1130 1694; x_wconf 80' lang='lat' dir='ltr'><strong>carnalis</strong></span> <span class='ocrx_word' id='word_1_121' title='bbox 1149 1683 1164 1707; x_wconf 91' lang='lat'><strong>,</strong></span> <span class='ocrx_word' id='word_1_122' title='bbox 1193 1641 1282 1693; x_wconf 87' lang='lat' dir='ltr'><strong>sed</strong></span> <span class='ocrx_word' id='word_1_123' title='bbox 1319 1642 1476 1711; x_wconf 71' lang='lat' dir='ltr'><strong>juxta</strong></span> <span class='ocrx_word' id='word_1_124' title='bbox 1501 1642 1730 1695; x_wconf 84' lang='lat' dir='ltr'><strong>virtutem</strong></span> <span class='ocrx_word' id='word_1_125' title='bbox 1755 1641 1868 1695; x_wconf 74' lang='lat' dir='ltr'><strong>vita:</strong></span> 
     </span>
    </p>
   </div>
   <div class='ocr_carea' id='block_1_17' title="bbox 271 1731 1869 1806">
    <p class='ocr_par' dir='ltr' id='par_1_17' title="bbox 271 1731 1869 1806">
     <span class='ocr_line' id='line_1_17' title="bbox 271 1731 1869 1806; baseline -0.001 -18"><span class='ocrx_word' id='word_1_126' title='bbox 271 1734 636 1789; x_wconf 71' lang='lat' dir='ltr'><strong>indissolubilis</strong></span> <span class='ocrx_word' id='word_1_127' title='bbox 680 1731 850 1806; x_wconf 80' lang='lat' dir='ltr'><strong>(Ibid.</strong></span> <span class='ocrx_word' id='word_1_128' title='bbox 885 1749 932 1787; x_wconf 85' lang='grc' dir='ltr'><strong>υ.</strong></span> <span class='ocrx_word' id='word_1_129' title='bbox 979 1735 1064 1789; x_wconf 83' lang='grc'><strong>15.</strong></span> <span class='ocrx_word' id='word_1_130' title='bbox 1108 1732 1236 1806; x_wconf 89' lang='grc'><strong>16).</strong></span> <span class='ocrx_word' id='word_1_131' title='bbox 1269 1734 1404 1800; x_wconf 84' lang='lat' dir='ltr'><strong>Quid</strong></span> <span class='ocrx_word' id='word_1_132' title='bbox 1433 1743 1553 1802; x_wconf 90' lang='lat' dir='ltr'><strong>est,</strong></span> <span class='ocrx_word' id='word_1_133' title='bbox 1593 1751 1694 1788; x_wconf 88' lang='lat' dir='ltr'><strong>non</strong></span> <span class='ocrx_word' id='word_1_134' title='bbox 1715 1735 1869 1805; x_wconf 76' lang='lat' dir='ltr'><strong>juxta</strong></span> 
     </span>
    </p>
   </div>
   <div class='ocr_carea' id='block_1_18' title="bbox 271 1825 1870 1895">
    <p class='ocr_par' dir='ltr' id='par_1_18' title="bbox 271 1825 1870 1895">
     <span class='ocr_line' id='line_1_18' title="bbox 271 1825 1870 1895; baseline 0 -17"><span class='ocrx_word' id='word_1_135' title='bbox 271 1827 434 1895; x_wconf 81' lang='lat' dir='ltr'><strong>legem</strong></span> <span class='ocrx_word' id='word_1_136' title='bbox 463 1825 700 1894; x_wconf 67' lang='lat' dir='ltr'><strong>praerepti</strong></span> <span class='ocrx_word' id='word_1_137' title='bbox 739 1825 960 1878; x_wconf 83' lang='lat' dir='ltr'><strong>carnalis</strong></span> <span class='ocrx_word' id='word_1_138' title='bbox 979 1865 993 1890; x_wconf 97' lang='lat'><strong>,</strong></span> <span class='ocrx_word' id='word_1_139' title='bbox 1022 1825 1110 1879; x_wconf 88' lang='lat' dir='ltr'><strong>sed</strong></span> <span class='ocrx_word' id='word_1_140' title='bbox 1129 1826 1281 1895; x_wconf 76' lang='lat' dir='ltr'><strong>juata</strong></span> <span class='ocrx_word' id='word_1_141' title='bbox 1307 1827 1536 1879; x_wconf 86' lang='lat' dir='ltr'><strong>virtutem</strong></span> <span class='ocrx_word' id='word_1_142' title='bbox 1572 1826 1687 1880; x_wconf 71' lang='lat' dir='ltr'><strong>vitta</strong></span> <span class='ocrx_word' id='word_1_143' title='bbox 1709 1825 1870 1879; x_wconf 88' lang='lat' dir='ltr'><strong>indis-</strong></span> 
     </span>
    </p>
   </div>
   <div class='ocr_carea' id='block_1_19' title="bbox 283 1916 1904 1988">
    <p class='ocr_par' dir='ltr' id='par_1_19' title="bbox 283 1916 1904 1988">
     <span class='ocr_line' id='line_1_19' title="bbox 283 1916 1904 1988; baseline 0 -16"><span class='ocrx_word' id='word_1_144' title='bbox 283 1917 559 1972; x_wconf 78' lang='lat' dir='ltr'><strong>solubilis?</strong></span> <span class='ocrx_word' id='word_1_145' title='bbox 583 1916 736 1984; x_wconf 87' lang='lat' dir='ltr'><strong>Quod</strong></span> <span class='ocrx_word' id='word_1_146' title='bbox 765 1917 967 1971; x_wconf 90' lang='lat' dir='ltr'><strong>nullum</strong></span> <span class='ocrx_word' id='word_1_147' title='bbox 1016 1918 1156 1972; x_wconf 92' lang='lat' dir='ltr'><strong>illius</strong></span> <span class='ocrx_word' id='word_1_148' title='bbox 1203 1927 1529 1988; x_wconf 78' lang='lat' dir='ltr'><strong>praeceptum</strong></span> <span class='ocrx_word' id='word_1_149' title='bbox 1579 1927 1726 1974; x_wconf 87' lang='lat' dir='ltr'><strong>esset</strong></span> <span class='ocrx_word' id='word_1_150' title='bbox 1751 1934 1868 1973; x_wconf 91' lang='lat' dir='ltr'><strong>car-</strong></span> <span class='ocrx_word' id='word_1_151' title='bbox 1901 1933 1904 1936; x_wconf 73' lang='grc'><strong>’</strong></span> 
     </span>
    </p>
   </div>
   <div class='ocr_carea' id='block_1_20' title="bbox 272 1991 1865 2080">
    <p class='ocr_par' dir='ltr' id='par_1_20' title="bbox 272 1991 1865 2080">
     <span class='ocr_line' id='line_1_20' title="bbox 272 1991 1865 2080; baseline -0.001 -15"><span class='ocrx_word' id='word_1_152' title='bbox 272 2008 418 2065; x_wconf 86' lang='lat' dir='ltr'><strong>nale.</strong></span> <span class='ocrx_word' id='word_1_153' title='bbox 447 2007 564 2064; x_wconf 80' lang='lat' dir='ltr'><strong>Non</strong></span> <span class='ocrx_word' id='word_1_154' title='bbox 610 2008 753 2063; x_wconf 87' lang='lat' dir='ltr'><strong>enim</strong></span> <span class='ocrx_word' id='word_1_155' title='bbox 784 2023 912 2064; x_wconf 84' lang='lat' dir='ltr'><strong>oves</strong></span> <span class='ocrx_word' id='word_1_156' title='bbox 954 1991 1191 2064; x_wconf 52' lang='lat' dir='ltr'><strong>mact‘are</strong></span> <span class='ocrx_word' id='word_1_157' title='bbox 1235 2024 1408 2079; x_wconf 90' lang='lat' dir='ltr'><strong>neque</strong></span> <span class='ocrx_word' id='word_1_158' title='bbox 1450 2009 1643 2064; x_wconf 87' lang='lat' dir='ltr'><strong>vitulos</strong></span> <span class='ocrx_word' id='word_1_159' title='bbox 1665 2009 1865 2080; x_wconf 85' lang='lat' dir='ltr'><strong>jussit;</strong></span> 
     </span>
    </p>
   </div>
   <div class='ocr_carea' id='block_1_21' title="bbox 275 2099 1869 2171">
    <p class='ocr_par' dir='ltr' id='par_1_21' title="bbox 275 2099 1869 2171">
     <span class='ocr_line' id='line_1_21' title="bbox 275 2099 1869 2171; baseline 0 -15"><span class='ocrx_word' id='word_1_160' title='bbox 275 2099 370 2156; x_wconf 90' lang='lat' dir='ltr'><strong>sed</strong></span> <span class='ocrx_word' id='word_1_161' title='bbox 398 2114 494 2169; x_wconf 89' lang='lat' dir='ltr'><strong>per</strong></span> <span class='ocrx_word' id='word_1_162' title='bbox 519 2101 767 2155; x_wconf 83' lang='lat' dir='ltr'><strong>virtutem</strong></span> <span class='ocrx_word' id='word_1_163' title='bbox 791 2099 954 2155; x_wconf 89' lang='lat' dir='ltr'><strong>animi</strong></span> <span class='ocrx_word' id='word_1_164' title='bbox 981 2101 1146 2158; x_wconf 89' lang='lat' dir='ltr'><strong>Deum</strong></span> <span class='ocrx_word' id='word_1_165' title='bbox 1173 2101 1386 2156; x_wconf 90' lang='lat' dir='ltr'><strong>colere:</strong></span> <span class='ocrx_word' id='word_1_166' title='bbox 1415 2113 1470 2156; x_wconf 88' lang='lat' dir='ltr'><strong>et</strong></span> <span class='ocrx_word' id='word_1_167' title='bbox 1499 2101 1690 2156; x_wconf 88' lang='lat' dir='ltr'><strong>horum</strong></span> <span class='ocrx_word' id='word_1_168' title='bbox 1734 2118 1869 2171; x_wconf 75' lang='lat' dir='ltr'><strong>prae-</strong></span> 
     </span>
    </p>
   </div>
   <div class='ocr_carea' id='block_1_22' title="bbox 274 2191 1867 2264">
    <p class='ocr_par' dir='ltr' id='par_1_22' title="bbox 274 2191 1867 2264">
     <span class='ocr_line' id='line_1_22' title="bbox 274 2191 1867 2264; baseline 0.002 -17"><span class='ocrx_word' id='word_1_169' title='bbox 274 2192 384 2247; x_wconf 87' lang='lat' dir='ltr'><strong>mia</strong></span> <span class='ocrx_word' id='word_1_170' title='bbox 411 2192 569 2247; x_wconf 85' lang='lat' dir='ltr'><strong>vitam</strong></span> <span class='ocrx_word' id='word_1_171' title='bbox 600 2191 754 2248; x_wconf 89' lang='lat' dir='ltr'><strong>nobis</strong></span> <span class='ocrx_word' id='word_1_172' title='bbox 781 2192 1112 2262; x_wconf 71' lang='lat' dir='ltr'><strong>designavit,</strong></span> <span class='ocrx_word' id='word_1_173' title='bbox 1153 2209 1272 2263; x_wconf 73' lang='lat' dir='ltr'><strong>qua:</strong></span> <span class='ocrx_word' id='word_1_174' title='bbox 1298 2209 1585 2264; x_wconf 86' lang='lat' dir='ltr'><strong>numquam</strong></span> <span class='ocrx_word' id='word_1_175' title='bbox 1628 2209 1867 2250; x_wconf 81' lang='lat' dir='ltr'><strong>corrum-</strong></span> 
     </span>
    </p>
   </div>
   <div class='ocr_carea' id='block_1_23' title="bbox 279 2287 1869 2356">
    <p class='ocr_par' dir='ltr' id='par_1_23' title="bbox 279 2287 1869 2356">
     <span class='ocr_line' id='line_1_23' title="bbox 279 2287 1869 2356; baseline 0.003 -18"><span class='ocrx_word' id='word_1_176' title='bbox 279 2293 456 2354; x_wconf 87' lang='lat' dir='ltr'><strong>petur.</strong></span> <span class='ocrx_word' id='word_1_177' title='bbox 484 2287 560 2340; x_wconf 87' lang='lat' dir='ltr'><strong>Ac</strong></span> <span class='ocrx_word' id='word_1_178' title='bbox 602 2300 814 2340; x_wconf 86' lang='lat' dir='ltr'><strong>rursum</strong></span> <span class='ocrx_word' id='word_1_179' title='bbox 858 2293 1098 2340; x_wconf 90' lang='lat' dir='ltr'><strong>mortuos</strong></span> <span class='ocrx_word' id='word_1_180' title='bbox 1135 2300 1235 2342; x_wconf 87' lang='lat' dir='ltr'><strong>nos</strong></span> <span class='ocrx_word' id='word_1_181' title='bbox 1263 2287 1363 2341; x_wconf 91' lang='lat' dir='ltr'><strong>sub</strong></span> <span class='ocrx_word' id='word_1_182' title='bbox 1393 2288 1621 2356; x_wconf 81' lang='lat' dir='ltr'><strong>peccatis</strong></span> <span class='ocrx_word' id='word_1_183' title='bbox 1650 2289 1869 2344; x_wconf 85' lang='lat' dir='ltr'><strong>veniens</strong></span> 
     </span>
    </p>
   </div>
   <div class='ocr_carea' id='block_1_24' title="bbox 278 2375 1867 2447">
    <p class='ocr_par' dir='ltr' id='par_1_24' title="bbox 278 2375 1867 2447">
     <span class='ocr_line' id='line_1_24' title="bbox 278 2375 1867 2447; baseline 0.002 -17"><span class='ocrx_word' id='word_1_184' title='bbox 278 2375 577 2442; x_wconf 85' lang='lat' dir='ltr'><strong>suscitavit,</strong></span> <span class='ocrx_word' id='word_1_185' title='bbox 605 2375 874 2431; x_wconf 90' lang='lat' dir='ltr'><strong>destructa</strong></span> <span class='ocrx_word' id='word_1_186' title='bbox 902 2376 1098 2447; x_wconf 88' lang='lat' dir='ltr'><strong>duplici</strong></span> <span class='ocrx_word' id='word_1_187' title='bbox 1123 2385 1314 2441; x_wconf 90' lang='lat' dir='ltr'><strong>morte,</strong></span> <span class='ocrx_word' id='word_1_188' title='bbox 1345 2378 1510 2432; x_wconf 90' lang='lat' dir='ltr'><strong>altera</strong></span> <span class='ocrx_word' id='word_1_189' title='bbox 1535 2378 1754 2447; x_wconf 87' lang='lat' dir='ltr'><strong>peccati,</strong></span> <span class='ocrx_word' id='word_1_190' title='bbox 1785 2381 1867 2433; x_wconf 88' lang='lat' dir='ltr'><strong>al-</strong></span> 
     </span>
    </p>
   </div>
   <div class='ocr_carea' id='block_1_25' title="bbox 281 2468 1868 2539">
    <p class='ocr_par' dir='ltr' id='par_1_25' title="bbox 281 2468 1868 2539">
     <span class='ocr_line' id='line_1_25' title="bbox 281 2468 1868 2539; baseline 0.003 -17"><span class='ocrx_word' id='word_1_191' title='bbox 281 2479 396 2524; x_wconf 90' lang='lat' dir='ltr'><strong>tera</strong></span> <span class='ocrx_word' id='word_1_192' title='bbox 439 2469 634 2526; x_wconf 88' lang='lat' dir='ltr'><strong>carnis.</strong></span> <span class='ocrx_word' id='word_1_193' title='bbox 662 2468 922 2537; x_wconf 83' lang='lat' dir='ltr'><strong>Quoniam</strong></span> <span class='ocrx_word' id='word_1_194' title='bbox 951 2470 1112 2539; x_wconf 81' lang='lat' dir='ltr'><strong>igitur</strong></span> <span class='ocrx_word' id='word_1_195' title='bbox 1137 2471 1259 2524; x_wconf 90' lang='lat' dir='ltr'><strong>talia</strong></span> <span class='ocrx_word' id='word_1_196' title='bbox 1288 2471 1442 2526; x_wconf 93' lang='lat' dir='ltr'><strong>nobis</strong></span> <span class='ocrx_word' id='word_1_197' title='bbox 1468 2471 1607 2526; x_wconf 89' lang='lat' dir='ltr'><strong>bona</strong></span> <span class='ocrx_word' id='word_1_198' title='bbox 1637 2471 1868 2526; x_wconf 73' lang='lat' dir='ltr'><strong>efferens</strong></span> 
     </span>
    </p>
   </div>
   <div class='ocr_carea' id='block_1_26' title="bbox 279 2559 1864 2632">
    <p class='ocr_par' dir='ltr' id='par_1_26' title="bbox 279 2559 1864 2632">
     <span class='ocr_line' id='line_1_26' title="bbox 279 2559 1864 2632; baseline 0 -17"><span class='ocrx_word' id='word_1_199' title='bbox 279 2561 446 2627; x_wconf 82' lang='lat' dir='ltr'><strong>venit,</strong></span> <span class='ocrx_word' id='word_1_200' title='bbox 477 2560 596 2616; x_wconf 88' lang='lat' dir='ltr'><strong>ideo</strong></span> <span class='ocrx_word' id='word_1_201' title='bbox 633 2560 795 2614; x_wconf 85' lang='lat' dir='ltr'><strong>dicit:</strong></span> <span class='ocrx_word' id='word_1_202' title='bbox 839 2559 962 2614; x_wconf 87' lang='lat' dir='ltr'><strong>Non</strong></span> <span class='ocrx_word' id='word_1_203' title='bbox 977 2561 1130 2632; x_wconf 77' lang='lat' dir='ltr'><strong>juxta</strong></span> <span class='ocrx_word' id='word_1_204' title='bbox 1165 2561 1322 2630; x_wconf 84' lang='lat' dir='ltr'><strong>legem</strong></span> <span class='ocrx_word' id='word_1_205' title='bbox 1361 2562 1583 2616; x_wconf 82' lang='lat' dir='ltr'><strong>carnalis</strong></span> <span class='ocrx_word' id='word_1_206' title='bbox 1605 2563 1864 2632; x_wconf 63' lang='lat' dir='ltr'><strong>praecepti,</strong></span> 
     </span>
    </p>
   </div>
   <div class='ocr_carea' id='block_1_27' title="bbox 280 2651 1359 2724">
    <p class='ocr_par' dir='ltr' id='par_1_27' title="bbox 280 2651 1359 2724">
     <span class='ocr_line' id='line_1_27' title="bbox 280 2651 1359 2724; baseline -0.002 -16"><span class='ocrx_word' id='word_1_207' title='bbox 280 2654 371 2708; x_wconf 83' lang='lat' dir='ltr'><strong>sed</strong></span> <span class='ocrx_word' id='word_1_208' title='bbox 386 2655 540 2724; x_wconf 74' lang='lat' dir='ltr'><strong>juxta</strong></span> <span class='ocrx_word' id='word_1_209' title='bbox 565 2653 795 2706; x_wconf 88' lang='lat' dir='ltr'><strong>virtutem</strong></span> <span class='ocrx_word' id='word_1_210' title='bbox 833 2652 948 2706; x_wconf 66' lang='lat' dir='ltr'><strong>vita</strong></span> <span class='ocrx_word' id='word_1_211' title='bbox 975 2651 1359 2706; x_wconf 85' lang='lat' dir='ltr'><strong>indissolubilis.</strong></span> 
     </span>
    </p>
   </div>
   <div class='ocr_carea' id='block_1_28' title="bbox 353 2746 1868 2818">
    <p class='ocr_par' dir='ltr' id='par_1_28' title="bbox 353 2746 1868 2818">
     <span class='ocr_line' id='line_1_28' title="bbox 353 2746 1868 2818; baseline -0.001 -14"><span class='ocrx_word' id='word_1_212' title='bbox 353 2748 408 2804; x_wconf 89' lang='lat'><strong>6.</strong></span> <span class='ocrx_word' id='word_1_213' title='bbox 436 2747 552 2803; x_wconf 83' lang='lat' dir='ltr'><strong>Jam</strong></span> <span class='ocrx_word' id='word_1_214' title='bbox 579 2747 740 2818; x_wconf 83' lang='lat' dir='ltr'><strong>igitur</strong></span> <span class='ocrx_word' id='word_1_215' title='bbox 763 2757 817 2802; x_wconf 92' lang='lat' dir='ltr'><strong>et</strong></span> <span class='ocrx_word' id='word_1_216' title='bbox 843 2746 975 2802; x_wconf 90' lang='lat' dir='ltr'><strong>illud</strong></span> <span class='ocrx_word' id='word_1_217' title='bbox 1001 2746 1142 2818; x_wconf 92' lang='lat' dir='ltr'><strong>quod</strong></span> <span class='ocrx_word' id='word_1_218' title='bbox 1187 2747 1427 2802; x_wconf 83' lang='lat' dir='ltr'><strong>restabat</strong></span> <span class='ocrx_word' id='word_1_219' title='bbox 1455 2747 1614 2800; x_wconf 91' lang='lat' dir='ltr'><strong>simul</strong></span> <span class='ocrx_word' id='word_1_220' title='bbox 1645 2746 1868 2802; x_wconf 88' lang='lat' dir='ltr'><strong>demon-</strong></span> 
     </span>
    </p>
   </div>
   <div class='ocr_carea' id='block_1_29' title="bbox 281 2837 1870 2908">
    <p class='ocr_par' dir='ltr' id='par_1_29' title="bbox 281 2837 1870 2908">
     <span class='ocr_line' id='line_1_29' title="bbox 281 2837 1870 2908; baseline -0.002 -12"><span class='ocrx_word' id='word_1_221' title='bbox 281 2849 507 2896; x_wconf 83' lang='lat' dir='ltr'><strong>stratum</strong></span> <span class='ocrx_word' id='word_1_222' title='bbox 551 2850 660 2902; x_wconf 85' lang='lat' dir='ltr'><strong>est,</strong></span> <span class='ocrx_word' id='word_1_223' title='bbox 716 2838 977 2893; x_wconf 88' lang='lat' dir='ltr'><strong>translato</strong></span> <span class='ocrx_word' id='word_1_224' title='bbox 1051 2837 1390 2904; x_wconf 89' lang='lat' dir='ltr'><strong>sacerdotio,</strong></span> <span class='ocrx_word' id='word_1_225' title='bbox 1457 2838 1590 2907; x_wconf 81' lang='lat' dir='ltr'><strong>legis</strong></span> <span class='ocrx_word' id='word_1_226' title='bbox 1657 2853 1870 2908; x_wconf 88' lang='lat' dir='ltr'><strong>quoque</strong></span> 
     </span>
    </p>
   </div>
   <div class='ocr_carea' id='block_1_30' title="bbox 283 2929 1868 3000">
    <p class='ocr_par' dir='ltr' id='par_1_30' title="bbox 283 2929 1868 3000">
     <span class='ocr_line' id='line_1_30' title="bbox 283 2929 1868 3000; baseline -0.001 -15"><span class='ocrx_word' id='word_1_227' title='bbox 283 2929 688 2986; x_wconf 84' lang='lat' dir='ltr'><strong>translationem</strong></span> <span class='ocrx_word' id='word_1_228' title='bbox 719 2929 832 2985; x_wconf 87' lang='lat' dir='ltr'><strong>fieri</strong></span> <span class='ocrx_word' id='word_1_229' title='bbox 859 2945 953 3000; x_wconf 88' lang='lat' dir='ltr'><strong>par</strong></span> <span class='ocrx_word' id='word_1_230' title='bbox 979 2944 1122 2984; x_wconf 91' lang='lat' dir='ltr'><strong>esse.</strong></span> <span class='ocrx_word' id='word_1_231' title='bbox 1171 2931 1419 2984; x_wconf 85' lang='lat' dir='ltr'><strong>Attamen</strong></span> <span class='ocrx_word' id='word_1_232' title='bbox 1469 2937 1524 2984; x_wconf 94' lang='lat' dir='ltr'><strong>et</strong></span> <span class='ocrx_word' id='word_1_233' title='bbox 1563 2931 1666 2986; x_wconf 87' lang='lat' dir='ltr'><strong>hoc</strong></span> <span class='ocrx_word' id='word_1_234' title='bbox 1694 2931 1868 3000; x_wconf 92' lang='lat' dir='ltr'><strong>ipsum</strong></span> 
     </span>
    </p>
   </div>
   <div class='ocr_carea' id='block_1_31' title="bbox 282 3023 1870 3095">
    <p class='ocr_par' dir='ltr' id='par_1_31' title="bbox 282 3023 1870 3095">
     <span class='ocr_line' id='line_1_31' title="bbox 282 3023 1870 3095; baseline -0.001 -14"><span class='ocrx_word' id='word_1_235' title='bbox 282 3039 545 3094; x_wconf 80' lang='lat' dir='ltr'><strong>expresso</strong></span> <span class='ocrx_word' id='word_1_236' title='bbox 591 3023 783 3079; x_wconf 88' lang='lat' dir='ltr'><strong>licebat</strong></span> <span class='ocrx_word' id='word_1_237' title='bbox 829 3023 1198 3080; x_wconf 90' lang='lat' dir='ltr'><strong>demonstrare</strong></span> <span class='ocrx_word' id='word_1_238' title='bbox 1221 3065 1237 3092; x_wconf 93' lang='lat'><strong>,</strong></span> <span class='ocrx_word' id='word_1_239' title='bbox 1268 3024 1663 3095; x_wconf 89' lang='lat' dir='ltr'><strong>prophetasque</strong></span> <span class='ocrx_word' id='word_1_240' title='bbox 1703 3033 1870 3080; x_wconf 87' lang='lat' dir='ltr'><strong>testes</strong></span> 
     </span>
    </p>
   </div>
   <div class='ocr_carea' id='block_1_32' title="bbox 284 3117 1864 3188">
    <p class='ocr_par' dir='ltr' id='par_1_32' title="bbox 284 3117 1864 3188">
     <span class='ocr_line' id='line_1_32' title="bbox 284 3117 1864 3188; baseline -0.003 -13"><span class='ocrx_word' id='word_1_241' title='bbox 284 3135 474 3176; x_wconf 88' lang='lat' dir='ltr'><strong>rursus</strong></span> <span class='ocrx_word' id='word_1_242' title='bbox 499 3119 764 3175; x_wconf 85' lang='lat' dir='ltr'><strong>adducere</strong></span> <span class='ocrx_word' id='word_1_243' title='bbox 785 3118 1024 3175; x_wconf 90' lang='lat' dir='ltr'><strong>dicentes</strong></span> <span class='ocrx_word' id='word_1_244' title='bbox 1047 3159 1064 3186; x_wconf 95' lang='lat'><strong>,</strong></span> <span class='ocrx_word' id='word_1_245' title='bbox 1084 3119 1254 3188; x_wconf 89' lang='lat' dir='ltr'><strong>legem</strong></span> <span class='ocrx_word' id='word_1_246' title='bbox 1274 3132 1395 3173; x_wconf 90' lang='lat' dir='ltr'><strong>esse</strong></span> <span class='ocrx_word' id='word_1_247' title='bbox 1417 3117 1864 3184; x_wconf 87' lang='lat' dir='ltr'><strong>transferendam,</strong></span> 
     </span>
    </p>
   </div>
   <div class='ocr_carea' id='block_1_33' title="bbox 284 3209 1872 3284">
    <p class='ocr_par' dir='ltr' id='par_1_33' title="bbox 284 3209 1872 3284">
     <span class='ocr_line' id='line_1_33' title="bbox 284 3209 1872 3284; baseline -0.004 -14"><span class='ocrx_word' id='word_1_248' title='bbox 284 3213 674 3284; x_wconf 72' lang='lat' dir='ltr'><strong>etreipublicat</strong></span> <span class='ocrx_word' id='word_1_249' title='bbox 723 3220 918 3267; x_wconf 90' lang='lat' dir='ltr'><strong>statum</strong></span> <span class='ocrx_word' id='word_1_250' title='bbox 946 3213 1001 3266; x_wconf 89' lang='lat' dir='ltr'><strong>in</strong></span> <span class='ocrx_word' id='word_1_251' title='bbox 1027 3211 1218 3265; x_wconf 89' lang='lat' dir='ltr'><strong>melius</strong></span> <span class='ocrx_word' id='word_1_252' title='bbox 1265 3209 1768 3276; x_wconf 90' lang='lat' dir='ltr'><strong>transmutandum,</strong></span> <span class='ocrx_word' id='word_1_253' title='bbox 1817 3218 1872 3265; x_wconf 90' lang='lat' dir='ltr'><strong>et</strong></span> 
     </span>
    </p>
   </div>
   <div class='ocr_carea' id='block_1_34' title="bbox 287 3302 1668 3376">
    <p class='ocr_par' dir='ltr' id='par_1_34' title="bbox 287 3302 1668 3376">
     <span class='ocr_line' id='line_1_34' title="bbox 287 3302 1668 3376; baseline -0.004 -15"><span class='ocrx_word' id='word_1_254' title='bbox 287 3321 556 3376; x_wconf 84' lang='lat' dir='ltr'><strong>nunquam</strong></span> <span class='ocrx_word' id='word_1_255' title='bbox 582 3320 761 3375; x_wconf 81' lang='lat' dir='ltr'><strong>regem</strong></span> <span class='ocrx_word' id='word_1_256' title='bbox 788 3304 1020 3374; x_wconf 89' lang='lat' dir='ltr'><strong>aliquem</strong></span> <span class='ocrx_word' id='word_1_257' title='bbox 1045 3303 1289 3358; x_wconf 70' lang='lat' dir='ltr'><strong>Judaeum</strong></span> <span class='ocrx_word' id='word_1_258' title='bbox 1313 3302 1668 3357; x_wconf 77' lang='lat' dir='ltr'><strong>exoriturum.</strong></span> 
     </span>
    </p>
   </div>
   <div class='ocr_carea' id='block_1_35' title="bbox 360 3385 1870 3455">
    <p class='ocr_par' dir='ltr' id='par_1_35' title="bbox 360 3385 1870 3455">
     <span class='ocr_line' id='line_1_35' title="bbox 360 3385 1870 3455; baseline -0.001 -12"><span class='ocrx_word' id='word_1_259' title='bbox 360 3389 577 3443; x_wconf 78' lang='lat' dir='ltr'><strong>Moralis</strong></span> <span class='ocrx_word' id='word_1_260' title='bbox 605 3388 886 3444; x_wconf 76' lang='lat' dir='ltr'><strong>exhortatio</strong></span> <span class='ocrx_word' id='word_1_261' title='bbox 930 3387 997 3441; x_wconf 91' lang='lat' dir='ltr'><strong>ad</strong></span> <span class='ocrx_word' id='word_1_262' title='bbox 1035 3387 1393 3441; x_wconf 87' lang='lat' dir='ltr'><strong>correctionem</strong></span> <span class='ocrx_word' id='word_1_263' title='bbox 1426 3385 1870 3455; x_wconf 70' lang='lat' dir='ltr'><strong>fratrum—Ve-</strong></span> 
     </span>
    </p>
   </div>
   <div class='ocr_carea' id='block_1_36' title="bbox 290 3476 1873 3552">
    <p class='ocr_par' dir='ltr' id='par_1_36' title="bbox 290 3476 1873 3552">
     <span class='ocr_line' id='line_1_36' title="bbox 290 3476 1873 3552; baseline -0.004 -15"><span class='ocrx_word' id='word_1_264' title='bbox 290 3499 407 3538; x_wconf 88' lang='lat' dir='ltr'><strong>rum</strong></span> <span class='ocrx_word' id='word_1_265' title='bbox 435 3481 686 3552; x_wconf 91' lang='lat' dir='ltr'><strong>quoniam</strong></span> <span class='ocrx_word' id='word_1_266' title='bbox 730 3487 932 3534; x_wconf 91' lang='lat' dir='ltr'><strong>tantum</strong></span> <span class='ocrx_word' id='word_1_267' title='bbox 972 3486 1057 3534; x_wconf 90' lang='lat' dir='ltr'><strong>est</strong></span> <span class='ocrx_word' id='word_1_268' title='bbox 1098 3476 1408 3543; x_wconf 86' lang='lat' dir='ltr'><strong>dicendum,</strong></span> <span class='ocrx_word' id='word_1_269' title='bbox 1438 3485 1693 3546; x_wconf 87' lang='lat' dir='ltr'><strong>quantum</strong></span> <span class='ocrx_word' id='word_1_270' title='bbox 1722 3476 1873 3530; x_wconf 92' lang='lat' dir='ltr'><strong>audi-</strong></span> 
     </span>
    </p>
   </div>
   <div class='ocr_carea' id='block_1_37' title="bbox 292 3567 1868 3643">
    <p class='ocr_par' dir='ltr' id='par_1_37' title="bbox 292 3567 1868 3643">
     <span class='ocr_line' id='line_1_37' title="bbox 292 3567 1868 3643; baseline -0.004 -17"><span class='ocrx_word' id='word_1_271' title='bbox 292 3585 376 3626; x_wconf 92' lang='lat' dir='ltr'><strong>tor</strong></span> <span class='ocrx_word' id='word_1_272' title='bbox 395 3572 564 3643; x_wconf 89' lang='lat' dir='ltr'><strong>possit</strong></span> <span class='ocrx_word' id='word_1_273' title='bbox 586 3585 799 3640; x_wconf 89' lang='lat' dir='ltr'><strong>capere,</strong></span> <span class='ocrx_word' id='word_1_274' title='bbox 829 3583 930 3625; x_wconf 92' lang='lat' dir='ltr'><strong>nec</strong></span> <span class='ocrx_word' id='word_1_275' title='bbox 959 3569 1136 3624; x_wconf 90' lang='lat' dir='ltr'><strong>omnia</strong></span> <span class='ocrx_word' id='word_1_276' title='bbox 1167 3567 1327 3622; x_wconf 90' lang='lat' dir='ltr'><strong>simul</strong></span> <span class='ocrx_word' id='word_1_277' title='bbox 1353 3609 1368 3634; x_wconf 93' lang='lat'><strong>,</strong></span> <span class='ocrx_word' id='word_1_278' title='bbox 1400 3581 1500 3622; x_wconf 91' lang='lat' dir='ltr'><strong>nec</strong></span> <span class='ocrx_word' id='word_1_279' title='bbox 1535 3567 1827 3622; x_wconf 86' lang='lat' dir='ltr'><strong>acervatim</strong></span> <span class='ocrx_word' id='word_1_280' title='bbox 1855 3584 1868 3620; x_wconf 87' lang='lat'><strong>:</strong></span> 
     </span>
    </p>
   </div>
   <div class='ocr_carea' id='block_1_38' title="bbox 291 3657 1873 3732">
    <p class='ocr_par' dir='ltr' id='par_1_38' title="bbox 291 3657 1873 3732">
     <span class='ocr_line' id='line_1_38' title="bbox 291 3657 1873 3732; baseline -0.004 -12"><span class='ocrx_word' id='word_1_281' title='bbox 291 3664 396 3720; x_wconf 89' lang='lat' dir='ltr'><strong>illis</strong></span> <span class='ocrx_word' id='word_1_282' title='bbox 428 3663 478 3717; x_wconf 92' lang='lat' dir='ltr'><strong>in</strong></span> <span class='ocrx_word' id='word_1_283' title='bbox 510 3661 654 3717; x_wconf 82' lang='lat' dir='ltr'><strong>aliud</strong></span> <span class='ocrx_word' id='word_1_284' title='bbox 687 3670 898 3732; x_wconf 89' lang='lat' dir='ltr'><strong>tempus</strong></span> <span class='ocrx_word' id='word_1_285' title='bbox 931 3661 1220 3717; x_wconf 87' lang='lat' dir='ltr'><strong>reservatis</strong></span> <span class='ocrx_word' id='word_1_286' title='bbox 1247 3701 1260 3726; x_wconf 94' lang='lat'><strong>,</strong></span> <span class='ocrx_word' id='word_1_287' title='bbox 1303 3659 1390 3714; x_wconf 91' lang='lat' dir='ltr'><strong>hic</strong></span> <span class='ocrx_word' id='word_1_288' title='bbox 1417 3673 1720 3714; x_wconf 89' lang='lat' dir='ltr'><strong>sermonem</strong></span> <span class='ocrx_word' id='word_1_289' title='bbox 1750 3657 1873 3713; x_wconf 85' lang='lat' dir='ltr'><strong>ﬁni-</strong></span> 
     </span>
    </p>
   </div>
   <div class='ocr_carea' id='block_1_39' title="bbox 293 3749 1875 3819">
    <p class='ocr_par' dir='ltr' id='par_1_39' title="bbox 293 3749 1875 3819">
     <span class='ocr_line' id='line_1_39' title="bbox 293 3749 1875 3819; baseline -0.002 -12"><span class='ocrx_word' id='word_1_290' title='bbox 293 3767 476 3819; x_wconf 78' lang='lat' dir='ltr'><strong>emus,</strong></span> <span class='ocrx_word' id='word_1_291' title='bbox 504 3752 847 3808; x_wconf 74' lang='lat' dir='ltr'><strong>exhortantes</strong></span> <span class='ocrx_word' id='word_1_292' title='bbox 883 3759 1118 3806; x_wconf 83' lang='lat' dir='ltr'><strong>vestram</strong></span> <span class='ocrx_word' id='word_1_293' title='bbox 1158 3749 1456 3814; x_wconf 87' lang='lat' dir='ltr'><strong>caritatem,</strong></span> <span class='ocrx_word' id='word_1_294' title='bbox 1484 3757 1541 3804; x_wconf 91' lang='lat' dir='ltr'><strong>ut</strong></span> <span class='ocrx_word' id='word_1_295' title='bbox 1567 3749 1875 3804; x_wconf 86' lang='lat' dir='ltr'><strong>memineri-</strong></span> 
     </span>
    </p>
   </div>
   <div class='ocr_carea' id='block_1_40' title="bbox 294 3840 1875 3912">
    <p class='ocr_par' dir='ltr' id='par_1_40' title="bbox 294 3840 1875 3912">
     <span class='ocr_line' id='line_1_40' title="bbox 294 3840 1875 3912; baseline 0 -17"><span class='ocrx_word' id='word_1_296' title='bbox 294 3843 364 3897; x_wconf 89' lang='lat' dir='ltr'><strong>tis</strong></span> <span class='ocrx_word' id='word_1_297' title='bbox 387 3857 571 3898; x_wconf 90' lang='lat' dir='ltr'><strong>eorum</strong></span> <span class='ocrx_word' id='word_1_298' title='bbox 593 3857 710 3912; x_wconf 75' lang='lat' dir='ltr'><strong>qua:</strong></span> <span class='ocrx_word' id='word_1_299' title='bbox 738 3841 878 3897; x_wconf 88' lang='lat' dir='ltr'><strong>dicta</strong></span> <span class='ocrx_word' id='word_1_300' title='bbox 900 3849 1052 3904; x_wconf 89' lang='lat' dir='ltr'><strong>sunt,</strong></span> <span class='ocrx_word' id='word_1_301' title='bbox 1083 3847 1138 3895; x_wconf 90' lang='lat' dir='ltr'><strong>et</strong></span> <span class='ocrx_word' id='word_1_302' title='bbox 1165 3840 1279 3896; x_wconf 64' lang='lat' dir='ltr'><strong>haec</strong></span> <span class='ocrx_word' id='word_1_303' title='bbox 1300 3840 1406 3894; x_wconf 92' lang='lat' dir='ltr'><strong>illis</strong></span> <span class='ocrx_word' id='word_1_304' title='bbox 1426 3855 1546 3910; x_wconf 73' lang='lat' dir='ltr'><strong>qua:</strong></span> <span class='ocrx_word' id='word_1_305' title='bbox 1567 3841 1714 3910; x_wconf 90' lang='lat' dir='ltr'><strong>prius</strong></span> <span class='ocrx_word' id='word_1_306' title='bbox 1735 3840 1875 3896; x_wconf 88' lang='lat' dir='ltr'><strong>dicta</strong></span> 
     </span>
    </p>
   </div>
   <div class='ocr_carea' id='block_1_41' title="bbox 293 3931 1872 4002">
    <p class='ocr_par' dir='ltr' id='par_1_41' title="bbox 293 3931 1872 4002">
     <span class='ocr_line' id='line_1_41' title="bbox 293 3931 1872 4002; baseline -0.004 -10"><span class='ocrx_word' id='word_1_307' title='bbox 293 3941 420 3992; x_wconf 82' lang='lat' dir='ltr'><strong>sunt</strong></span> <span class='ocrx_word' id='word_1_308' title='bbox 443 3933 740 3988; x_wconf 87' lang='lat' dir='ltr'><strong>annectatis</strong></span> <span class='ocrx_word' id='word_1_309' title='bbox 762 3972 778 3999; x_wconf 89' lang='lat'><strong>,</strong></span> <span class='ocrx_word' id='word_1_310' title='bbox 804 3933 1052 4002; x_wconf 85' lang='lat' dir='ltr'><strong>quodque</strong></span> <span class='ocrx_word' id='word_1_311' title='bbox 1073 3933 1220 4002; x_wconf 92' lang='lat' dir='ltr'><strong>prius</strong></span> <span class='ocrx_word' id='word_1_312' title='bbox 1245 3931 1550 4001; x_wconf 84' lang='lat' dir='ltr'><strong>rogavimus</strong></span> <span class='ocrx_word' id='word_1_313' title='bbox 1573 3973 1588 4000; x_wconf 91' lang='lat'><strong>,</strong></span> <span class='ocrx_word' id='word_1_314' title='bbox 1621 3931 1766 3987; x_wconf 90' lang='lat' dir='ltr'><strong>idem</strong></span> <span class='ocrx_word' id='word_1_315' title='bbox 1814 3939 1872 3988; x_wconf 90' lang='lat' dir='ltr'><strong>et</strong></span> 
     </span>
    </p>
   </div>
   <div class='ocr_carea' id='block_1_42' title="bbox 291 4023 1878 4096">
    <p class='ocr_par' dir='ltr' id='par_1_42' title="bbox 291 4023 1878 4096">
     <span class='ocr_line' id='line_1_42' title="bbox 291 4023 1878 4096; baseline -0.001 -15"><span class='ocrx_word' id='word_1_316' title='bbox 291 4040 438 4081; x_wconf 89' lang='lat' dir='ltr'><strong>nunc</strong></span> <span class='ocrx_word' id='word_1_317' title='bbox 462 4039 710 4096; x_wconf 87' lang='lat' dir='ltr'><strong>rogamus</strong></span> <span class='ocrx_word' id='word_1_318' title='bbox 732 4064 747 4089; x_wconf 92' lang='lat'><strong>,</strong></span> <span class='ocrx_word' id='word_1_319' title='bbox 776 4033 834 4079; x_wconf 92' lang='lat' dir='ltr'><strong>ut</strong></span> <span class='ocrx_word' id='word_1_320' title='bbox 857 4023 1052 4079; x_wconf 87' lang='lat' dir='ltr'><strong>fratres</strong></span> <span class='ocrx_word' id='word_1_321' title='bbox 1080 4033 1290 4079; x_wconf 90' lang='lat' dir='ltr'><strong>vestros</strong></span> <span class='ocrx_word' id='word_1_322' title='bbox 1327 4023 1596 4079; x_wconf 90' lang='lat' dir='ltr'><strong>reducatis</strong></span> <span class='ocrx_word' id='word_1_323' title='bbox 1631 4024 1700 4080; x_wconf 91' lang='lat' dir='ltr'><strong>ad</strong></span> <span class='ocrx_word' id='word_1_324' title='bbox 1727 4024 1878 4080; x_wconf 84' lang='lat' dir='ltr'><strong>salu-</strong></span> 
     </span>
    </p>
   </div>
   <div class='ocr_carea' id='block_1_43' title="bbox 296 4116 1879 4188">
    <p class='ocr_par' dir='ltr' id='par_1_43' title="bbox 296 4116 1879 4188">
     <span class='ocr_line' id='line_1_43' title="bbox 296 4116 1879 4188; baseline 0.001 -16"><span class='ocrx_word' id='word_1_325' title='bbox 296 4127 404 4174; x_wconf 87' lang='lat' dir='ltr'><strong>tem</strong></span> <span class='ocrx_word' id='word_1_326' title='bbox 425 4159 442 4184; x_wconf 94' lang='lat'><strong>,</strong></span> <span class='ocrx_word' id='word_1_327' title='bbox 470 4125 528 4173; x_wconf 90' lang='lat' dir='ltr'><strong>et</strong></span> <span class='ocrx_word' id='word_1_328' title='bbox 550 4118 771 4173; x_wconf 89' lang='lat' dir='ltr'><strong>multam</strong></span> <span class='ocrx_word' id='word_1_329' title='bbox 797 4116 1207 4172; x_wconf 87' lang='lat' dir='ltr'><strong>sollicitudinem</strong></span> <span class='ocrx_word' id='word_1_330' title='bbox 1237 4116 1476 4172; x_wconf 88' lang='lat' dir='ltr'><strong>habeatis</strong></span> <span class='ocrx_word' id='word_1_331' title='bbox 1501 4131 1598 4188; x_wconf 83' lang='lat' dir='ltr'><strong>pro</strong></span> <span class='ocrx_word' id='word_1_332' title='bbox 1622 4118 1879 4174; x_wconf 89' lang='lat' dir='ltr'><strong>membris</strong></span> 
     </span>
    </p>
   </div>
   <div class='ocr_carea' id='block_1_44' title="bbox 297 4207 1882 4279">
    <p class='ocr_par' dir='ltr' id='par_1_44' title="bbox 297 4207 1882 4279">
     <span class='ocr_line' id='line_1_44' title="bbox 297 4207 1882 4279; baseline 0.001 -16"><span class='ocrx_word' id='word_1_333' title='bbox 297 4208 576 4279; x_wconf 89' lang='lat' dir='ltr'><strong>neglectis.</strong></span> <span class='ocrx_word' id='word_1_334' title='bbox 605 4209 828 4277; x_wconf 89' lang='lat' dir='ltr'><strong>Propter</strong></span> <span class='ocrx_word' id='word_1_335' title='bbox 848 4209 950 4263; x_wconf 88' lang='lat' dir='ltr'><strong>hoc</strong></span> <span class='ocrx_word' id='word_1_336' title='bbox 972 4207 1118 4262; x_wconf 84' lang='lat' dir='ltr'><strong>enim</strong></span> <span class='ocrx_word' id='word_1_337' title='bbox 1143 4221 1245 4263; x_wconf 88' lang='lat' dir='ltr'><strong>nos</strong></span> <span class='ocrx_word' id='word_1_338' title='bbox 1270 4215 1474 4263; x_wconf 89' lang='lat' dir='ltr'><strong>tantum</strong></span> <span class='ocrx_word' id='word_1_339' title='bbox 1497 4207 1740 4264; x_wconf 90' lang='lat' dir='ltr'><strong>laborum</strong></span> <span class='ocrx_word' id='word_1_340' title='bbox 1762 4223 1882 4264; x_wconf 89' lang='lat' dir='ltr'><strong>sus-</strong></span> 
     </span>
    </p>
   </div>
   <div class='ocr_carea' id='block_1_45' title="bbox 297 4290 1880 4373">
    <p class='ocr_par' dir='ltr' id='par_1_45' title="bbox 297 4290 1880 4373">
     <span class='ocr_line' id='line_1_45' title="bbox 297 4290 1880 4373; baseline 0 -17"><span class='ocrx_word' id='word_1_341' title='bbox 297 4303 553 4370; x_wconf 86' lang='lat' dir='ltr'><strong>cipimus,</strong></span> <span class='ocrx_word' id='word_1_342' title='bbox 587 4315 692 4354; x_wconf 90' lang='lat' dir='ltr'><strong>non</strong></span> <span class='ocrx_word' id='word_1_343' title='bbox 737 4306 793 4352; x_wconf 93' lang='lat' dir='ltr'><strong>ut</strong></span> <span class='ocrx_word' id='word_1_344' title='bbox 838 4298 1038 4353; x_wconf 73' lang='lat' dir='ltr'><strong>frusua</strong></span> <span class='ocrx_word' id='word_1_345' title='bbox 1078 4299 1379 4367; x_wconf 86' lang='lat' dir='ltr'><strong>loquamur,</strong></span> <span class='ocrx_word' id='word_1_346' title='bbox 1421 4313 1591 4368; x_wconf 88' lang='lat' dir='ltr'><strong>neque</strong></span> <span class='ocrx_word' id='word_1_347' title='bbox 1627 4310 1686 4358; x_wconf 85' lang='lat' dir='ltr'><strong>ut</strong></span> <span class='ocrx_word' id='word_1_348' title='bbox 1725 4290 1880 4373; x_wconf 83' lang='lat' dir='ltr'><strong>plau-</strong></span> 
     </span>
    </p>
   </div>
   <div class='ocr_carea' id='block_1_46' title="bbox 300 4389 1884 4461">
    <p class='ocr_par' dir='ltr' id='par_1_46' title="bbox 300 4389 1884 4461">
     <span class='ocr_line' id='line_1_46' title="bbox 300 4389 1884 4461; baseline -0.001 -13"><span class='ocrx_word' id='word_1_349' title='bbox 300 4407 424 4449; x_wconf 88' lang='lat' dir='ltr'><strong>sum</strong></span> <span class='ocrx_word' id='word_1_350' title='bbox 453 4391 846 4461; x_wconf 85' lang='lat' dir='ltr'><strong>strepitumque</strong></span> <span class='ocrx_word' id='word_1_351' title='bbox 869 4389 1184 4458; x_wconf 86' lang='lat' dir='ltr'><strong>referamus,</strong></span> <span class='ocrx_word' id='word_1_352' title='bbox 1208 4390 1303 4444; x_wconf 89' lang='lat' dir='ltr'><strong>sed</strong></span> <span class='ocrx_word' id='word_1_353' title='bbox 1330 4399 1388 4445; x_wconf 92' lang='lat' dir='ltr'><strong>ut</strong></span> <span class='ocrx_word' id='word_1_354' title='bbox 1413 4393 1623 4447; x_wconf 87' lang='lat' dir='ltr'><strong>avulsos</strong></span> <span class='ocrx_word' id='word_1_355' title='bbox 1651 4392 1717 4446; x_wconf 89' lang='lat' dir='ltr'><strong>ad</strong></span> <span class='ocrx_word' id='word_1_356' title='bbox 1742 4393 1884 4448; x_wconf 88' lang='lat' dir='ltr'><strong>viam</strong></span> 
     </span>
    </p>
   </div>
   <div class='ocr_carea' id='block_1_47' title="bbox 300 4479 1888 4549">
    <p class='ocr_par' dir='ltr' id='par_1_47' title="bbox 300 4479 1888 4549">
     <span class='ocr_line' id='line_1_47' title="bbox 300 4479 1888 4549; baseline -0.001 -11"><span class='ocrx_word' id='word_1_357' title='bbox 300 4483 548 4539; x_wconf 75' lang='lat' dir='ltr'><strong>veritatis</strong></span> <span class='ocrx_word' id='word_1_358' title='bbox 575 4481 912 4536; x_wconf 87' lang='lat' dir='ltr'><strong>reducamus.</strong></span> <span class='ocrx_word' id='word_1_359' title='bbox 943 4479 1022 4534; x_wconf 85' lang='lat' dir='ltr'><strong>Ac</strong></span> <span class='ocrx_word' id='word_1_360' title='bbox 1043 4495 1110 4533; x_wconf 89' lang='lat' dir='ltr'><strong>ne</strong></span> <span class='ocrx_word' id='word_1_361' title='bbox 1140 4479 1262 4549; x_wconf 90' lang='lat' dir='ltr'><strong>quis</strong></span> <span class='ocrx_word' id='word_1_362' title='bbox 1292 4479 1423 4534; x_wconf 89' lang='lat' dir='ltr'><strong>mihi</strong></span> <span class='ocrx_word' id='word_1_363' title='bbox 1446 4479 1754 4545; x_wconf 90' lang='lat' dir='ltr'><strong>dicat,nihil</strong></span> <span class='ocrx_word' id='word_1_364' title='bbox 1783 4483 1888 4537; x_wconf 83' lang='lat' dir='ltr'><strong>mi-</strong></span> 
     </span>
    </p>
   </div>
   <div class='ocr_carea' id='block_1_48' title="bbox 305 4570 1889 4642">
    <p class='ocr_par' dir='ltr' id='par_1_48' title="bbox 305 4570 1889 4642">
     <span class='ocr_line' id='line_1_48' title="bbox 305 4570 1889 4642; baseline 0 -13"><span class='ocrx_word' id='word_1_365' title='bbox 305 4574 364 4631; x_wconf 85' lang='lat' dir='ltr'><strong>hi</strong></span> <span class='ocrx_word' id='word_1_366' title='bbox 411 4588 532 4629; x_wconf 90' lang='lat' dir='ltr'><strong>cum</strong></span> <span class='ocrx_word' id='word_1_367' title='bbox 559 4586 627 4628; x_wconf 90' lang='lat' dir='ltr'><strong>eo</strong></span> <span class='ocrx_word' id='word_1_368' title='bbox 653 4581 735 4627; x_wconf 90' lang='lat' dir='ltr'><strong>est</strong></span> <span class='ocrx_word' id='word_1_369' title='bbox 779 4571 1001 4642; x_wconf 87' lang='lat' dir='ltr'><strong>negotii,</strong></span> <span class='ocrx_word' id='word_1_370' title='bbox 1032 4570 1236 4624; x_wconf 90' lang='lat' dir='ltr'><strong>utinam</strong></span> <span class='ocrx_word' id='word_1_371' title='bbox 1285 4571 1559 4639; x_wconf 87' lang='lat' dir='ltr'><strong>contingat</strong></span> <span class='ocrx_word' id='word_1_372' title='bbox 1597 4572 1730 4627; x_wconf 88' lang='lat' dir='ltr'><strong>mihi</strong></span> <span class='ocrx_word' id='word_1_373' title='bbox 1768 4588 1889 4629; x_wconf 91' lang='lat' dir='ltr'><strong>mea</strong></span> 
     </span>
    </p>
   </div>
   <div class='ocr_carea' id='block_1_49' title="bbox 303 4661 1890 4737">
    <p class='ocr_par' dir='ltr' id='par_1_49' title="bbox 303 4661 1890 4737">
     <span class='ocr_line' id='line_1_49' title="bbox 303 4661 1890 4737; baseline -0.001 -16"><span class='ocrx_word' id='word_1_374' title='bbox 303 4665 476 4734; x_wconf 90' lang='lat' dir='ltr'><strong>ipsius</strong></span> <span class='ocrx_word' id='word_1_375' title='bbox 503 4664 716 4736; x_wconf 86' lang='lat' dir='ltr'><strong>negotia</strong></span> <span class='ocrx_word' id='word_1_376' title='bbox 747 4675 896 4720; x_wconf 87' lang='lat' dir='ltr'><strong>recte</strong></span> <span class='ocrx_word' id='word_1_377' title='bbox 918 4663 1138 4734; x_wconf 86' lang='lat' dir='ltr'><strong>gerere!</strong></span> <span class='ocrx_word' id='word_1_378' title='bbox 1166 4661 1336 4718; x_wconf 87' lang='lat' dir='ltr'><strong>Nemo</strong></span> <span class='ocrx_word' id='word_1_379' title='bbox 1357 4675 1510 4718; x_wconf 88' lang='lat' dir='ltr'><strong>suum</strong></span> <span class='ocrx_word' id='word_1_380' title='bbox 1541 4664 1704 4733; x_wconf 89' lang='lat' dir='ltr'><strong>ipsius</strong></span> <span class='ocrx_word' id='word_1_381' title='bbox 1730 4680 1890 4737; x_wconf 75' lang='lat' dir='ltr'><strong>nego-</strong></span> 
     </span>
    </p>
   </div>
   <div class='ocr_carea' id='block_1_50' title="bbox 307 4755 1891 4830">
    <p class='ocr_par' dir='ltr' id='par_1_50' title="bbox 307 4755 1891 4830">
     <span class='ocr_line' id='line_1_50' title="bbox 307 4755 1891 4830; baseline -0.001 -17"><span class='ocrx_word' id='word_1_382' title='bbox 307 4758 441 4814; x_wconf 91' lang='lat' dir='ltr'><strong>tium</strong></span> <span class='ocrx_word' id='word_1_383' title='bbox 470 4766 616 4814; x_wconf 88' lang='lat' dir='ltr'><strong>recte</strong></span> <span class='ocrx_word' id='word_1_384' title='bbox 646 4772 834 4830; x_wconf 82' lang='lat' dir='ltr'><strong>gerere</strong></span> <span class='ocrx_word' id='word_1_385' title='bbox 862 4765 1058 4827; x_wconf 87' lang='lat' dir='ltr'><strong>potest,</strong></span> <span class='ocrx_word' id='word_1_386' title='bbox 1085 4755 1328 4825; x_wconf 88' lang='lat' dir='ltr'><strong>neglecta</strong></span> <span class='ocrx_word' id='word_1_387' title='bbox 1377 4755 1600 4822; x_wconf 81' lang='lat' dir='ltr'><strong>proximi</strong></span> <span class='ocrx_word' id='word_1_388' title='bbox 1641 4755 1891 4812; x_wconf 88' lang='lat' dir='ltr'><strong>dilectio-</strong></span> 
     </span>
    </p>
   </div>
   <div class='ocr_carea' id='block_1_51' title="bbox 307 4845 1890 4912">
    <p class='ocr_par' dir='ltr' id='par_1_51' title="bbox 307 4845 1890 4912">
     <span class='ocr_line' id='line_1_51' title="bbox 307 4845 1890 4912; baseline -0.004 -4"><span class='ocrx_word' id='word_1_389' title='bbox 307 4866 380 4908; x_wconf 86' lang='lat' dir='ltr'><strong>ne</strong></span> <span class='ocrx_word' id='word_1_390' title='bbox 419 4857 478 4907; x_wconf 84' lang='lat' dir='ltr'><strong>et</strong></span> <span class='ocrx_word' id='word_1_391' title='bbox 515 4849 724 4906; x_wconf 88' lang='lat' dir='ltr'><strong>salute:</strong></span> <span class='ocrx_word' id='word_1_392' title='bbox 749 4849 869 4905; x_wconf 88' lang='lat' dir='ltr'><strong>ideo</strong></span> <span class='ocrx_word' id='word_1_393' title='bbox 892 4858 946 4905; x_wconf 89' lang='lat' dir='ltr'><strong>et</strong></span> <span class='ocrx_word' id='word_1_394' title='bbox 986 4848 1183 4903; x_wconf 89' lang='lat' dir='ltr'><strong>Paulus</strong></span> <span class='ocrx_word' id='word_1_395' title='bbox 1229 4847 1344 4902; x_wconf 91' lang='lat' dir='ltr'><strong>ait:</strong></span> <span class='ocrx_word' id='word_1_396' title='bbox 1373 4845 1538 4900; x_wconf 86' lang='lat' dir='ltr'><strong>Nemo</strong></span> <span class='ocrx_word' id='word_1_397' title='bbox 1566 4846 1702 4912; x_wconf 85' lang='lat' dir='ltr'><strong>quod</strong></span> <span class='ocrx_word' id='word_1_398' title='bbox 1737 4863 1890 4901; x_wconf 89' lang='lat' dir='ltr'><strong>suum</strong></span> 
     </span>
    </p>
   </div>
   <div class='ocr_carea' id='block_1_52' title="bbox 309 4932 1891 5013">
    <p class='ocr_par' dir='ltr' id='par_1_52' title="bbox 309 4932 1891 5013">
     <span class='ocr_line' id='line_1_52' title="bbox 309 4932 1891 5013; baseline -0.003 -14"><span class='ocrx_word' id='word_1_399' title='bbox 309 4954 384 4999; x_wconf 83' lang='lat' dir='ltr'><strong>est</strong></span> <span class='ocrx_word' id='word_1_400' title='bbox 403 4953 621 5012; x_wconf 74' lang='lat' dir='ltr'><strong>quierat,</strong></span> <span class='ocrx_word' id='word_1_401' title='bbox 646 4944 734 4997; x_wconf 87' lang='lat' dir='ltr'><strong>sed</strong></span> <span class='ocrx_word' id='word_1_402' title='bbox 761 4943 975 5013; x_wconf 87' lang='lat' dir='ltr'><strong>quisque</strong></span> <span class='ocrx_word' id='word_1_403' title='bbox 1012 4940 1148 5011; x_wconf 88' lang='lat' dir='ltr'><strong>quod</strong></span> <span class='ocrx_word' id='word_1_404' title='bbox 1194 4932 1493 5002; x_wconf 82' lang='lat' dir='ltr'><strong>alterius(l.</strong></span> <span class='ocrx_word' id='word_1_405' title='bbox 1518 4932 1641 4996; x_wconf 88' lang='lat' dir='ltr'><strong>Cor.</strong></span> <span class='ocrx_word' id='word_1_406' title='bbox 1659 4938 1747 4995; x_wconf 90' lang='grc'><strong>10.</strong></span> <span class='ocrx_word' id='word_1_407' title='bbox 1774 4941 1891 5010; x_wconf 70' lang='grc'><strong>24),</strong></span> 
     </span>
    </p>
   </div>
   <div class='ocr_carea' id='block_1_53' title="bbox 310 5030 1892 5106">
    <p class='ocr_par' dir='ltr' id='par_1_53' title="bbox 310 5030 1892 5106">
     <span class='ocr_line' id='line_1_53' title="bbox 310 5030 1892 5106; baseline -0.006 -11"><span class='ocrx_word' id='word_1_408' title='bbox 310 5039 515 5100; x_wconf 82' lang='lat' dir='ltr'><strong>sciens,</strong></span> <span class='ocrx_word' id='word_1_409' title='bbox 537 5035 678 5106; x_wconf 91' lang='lat' dir='ltr'><strong>quod</strong></span> <span class='ocrx_word' id='word_1_410' title='bbox 704 5048 802 5089; x_wconf 91' lang='lat' dir='ltr'><strong>sua</strong></span> <span class='ocrx_word' id='word_1_411' title='bbox 821 5033 1078 5102; x_wconf 88' lang='lat' dir='ltr'><strong>cujusque</strong></span> <span class='ocrx_word' id='word_1_412' title='bbox 1096 5032 1298 5087; x_wconf 88' lang='lat' dir='ltr'><strong>utilitas</strong></span> <span class='ocrx_word' id='word_1_413' title='bbox 1324 5032 1374 5085; x_wconf 93' lang='lat' dir='ltr'><strong>in</strong></span> <span class='ocrx_word' id='word_1_414' title='bbox 1403 5030 1636 5100; x_wconf 77' lang='lat' dir='ltr'><strong>proximi</strong></span> <span class='ocrx_word' id='word_1_415' title='bbox 1662 5031 1892 5086; x_wconf 84' lang='lat' dir='ltr'><strong>utilitate</strong></span> 
     </span>
    </p>
   </div>
   <div class='ocr_carea' id='block_1_54' title="bbox 312 5121 1896 5190">
    <p class='ocr_par' dir='ltr' id='par_1_54' title="bbox 312 5121 1896 5190">
     <span class='ocr_line' id='line_1_54' title="bbox 312 5121 1896 5190; baseline -0.004 -5"><span class='ocrx_word' id='word_1_416' title='bbox 312 5129 414 5185; x_wconf 83' lang='lat' dir='ltr'><strong>sita</strong></span> <span class='ocrx_word' id='word_1_417' title='bbox 442 5135 546 5184; x_wconf 89' lang='lat' dir='ltr'><strong>est.</strong></span> <span class='ocrx_word' id='word_1_418' title='bbox 582 5126 755 5182; x_wconf 89' lang='lat' dir='ltr'><strong>Sanus</strong></span> <span class='ocrx_word' id='word_1_419' title='bbox 784 5139 842 5180; x_wconf 74' lang='lat' dir='ltr'><strong>es</strong></span> <span class='ocrx_word' id='word_1_420' title='bbox 870 5134 946 5190; x_wconf 89' lang='lat' dir='ltr'><strong>tu,</strong></span> <span class='ocrx_word' id='word_1_421' title='bbox 966 5124 1060 5179; x_wconf 88' lang='lat' dir='ltr'><strong>sed</strong></span> <span class='ocrx_word' id='word_1_422' title='bbox 1087 5122 1254 5178; x_wconf 81' lang='lat' dir='ltr'><strong>frater</strong></span> <span class='ocrx_word' id='word_1_423' title='bbox 1283 5132 1404 5177; x_wconf 89' lang='lat' dir='ltr'><strong>tuus</strong></span> <span class='ocrx_word' id='word_1_424' title='bbox 1448 5121 1767 5178; x_wconf 84' lang='lat' dir='ltr'><strong>infirmatur.</strong></span> <span class='ocrx_word' id='word_1_425' title='bbox 1793 5122 1896 5178; x_wconf 83' lang='lat' dir='ltr'><strong>lla-</strong></span> 
     </span>
    </p>
   </div>
   <div class='ocr_carea' id='block_1_55' title="bbox 314 5213 1897 5288">
    <p class='ocr_par' dir='ltr' id='par_1_55' title="bbox 314 5213 1897 5288">
     <span class='ocr_line' id='line_1_55' title="bbox 314 5213 1897 5288; baseline -0.003 -16"><span class='ocrx_word' id='word_1_426' title='bbox 314 5233 416 5288; x_wconf 88' lang='lat' dir='ltr'><strong>que</strong></span> <span class='ocrx_word' id='word_1_427' title='bbox 440 5219 484 5273; x_wconf 91' lang='lat' dir='ltr'><strong>si</strong></span> <span class='ocrx_word' id='word_1_428' title='bbox 513 5231 640 5272; x_wconf 82' lang='lat' dir='ltr'><strong>vere</strong></span> <span class='ocrx_word' id='word_1_429' title='bbox 670 5214 926 5271; x_wconf 86' lang='lat' dir='ltr'><strong>sollicitus</strong></span> <span class='ocrx_word' id='word_1_430' title='bbox 953 5213 1118 5268; x_wconf 89' lang='lat' dir='ltr'><strong>fueris</strong></span> <span class='ocrx_word' id='word_1_431' title='bbox 1143 5228 1238 5282; x_wconf 89' lang='lat' dir='ltr'><strong>pro</strong></span> <span class='ocrx_word' id='word_1_432' title='bbox 1267 5222 1576 5282; x_wconf 68' lang='lat' dir='ltr'><strong>aegretante,</strong></span> <span class='ocrx_word' id='word_1_433' title='bbox 1601 5215 1769 5284; x_wconf 89' lang='lat' dir='ltr'><strong>magis</strong></span> <span class='ocrx_word' id='word_1_434' title='bbox 1801 5213 1897 5269; x_wconf 92' lang='lat' dir='ltr'><strong>do-</strong></span> 
     </span>
    </p>
   </div>
   <div class='ocr_carea' id='block_1_56' title="bbox 315 5303 1898 5376">
    <p class='ocr_par' dir='ltr' id='par_1_56' title="bbox 315 5303 1898 5376">
     <span class='ocr_line' id='line_1_56' title="bbox 315 5303 1898 5376; baseline -0.003 -12"><span class='ocrx_word' id='word_1_435' title='bbox 315 5309 476 5374; x_wconf 88' lang='lat' dir='ltr'><strong>lebis,</strong></span> <span class='ocrx_word' id='word_1_436' title='bbox 511 5315 566 5364; x_wconf 91' lang='lat' dir='ltr'><strong>et</strong></span> <span class='ocrx_word' id='word_1_437' title='bbox 595 5306 890 5362; x_wconf 90' lang='lat' dir='ltr'><strong>imitaberis</strong></span> <span class='ocrx_word' id='word_1_438' title='bbox 917 5305 968 5358; x_wconf 91' lang='lat' dir='ltr'><strong>in</strong></span> <span class='ocrx_word' id='word_1_439' title='bbox 997 5305 1099 5359; x_wconf 92' lang='lat' dir='ltr'><strong>hoc</strong></span> <span class='ocrx_word' id='word_1_440' title='bbox 1139 5319 1350 5376; x_wconf 90' lang='lat' dir='ltr'><strong>quoque</strong></span> <span class='ocrx_word' id='word_1_441' title='bbox 1377 5304 1590 5359; x_wconf 88' lang='lat' dir='ltr'><strong>beatum</strong></span> <span class='ocrx_word' id='word_1_442' title='bbox 1621 5303 1772 5359; x_wconf 91' lang='lat' dir='ltr'><strong>illum</strong></span> <span class='ocrx_word' id='word_1_443' title='bbox 1803 5306 1898 5373; x_wconf 91' lang='lat' dir='ltr'><strong>qui</strong></span> 
     </span>
    </p>
   </div>
   <div class='ocr_carea' id='block_1_57' title="bbox 315 5398 1898 5470">
    <p class='ocr_par' dir='ltr' id='par_1_57' title="bbox 315 5398 1898 5470">
     <span class='ocr_line' id='line_1_57' title="bbox 315 5398 1898 5470; baseline -0.004 -13"><span class='ocrx_word' id='word_1_444' title='bbox 315 5403 442 5457; x_wconf 74' lang='lat' dir='ltr'><strong>dicit</strong></span> <span class='ocrx_word' id='word_1_445' title='bbox 471 5420 482 5454; x_wconf 91' lang='lat'>:</span> <span class='ocrx_word' id='word_1_446' title='bbox 507 5401 620 5470; x_wconf 84' lang='lat' dir='ltr'><strong>quis</strong></span> <span class='ocrx_word' id='word_1_447' title='bbox 641 5401 952 5468; x_wconf 76' lang='lat' dir='ltr'><strong>inﬁrmatur,</strong></span> <span class='ocrx_word' id='word_1_448' title='bbox 974 5409 1022 5452; x_wconf 90' lang='lat' dir='ltr'><strong>et</strong></span> <span class='ocrx_word' id='word_1_449' title='bbox 1060 5415 1152 5468; x_wconf 88' lang='lat' dir='ltr'><strong>ego</strong></span> <span class='ocrx_word' id='word_1_450' title='bbox 1182 5415 1283 5452; x_wconf 85' lang='lat' dir='ltr'><strong>non</strong></span> <span class='ocrx_word' id='word_1_451' title='bbox 1313 5399 1588 5466; x_wconf 80' lang='lat' dir='ltr'><strong>inﬁrmor?</strong></span> <span class='ocrx_word' id='word_1_452' title='bbox 1613 5398 1726 5468; x_wconf 87' lang='lat' dir='ltr'><strong>quis</strong></span> <span class='ocrx_word' id='word_1_453' title='bbox 1753 5415 1898 5452; x_wconf 86' lang='lat' dir='ltr'><strong>scan-</strong></span> 
     </span>
    </p>
   </div>
   <div class='ocr_carea' id='block_1_58' title="bbox 317 5491 1896 5566">
    <p class='ocr_par' dir='ltr' id='par_1_58' title="bbox 317 5491 1896 5566">
     <span class='ocr_line' id='line_1_58' title="bbox 317 5491 1896 5566; baseline -0.006 -12"><span class='ocrx_word' id='word_1_454' title='bbox 317 5496 594 5564; x_wconf 73' lang='lat' dir='ltr'><strong>dalizatur,</strong></span> <span class='ocrx_word' id='word_1_455' title='bbox 622 5502 668 5548; x_wconf 87' lang='lat' dir='ltr'><strong>et</strong></span> <span class='ocrx_word' id='word_1_456' title='bbox 716 5509 807 5566; x_wconf 87' lang='lat' dir='ltr'><strong>ego</strong></span> <span class='ocrx_word' id='word_1_457' title='bbox 855 5509 957 5546; x_wconf 89' lang='lat' dir='ltr'><strong>non</strong></span> <span class='ocrx_word' id='word_1_458' title='bbox 1003 5508 1124 5545; x_wconf 90' lang='lat' dir='ltr'><strong>uror</strong></span> <span class='ocrx_word' id='word_1_459' title='bbox 1148 5491 1228 5563; x_wconf 75' lang='lat'><strong>(9..</strong></span> <span class='ocrx_word' id='word_1_460' title='bbox 1257 5491 1376 5546; x_wconf 90' lang='lat' dir='ltr'><strong>Cor.</strong></span> <span class='ocrx_word' id='word_1_461' title='bbox 1415 5492 1502 5546; x_wconf 90' lang='grc'><strong>11.</strong></span> <span class='ocrx_word' id='word_1_462' title='bbox 1527 5491 1658 5563; x_wconf 73' lang='lat'><strong>29)?</strong></span> <span class='ocrx_word' id='word_1_463' title='bbox 1685 5491 1896 5547; x_wconf 89' lang='lat' dir='ltr'><strong>Etenim</strong></span> 
     </span>
    </p>
   </div>
   <div class='ocr_carea' id='block_1_59' title="bbox 309 5581 1895 5652">
    <p class='ocr_par' dir='ltr' id='par_1_59' title="bbox 309 5581 1895 5652">
     <span class='ocr_line' id='line_1_59' title="bbox 309 5581 1895 5652; baseline -0.004 -10"><span class='ocrx_word' id='word_1_464' title='bbox 309 5588 360 5643; x_wconf 89' lang='lat' dir='ltr'><strong>si</strong></span> <span class='ocrx_word' id='word_1_465' title='bbox 387 5601 516 5642; x_wconf 91' lang='lat' dir='ltr'><strong>cum</strong></span> <span class='ocrx_word' id='word_1_466' title='bbox 545 5585 682 5639; x_wconf 91' lang='lat' dir='ltr'><strong>duos</strong></span> <span class='ocrx_word' id='word_1_467' title='bbox 710 5583 896 5639; x_wconf 90' lang='lat' dir='ltr'><strong>obolos</strong></span> <span class='ocrx_word' id='word_1_468' title='bbox 938 5581 1262 5647; x_wconf 87' lang='lat' dir='ltr'><strong>dederimus,</strong></span> <span class='ocrx_word' id='word_1_469' title='bbox 1305 5581 1627 5652; x_wconf 89' lang='lat' dir='ltr'><strong>paulumque</strong></span> <span class='ocrx_word' id='word_1_470' title='bbox 1659 5583 1895 5652; x_wconf 68' lang='lat' dir='ltr'><strong>pecuniae</strong></span> 
     </span>
    </p>
   </div>
   <div class='ocr_carea' id='block_1_60' title="bbox 315 5674 1897 5745">
    <p class='ocr_par' dir='ltr' id='par_1_60' title="bbox 315 5674 1897 5745">
     <span class='ocr_line' id='line_1_60' title="bbox 315 5674 1897 5745; baseline -0.001 -13"><span class='ocrx_word' id='word_1_471' title='bbox 315 5675 766 5745; x_wconf 83' lang='lat' dir='ltr'><strong>msumpserimus</strong></span> <span class='ocrx_word' id='word_1_472' title='bbox 794 5675 845 5728; x_wconf 93' lang='lat' dir='ltr'><strong>in</strong></span> <span class='ocrx_word' id='word_1_473' title='bbox 872 5689 1153 5744; x_wconf 87' lang='lat' dir='ltr'><strong>pauperes,</strong></span> <span class='ocrx_word' id='word_1_474' title='bbox 1180 5674 1507 5744; x_wconf 85' lang='lat' dir='ltr'><strong>gaudemus:</strong></span> <span class='ocrx_word' id='word_1_475' title='bbox 1533 5675 1578 5730; x_wconf 91' lang='lat' dir='ltr'><strong>si</strong></span> <span class='ocrx_word' id='word_1_476' title='bbox 1601 5675 1897 5745; x_wconf 89' lang='lat' dir='ltr'><strong>poterimus</strong></span> 
     </span>
    </p>
   </div>
   <div class='ocr_carea' id='block_1_61' title="bbox 316 5765 1892 5838">
    <p class='ocr_par' dir='ltr' id='par_1_61' title="bbox 316 5765 1892 5838">
     <span class='ocr_line' id='line_1_61' title="bbox 316 5765 1892 5838; baseline -0.001 -14"><span class='ocrx_word' id='word_1_477' title='bbox 316 5768 523 5827; x_wconf 84' lang='lat' dir='ltr'><strong>animas</strong></span> <span class='ocrx_word' id='word_1_478' title='bbox 552 5782 789 5833; x_wconf 87' lang='lat' dir='ltr'><strong>servare.</strong></span> <span class='ocrx_word' id='word_1_479' title='bbox 812 5777 1012 5834; x_wconf 77' lang='lat' dir='ltr'><strong>quanto</strong></span> <span class='ocrx_word' id='word_1_480' title='bbox 1056 5766 1314 5836; x_wconf 87' lang='lat' dir='ltr'><strong>majorem</strong></span> <span class='ocrx_word' id='word_1_481' title='bbox 1343 5767 1629 5838; x_wconf 87' lang='lat' dir='ltr'><strong>voluptatis</strong></span> <span class='ocrx_word' id='word_1_482' title='bbox 1657 5765 1892 5824; x_wconf 62' lang='lat' dir='ltr'><strong>fructum</strong></span> 
     </span>
    </p>
   </div>
   <div class='ocr_carea' id='block_1_62' title="bbox 3429 345 3530 406">
    <p class='ocr_par' dir='ltr' id='par_1_62' title="bbox 3429 345 3530 406">
     <span class='ocr_line' id='line_1_62' title="bbox 3429 345 3530 406; baseline 0.059 -6"><span class='ocrx_word' id='word_1_483' title='bbox 3429 345 3530 406; x_wconf 69' lang='lat'><strong>99.6</strong></span> 
     </span>
    </p>
   </div>
   <div class='ocr_carea' id='block_1_63' title="bbox 1969 452 3550 524">
    <p class='ocr_par' dir='ltr' id='par_1_63' title="bbox 1969 452 3550 524">
     <span class='ocr_line' id='line_1_63' title="bbox 1969 452 3550 524; baseline 0.001 -17"><span class='ocrx_word' id='word_1_484' title='bbox 1969 453 2550 524; x_wconf 84' lang='lat' dir='ltr'><strong>capiemus?quantam</strong></span> <span class='ocrx_word' id='word_1_485' title='bbox 2594 461 2768 509; x_wconf 87' lang='lat' dir='ltr'><strong>autem</strong></span> <span class='ocrx_word' id='word_1_486' title='bbox 2807 454 2860 508; x_wconf 91' lang='lat' dir='ltr'><strong>in</strong></span> <span class='ocrx_word' id='word_1_487' title='bbox 2886 453 3063 508; x_wconf 84' lang='lat' dir='ltr'><strong>futuro</strong></span> <span class='ocrx_word' id='word_1_488' title='bbox 3103 452 3300 510; x_wconf 65' lang='lat' dir='ltr'><strong>sarculo</strong></span> <span class='ocrx_word' id='word_1_489' title='bbox 3326 452 3550 524; x_wconf 83' lang='lat' dir='ltr'><strong>recipie-</strong></span> 
     </span>
    </p>
   </div>
   <div class='ocr_carea' id='block_1_64' title="bbox 1964 543 3538 615">
    <p class='ocr_par' dir='ltr' id='par_1_64' title="bbox 1964 543 3538 615">
     <span class='ocr_line' id='line_1_64' title="bbox 1964 543 3538 615; baseline 0.001 -18"><span class='ocrx_word' id='word_1_490' title='bbox 1964 557 2086 598; x_wconf 88' lang='lat' dir='ltr'><strong>mus</strong></span> <span class='ocrx_word' id='word_1_491' title='bbox 2115 543 2465 598; x_wconf 86' lang='lat' dir='ltr'><strong>mercedem?</strong></span> <span class='ocrx_word' id='word_1_492' title='bbox 2510 543 2643 598; x_wconf 90' lang='lat' dir='ltr'><strong>Nam</strong></span> <span class='ocrx_word' id='word_1_493' title='bbox 2683 543 2770 600; x_wconf 90' lang='lat' dir='ltr'><strong>hic</strong></span> <span class='ocrx_word' id='word_1_494' title='bbox 2796 559 3007 614; x_wconf 85' lang='lat' dir='ltr'><strong>quoque</strong></span> <span class='ocrx_word' id='word_1_495' title='bbox 3049 546 3260 615; x_wconf 91' lang='lat' dir='ltr'><strong>quoties</strong></span> <span class='ocrx_word' id='word_1_496' title='bbox 3285 544 3538 599; x_wconf 64' lang='lat' dir='ltr'><strong>convcni«</strong></span> 
     </span>
    </p>
   </div>
   <div class='ocr_carea' id='block_1_65' title="bbox 1965 637 3541 706">
    <p class='ocr_par' dir='ltr' id='par_1_65' title="bbox 1965 637 3541 706">
     <span class='ocr_line' id='line_1_65' title="bbox 1965 637 3541 706; baseline 0.002 -18"><span class='ocrx_word' id='word_1_497' title='bbox 1965 649 2124 702; x_wconf 86' lang='lat' dir='ltr'><strong>mus,</strong></span> <span class='ocrx_word' id='word_1_498' title='bbox 2159 637 2381 692; x_wconf 86' lang='lat' dir='ltr'><strong>multam</strong></span> <span class='ocrx_word' id='word_1_499' title='bbox 2421 637 2692 706; x_wconf 89' lang='lat' dir='ltr'><strong>capiemus</strong></span> <span class='ocrx_word' id='word_1_500' title='bbox 2740 637 3060 706; x_wconf 83' lang='lat' dir='ltr'><strong>voluptatem</strong></span> <span class='ocrx_word' id='word_1_501' title='bbox 3107 653 3174 692; x_wconf 83' lang='lat' dir='ltr'><strong>ex</strong></span> <span class='ocrx_word' id='word_1_502' title='bbox 3216 649 3541 706; x_wconf 84' lang='lat' dir='ltr'><strong>congressu,</strong></span> 
     </span>
    </p>
   </div>
   <div class='ocr_carea' id='block_1_66' title="bbox 1965 726 3543 798">
    <p class='ocr_par' dir='ltr' id='par_1_66' title="bbox 1965 726 3543 798">
     <span class='ocr_line' id='line_1_66' title="bbox 1965 726 3543 798; baseline -0.001 -17"><span class='ocrx_word' id='word_1_503' title='bbox 1965 726 2374 782; x_wconf 87' lang='lat' dir='ltr'><strong>reminiscentes</strong></span> <span class='ocrx_word' id='word_1_504' title='bbox 2397 727 2692 782; x_wconf 85' lang='lat' dir='ltr'><strong>officiorum</strong></span> <span class='ocrx_word' id='word_1_505' title='bbox 2717 769 2730 793; x_wconf 91' lang='lat'><strong>,</strong></span> <span class='ocrx_word' id='word_1_506' title='bbox 2761 745 2878 798; x_wconf 74' lang='lat' dir='ltr'><strong>qua:</strong></span> <span class='ocrx_word' id='word_1_507' title='bbox 2906 729 3011 783; x_wconf 89' lang='lat' dir='ltr'><strong>illis</strong></span> <span class='ocrx_word' id='word_1_508' title='bbox 3041 728 3401 796; x_wconf 67' lang='lat' dir='ltr'><strong>praestitimus.</strong></span> <span class='ocrx_word' id='word_1_509' title='bbox 3436 727 3543 781; x_wconf 87' lang='lat' dir='ltr'><strong>De-</strong></span> 
     </span>
    </p>
   </div>
   <div class='ocr_carea' id='block_1_67' title="bbox 1966 817 3543 889">
    <p class='ocr_par' dir='ltr' id='par_1_67' title="bbox 1966 817 3543 889">
     <span class='ocr_line' id='line_1_67' title="bbox 1966 817 3543 889; baseline -0.002 -15"><span class='ocrx_word' id='word_1_510' title='bbox 1966 817 2092 874; x_wconf 63' lang='lat' dir='ltr'><strong>‘nde</strong></span> <span class='ocrx_word' id='word_1_511' title='bbox 2119 833 2240 872; x_wconf 91' lang='lat' dir='ltr'><strong>cum</strong></span> <span class='ocrx_word' id='word_1_512' title='bbox 2270 819 2388 874; x_wconf 92' lang='lat' dir='ltr'><strong>illos</strong></span> <span class='ocrx_word' id='word_1_513' title='bbox 2426 821 2864 889; x_wconf 81' lang='lat' dir='ltr'><strong>con5pexerimus</strong></span> <span class='ocrx_word' id='word_1_514' title='bbox 2893 819 2960 872; x_wconf 89' lang='lat' dir='ltr'><strong>ad</strong></span> <span class='ocrx_word' id='word_1_515' title='bbox 3004 819 3228 872; x_wconf 89' lang='lat' dir='ltr'><strong>tribunal</strong></span> <span class='ocrx_word' id='word_1_516' title='bbox 3261 817 3390 871; x_wconf 91' lang='lat' dir='ltr'><strong>illud</strong></span> <span class='ocrx_word' id='word_1_517' title='bbox 3428 832 3543 871; x_wconf 86' lang='lat' dir='ltr'><strong>tne-</strong></span> 
     </span>
    </p>
   </div>
   <div class='ocr_carea' id='block_1_68' title="bbox 1966 908 3548 979">
    <p class='ocr_par' dir='ltr' id='par_1_68' title="bbox 1966 908 3548 979">
     <span class='ocr_line' id='line_1_68' title="bbox 1966 908 3548 979; baseline -0.002 -17"><span class='ocrx_word' id='word_1_518' title='bbox 1966 908 2220 963; x_wconf 89' lang='lat' dir='ltr'><strong>tuendum</strong></span> <span class='ocrx_word' id='word_1_519' title='bbox 2244 949 2261 975; x_wconf 92' lang='lat'><strong>,</strong></span> <span class='ocrx_word' id='word_1_520' title='bbox 2290 911 2468 964; x_wconf 73' lang='lat' dir='ltr'><strong>multa:</strong></span> <span class='ocrx_word' id='word_1_521' title='bbox 2490 908 2695 964; x_wconf 77' lang='lat' dir='ltr'><strong>fiduciae</strong></span> <span class='ocrx_word' id='word_1_522' title='bbox 2723 910 3002 979; x_wconf 88' lang='lat' dir='ltr'><strong>participes</strong></span> <span class='ocrx_word' id='word_1_523' title='bbox 3023 910 3242 964; x_wconf 89' lang='lat' dir='ltr'><strong>erimus.</strong></span> <span class='ocrx_word' id='word_1_524' title='bbox 3272 909 3335 962; x_wconf 88' lang='lat' dir='ltr'><strong>Et</strong></span> <span class='ocrx_word' id='word_1_525' title='bbox 3360 923 3548 977; x_wconf 82' lang='lat' dir='ltr'><strong>quem-</strong></span> 
     </span>
    </p>
   </div>
   <div class='ocr_carea' id='block_1_69' title="bbox 1967 999 3542 1071">
    <p class='ocr_par' dir='ltr' id='par_1_69' title="bbox 1967 999 3542 1071">
     <span class='ocr_line' id='line_1_69' title="bbox 1967 999 3542 1071; baseline -0.004 -15"><span class='ocrx_word' id='word_1_526' title='bbox 1967 1000 2253 1056; x_wconf 88' lang='lat' dir='ltr'><strong>admodum</strong></span> <span class='ocrx_word' id='word_1_527' title='bbox 2285 1003 2372 1071; x_wconf 93' lang='lat' dir='ltr'><strong>qui</strong></span> <span class='ocrx_word' id='word_1_528' title='bbox 2400 1002 2588 1069; x_wconf 88' lang='lat' dir='ltr'><strong>injuria</strong></span> <span class='ocrx_word' id='word_1_529' title='bbox 2617 1001 2856 1055; x_wconf 81' lang='lat' dir='ltr'><strong>afﬁciunt</strong></span> <span class='ocrx_word' id='word_1_530' title='bbox 2878 1042 2893 1068; x_wconf 95' lang='lat'><strong>,</strong></span> <span class='ocrx_word' id='word_1_531' title='bbox 2924 1001 3016 1070; x_wconf 87' lang='lat' dir='ltr'><strong>qui</strong></span> <span class='ocrx_word' id='word_1_532' title='bbox 3057 1009 3308 1068; x_wconf 84' lang='lat' dir='ltr'><strong>usurpant</strong></span> <span class='ocrx_word' id='word_1_533' title='bbox 3335 999 3506 1053; x_wconf 84' lang='lat' dir='ltr'><strong>aliena</strong></span> <span class='ocrx_word' id='word_1_534' title='bbox 3527 1038 3542 1062; x_wconf 93' lang='lat'><strong>,</strong></span> 
     </span>
    </p>
   </div>
   <div class='ocr_carea' id='block_1_70' title="bbox 1967 1091 3545 1166">
    <p class='ocr_par' dir='ltr' id='par_1_70' title="bbox 1967 1091 3545 1166">
     <span class='ocr_line' id='line_1_70' title="bbox 1967 1091 3545 1166; baseline -0.004 -18"><span class='ocrx_word' id='word_1_535' title='bbox 1967 1096 2060 1165; x_wconf 89' lang='lat' dir='ltr'><strong>qui</strong></span> <span class='ocrx_word' id='word_1_536' title='bbox 2087 1095 2326 1164; x_wconf 88' lang='lat' dir='ltr'><strong>rapiunt,</strong></span> <span class='ocrx_word' id='word_1_537' title='bbox 2356 1094 2445 1166; x_wconf 87' lang='lat' dir='ltr'><strong>qui</strong></span> <span class='ocrx_word' id='word_1_538' title='bbox 2493 1094 2630 1148; x_wconf 90' lang='lat' dir='ltr'><strong>mala</strong></span> <span class='ocrx_word' id='word_1_539' title='bbox 2675 1094 2951 1147; x_wconf 90' lang='lat' dir='ltr'><strong>innumera</strong></span> <span class='ocrx_word' id='word_1_540' title='bbox 2985 1093 3244 1162; x_wconf 77' lang='lat' dir='ltr'><strong>proximis</strong></span> <span class='ocrx_word' id='word_1_541' title='bbox 3285 1091 3545 1148; x_wconf 83' lang='lat' dir='ltr'><strong>inferunt.</strong></span> 
     </span>
    </p>
   </div>
   <div class='ocr_carea' id='block_1_71' title="bbox 1968 1179 3543 1255">
    <p class='ocr_par' dir='ltr' id='par_1_71' title="bbox 1968 1179 3543 1255">
     <span class='ocr_line' id='line_1_71' title="bbox 1968 1179 3543 1255; baseline -0.005 -15"><span class='ocrx_word' id='word_1_542' title='bbox 1968 1199 2090 1240; x_wconf 92' lang='lat' dir='ltr'><strong>cum</strong></span> <span class='ocrx_word' id='word_1_543' title='bbox 2123 1187 2247 1241; x_wconf 91' lang='lat' dir='ltr'><strong>illuc</strong></span> <span class='ocrx_word' id='word_1_544' title='bbox 2273 1186 2518 1241; x_wconf 87' lang='lat' dir='ltr'><strong>venerint</strong></span> <span class='ocrx_word' id='word_1_545' title='bbox 2565 1197 2765 1255; x_wconf 89' lang='lat' dir='ltr'><strong>eosque</strong></span> <span class='ocrx_word' id='word_1_546' title='bbox 2813 1185 3079 1249; x_wconf 85' lang='lat' dir='ltr'><strong>viderint,</strong></span> <span class='ocrx_word' id='word_1_547' title='bbox 3124 1183 3214 1252; x_wconf 91' lang='lat' dir='ltr'><strong>qui</strong></span> <span class='ocrx_word' id='word_1_548' title='bbox 3245 1182 3359 1235; x_wconf 74' lang='lat' dir='ltr'><strong>lucc</strong></span> <span class='ocrx_word' id='word_1_549' title='bbox 3404 1179 3543 1249; x_wconf 85' lang='lat' dir='ltr'><strong>passi</strong></span> 
     </span>
    </p>
   </div>
   <div class='ocr_carea' id='block_1_72' title="bbox 1968 1274 3550 1348">
    <p class='ocr_par' dir='ltr' id='par_1_72' title="bbox 1968 1274 3550 1348">
     <span class='ocr_line' id='line_1_72' title="bbox 1968 1274 3550 1348; baseline -0.004 -17"><span class='ocrx_word' id='word_1_550' title='bbox 1968 1286 2095 1331; x_wconf 90' lang='lat' dir='ltr'><strong>sunt</strong></span> <span class='ocrx_word' id='word_1_551' title='bbox 2117 1277 2392 1348; x_wconf 88' lang='lat' dir='ltr'><strong>(videbunt</strong></span> <span class='ocrx_word' id='word_1_552' title='bbox 2419 1277 2561 1331; x_wconf 90' lang='lat' dir='ltr'><strong>enim</strong></span> <span class='ocrx_word' id='word_1_553' title='bbox 2600 1275 2740 1330; x_wconf 87' lang='lat' dir='ltr'><strong>haud</strong></span> <span class='ocrx_word' id='word_1_554' title='bbox 2787 1275 2948 1331; x_wconf 87' lang='lat' dir='ltr'><strong>dubie</strong></span> <span class='ocrx_word' id='word_1_555' title='bbox 2971 1317 2985 1341; x_wconf 93' lang='lat'><strong>,</strong></span> <span class='ocrx_word' id='word_1_556' title='bbox 3017 1283 3073 1330; x_wconf 89' lang='lat' dir='ltr'><strong>ut</strong></span> <span class='ocrx_word' id='word_1_557' title='bbox 3099 1274 3434 1344; x_wconf 90' lang='lat' dir='ltr'><strong>perspicuum</strong></span> <span class='ocrx_word' id='word_1_558' title='bbox 3466 1280 3550 1326; x_wconf 88' lang='lat' dir='ltr'><strong>est</strong></span> 
     </span>
    </p>
   </div>
   <div class='ocr_carea' id='block_1_73' title="bbox 1970 1364 3544 1437">
    <p class='ocr_par' dir='ltr' id='par_1_73' title="bbox 1970 1364 3544 1437">
     <span class='ocr_line' id='line_1_73' title="bbox 1970 1364 3544 1437; baseline -0.005 -14"><span class='ocrx_word' id='word_1_559' title='bbox 1970 1377 2023 1423; x_wconf 91' lang='lat' dir='ltr'><strong>et</strong></span> <span class='ocrx_word' id='word_1_560' title='bbox 2047 1383 2113 1422; x_wconf 79' lang='lat' dir='ltr'><strong>ex</strong></span> <span class='ocrx_word' id='word_1_561' title='bbox 2141 1369 2302 1423; x_wconf 86' lang='lat' dir='ltr'><strong>divite</strong></span> <span class='ocrx_word' id='word_1_562' title='bbox 2330 1368 2422 1422; x_wconf 92' lang='lat' dir='ltr'><strong>illo</strong></span> <span class='ocrx_word' id='word_1_563' title='bbox 2448 1376 2502 1422; x_wconf 89' lang='lat' dir='ltr'><strong>et</strong></span> <span class='ocrx_word' id='word_1_564' title='bbox 2535 1366 2796 1437; x_wconf 89' lang='lat' dir='ltr'><strong>Lazaro),</strong></span> <span class='ocrx_word' id='word_1_565' title='bbox 2841 1381 3012 1436; x_wconf 89' lang='lat' dir='ltr'><strong>neque</strong></span> <span class='ocrx_word' id='word_1_566' title='bbox 3052 1381 3113 1420; x_wconf 93' lang='lat' dir='ltr'><strong>os</strong></span> <span class='ocrx_word' id='word_1_567' title='bbox 3155 1364 3364 1432; x_wconf 89' lang='lat' dir='ltr'><strong>aperire</strong></span> <span class='ocrx_word' id='word_1_568' title='bbox 3394 1372 3544 1431; x_wconf 89' lang='lat' dir='ltr'><strong>pote-</strong></span> 
     </span>
    </p>
   </div>
   <div class='ocr_carea' id='block_1_74' title="bbox 1970 1460 3546 1531">
    <p class='ocr_par' dir='ltr' id='par_1_74' title="bbox 1970 1460 3546 1531">
     <span class='ocr_line' id='line_1_74' title="bbox 1970 1460 3546 1531; baseline -0.005 -15"><span class='ocrx_word' id='word_1_569' title='bbox 1970 1471 2132 1524; x_wconf 89' lang='lat' dir='ltr'><strong>runt,</strong></span> <span class='ocrx_word' id='word_1_570' title='bbox 2161 1477 2334 1531; x_wconf 88' lang='lat' dir='ltr'><strong>neque</strong></span> <span class='ocrx_word' id='word_1_571' title='bbox 2359 1461 2626 1516; x_wconf 89' lang='lat' dir='ltr'><strong>habebunt</strong></span> <span class='ocrx_word' id='word_1_572' title='bbox 2651 1503 2664 1527; x_wconf 94' lang='lat'><strong>,</strong></span> <span class='ocrx_word' id='word_1_573' title='bbox 2695 1461 2834 1530; x_wconf 92' lang='lat' dir='ltr'><strong>quod</strong></span> <span class='ocrx_word' id='word_1_574' title='bbox 2864 1460 3075 1526; x_wconf 90' lang='lat' dir='ltr'><strong>dicant,</strong></span> <span class='ocrx_word' id='word_1_575' title='bbox 3125 1466 3216 1512; x_wconf 88' lang='lat' dir='ltr'><strong>aut</strong></span> <span class='ocrx_word' id='word_1_576' title='bbox 3258 1463 3546 1520; x_wconf 80' lang='lat' dir='ltr'><strong>excusent,</strong></span> 
     </span>
    </p>
   </div>
   <div class='ocr_carea' id='block_1_75' title="bbox 1975 1547 3548 1624">
    <p class='ocr_par' dir='ltr' id='par_1_75' title="bbox 1975 1547 3548 1624">
     <span class='ocr_line' id='line_1_75' title="bbox 1975 1547 3548 1624; baseline -0.006 -14"><span class='ocrx_word' id='word_1_577' title='bbox 1975 1554 2069 1610; x_wconf 91' lang='lat' dir='ltr'><strong>sed</strong></span> <span class='ocrx_word' id='word_1_578' title='bbox 2093 1555 2262 1608; x_wconf 86' lang='lat' dir='ltr'><strong>multo</strong></span> <span class='ocrx_word' id='word_1_579' title='bbox 2292 1555 2495 1624; x_wconf 84' lang='lat' dir='ltr'><strong>pudore</strong></span> <span class='ocrx_word' id='word_1_580' title='bbox 2526 1569 2820 1624; x_wconf 84' lang='lat' dir='ltr'><strong>magnaque</strong></span> <span class='ocrx_word' id='word_1_581' title='bbox 2849 1551 3289 1607; x_wconf 87' lang='lat' dir='ltr'><strong>condemnationc</strong></span> <span class='ocrx_word' id='word_1_582' title='bbox 3319 1547 3503 1617; x_wconf 88' lang='lat' dir='ltr'><strong>repleti</strong></span> <span class='ocrx_word' id='word_1_583' title='bbox 3533 1587 3548 1612; x_wconf 88' lang='lat'><strong>,</strong></span> 
     </span>
    </p>
   </div>
   <div class='ocr_carea' id='block_1_76' title="bbox 1971 1637 3548 1715">
    <p class='ocr_par' dir='ltr' id='par_1_76' title="bbox 1971 1637 3548 1715">
     <span class='ocr_line' id='line_1_76' title="bbox 1971 1637 3548 1715; baseline -0.006 -17"><span class='ocrx_word' id='word_1_584' title='bbox 1971 1659 2037 1699; x_wconf 83' lang='lat' dir='ltr'><strong>ex</strong></span> <span class='ocrx_word' id='word_1_585' title='bbox 2065 1645 2275 1699; x_wconf 87' lang='lat' dir='ltr'><strong>illorum</strong></span> <span class='ocrx_word' id='word_1_586' title='bbox 2303 1653 2520 1715; x_wconf 91' lang='lat' dir='ltr'><strong>aspectu</strong></span> <span class='ocrx_word' id='word_1_587' title='bbox 2546 1645 2612 1698; x_wconf 89' lang='lat' dir='ltr'><strong>ad</strong></span> <span class='ocrx_word' id='word_1_588' title='bbox 2639 1645 2791 1714; x_wconf 87' lang='lat' dir='ltr'><strong>ignea</strong></span> <span class='ocrx_word' id='word_1_589' title='bbox 2832 1642 3050 1696; x_wconf 83' lang='lat' dir='ltr'><strong>flumina</strong></span> <span class='ocrx_word' id='word_1_590' title='bbox 3079 1641 3427 1694; x_wconf 82' lang='lat' dir='ltr'><strong>adducentur.</strong></span> <span class='ocrx_word' id='word_1_591' title='bbox 3456 1637 3548 1690; x_wconf 84' lang='lat' dir='ltr'><strong>lti-</strong></span> 
     </span>
    </p>
   </div>
   <div class='ocr_carea' id='block_1_77' title="bbox 1970 1719 3550 1807">
    <p class='ocr_par' dir='ltr' id='par_1_77' title="bbox 1970 1719 3550 1807">
     <span class='ocr_line' id='line_1_77' title="bbox 1970 1719 3550 1807; baseline -0.007 -16"><span class='ocrx_word' id='word_1_592' title='bbox 1970 1735 2092 1792; x_wconf 88' lang='lat' dir='ltr'><strong>detn</strong></span> <span class='ocrx_word' id='word_1_593' title='bbox 2117 1738 2205 1807; x_wconf 91' lang='lat' dir='ltr'><strong>qui</strong></span> <span class='ocrx_word' id='word_1_594' title='bbox 2251 1719 2754 1791; x_wconf 37' lang='lat' dir='ltr'><strong>salutem‘aliorum</strong></span> <span class='ocrx_word' id='word_1_595' title='bbox 2808 1743 3030 1798; x_wconf 86' lang='lat' dir='ltr'><strong>curant,</strong></span> <span class='ocrx_word' id='word_1_596' title='bbox 3075 1733 3162 1802; x_wconf 91' lang='lat' dir='ltr'><strong>qui</strong></span> <span class='ocrx_word' id='word_1_597' title='bbox 3185 1731 3412 1792; x_wconf 88' lang='lat' dir='ltr'><strong>docent,</strong></span> <span class='ocrx_word' id='word_1_598' title='bbox 3465 1727 3550 1797; x_wconf 85' lang='lat' dir='ltr'><strong>qui</strong></span> 
     </span>
    </p>
   </div>
   <div class='ocr_carea' id='block_1_78' title="bbox 1970 1822 3556 1896">
    <p class='ocr_par' dir='ltr' id='par_1_78' title="bbox 1970 1822 3556 1896">
     <span class='ocr_line' id='line_1_78' title="bbox 1970 1822 3556 1896; baseline -0.006 -15"><span class='ocrx_word' id='word_1_599' title='bbox 1970 1827 2269 1895; x_wconf 89' lang='lat' dir='ltr'><strong>instituunt,</strong></span> <span class='ocrx_word' id='word_1_600' title='bbox 2293 1827 2381 1882; x_wconf 91' lang='lat' dir='ltr'><strong>ubi</strong></span> <span class='ocrx_word' id='word_1_601' title='bbox 2409 1826 2636 1882; x_wconf 80' lang='lat' dir='ltr'><strong>viderint</strong></span> <span class='ocrx_word' id='word_1_602' title='bbox 2660 1841 2754 1881; x_wconf 90' lang='lat' dir='ltr'><strong>eos</strong></span> <span class='ocrx_word' id='word_1_603' title='bbox 2776 1841 2909 1896; x_wconf 90' lang='lat' dir='ltr'><strong>quos</strong></span> <span class='ocrx_word' id='word_1_604' title='bbox 2937 1831 3304 1887; x_wconf 88' lang='lat' dir='ltr'><strong>servaverunt,</strong></span> <span class='ocrx_word' id='word_1_605' title='bbox 3332 1822 3437 1875; x_wconf 88' lang='lat' dir='ltr'><strong>illic</strong></span> <span class='ocrx_word' id='word_1_606' title='bbox 3462 1835 3556 1888; x_wconf 79' lang='lat' dir='ltr'><strong>pa-</strong></span> 
     </span>
    </p>
   </div>
   <div class='ocr_carea' id='block_1_79' title="bbox 1971 1911 3554 1988">
    <p class='ocr_par' dir='ltr' id='par_1_79' title="bbox 1971 1911 3554 1988">
     <span class='ocr_line' id='line_1_79' title="bbox 1971 1911 3554 1988; baseline -0.007 -15"><span class='ocrx_word' id='word_1_607' title='bbox 1971 1919 2298 1974; x_wconf 87' lang='lat' dir='ltr'><strong>trocinantes</strong></span> <span class='ocrx_word' id='word_1_608' title='bbox 2325 1919 2486 1988; x_wconf 86' lang='lat' dir='ltr'><strong>ipsis,</strong></span> <span class='ocrx_word' id='word_1_609' title='bbox 2538 1919 2701 1973; x_wconf 90' lang='lat' dir='ltr'><strong>multa</strong></span> <span class='ocrx_word' id='word_1_610' title='bbox 2733 1915 2923 1971; x_wconf 84' lang='lat' dir='ltr'><strong>fiducia</strong></span> <span class='ocrx_word' id='word_1_611' title='bbox 2952 1915 3318 1984; x_wconf 88' lang='lat' dir='ltr'><strong>replebuntur.</strong></span> <span class='ocrx_word' id='word_1_612' title='bbox 3357 1912 3422 1965; x_wconf 86' lang='lat' dir='ltr'><strong>Et</strong></span> <span class='ocrx_word' id='word_1_613' title='bbox 3452 1911 3554 1963; x_wconf 92' lang='lat' dir='ltr'><strong>hoc</strong></span> 
     </span>
    </p>
   </div>
   <div class='ocr_carea' id='block_1_80' title="bbox 1971 2010 3550 2076">
    <p class='ocr_par' dir='ltr' id='par_1_80' title="bbox 1971 2010 3550 2076">
     <span class='ocr_line' id='line_1_80' title="bbox 1971 2010 3550 2076; baseline -0.006 -12"><span class='ocrx_word' id='word_1_614' title='bbox 1971 2011 2166 2065; x_wconf 89' lang='lat' dir='ltr'><strong>Paulus</strong></span> <span class='ocrx_word' id='word_1_615' title='bbox 2194 2011 2473 2066; x_wconf 86' lang='lat' dir='ltr'><strong>declarans</strong></span> <span class='ocrx_word' id='word_1_616' title='bbox 2503 2011 2633 2066; x_wconf 87' lang='lat' dir='ltr'><strong>dixit</strong></span> <span class='ocrx_word' id='word_1_617' title='bbox 2664 2029 2676 2066; x_wconf 90' lang='lat'>:</span> <span class='ocrx_word' id='word_1_618' title='bbox 2707 2010 2884 2064; x_wconf 79' lang='lat' dir='ltr'><strong>Gloria</strong></span> <span class='ocrx_word' id='word_1_619' title='bbox 2927 2019 3088 2063; x_wconf 81' lang='lat' dir='ltr'><strong>vestra</strong></span> <span class='ocrx_word' id='word_1_620' title='bbox 3128 2024 3302 2061; x_wconf 86' lang='lat' dir='ltr'><strong>sumus</strong></span> <span class='ocrx_word' id='word_1_621' title='bbox 3321 2047 3336 2070; x_wconf 92' lang='lat'><strong>,</strong></span> <span class='ocrx_word' id='word_1_622' title='bbox 3377 2021 3550 2076; x_wconf 85' lang='lat' dir='ltr'><strong>quent-</strong></span> 
     </span>
    </p>
   </div>
   <div class='ocr_carea' id='block_1_81' title="bbox 1971 2097 3554 2175">
    <p class='ocr_par' dir='ltr' id='par_1_81' title="bbox 1971 2097 3554 2175">
     <span class='ocr_line' id='line_1_81' title="bbox 1971 2097 3554 2175; baseline -0.006 -18"><span class='ocrx_word' id='word_1_623' title='bbox 1971 2103 2244 2158; x_wconf 88' lang='lat' dir='ltr'><strong>admodum</strong></span> <span class='ocrx_word' id='word_1_624' title='bbox 2271 2115 2316 2158; x_wconf 86' lang='lat' dir='ltr'><strong>et</strong></span> <span class='ocrx_word' id='word_1_625' title='bbox 2348 2121 2430 2159; x_wconf 87' lang='lat' dir='ltr'><strong>vos</strong></span> <span class='ocrx_word' id='word_1_626' title='bbox 2452 2114 2623 2158; x_wconf 87' lang='lat' dir='ltr'><strong>nostra</strong></span> <span class='ocrx_word' id='word_1_627' title='bbox 2670 2104 2743 2175; x_wconf 78' lang='lat'><strong>(2.</strong></span> <span class='ocrx_word' id='word_1_628' title='bbox 2773 2104 2891 2159; x_wconf 88' lang='lat' dir='ltr'><strong>Cor.</strong></span> <span class='ocrx_word' id='word_1_629' title='bbox 2926 2105 2976 2158; x_wconf 91' lang='grc'><strong>1.</strong></span> <span class='ocrx_word' id='word_1_630' title='bbox 3007 2101 3117 2174; x_wconf 74' lang='grc'><strong>14).</strong></span> <span class='ocrx_word' id='word_1_631' title='bbox 3148 2101 3368 2169; x_wconf 89' lang='lat' dir='ltr'><strong>Quando</strong></span> <span class='ocrx_word' id='word_1_632' title='bbox 3402 2097 3554 2169; x_wconf 60' lang='lat' dir='ltr'><strong>ltoc?</strong></span> 
     </span>
    </p>
   </div>
   <div class='ocr_carea' id='block_1_82' title="bbox 1971 2192 3555 2252">
    <p class='ocr_par' dir='ltr' id='par_1_82' title="bbox 1971 2192 3555 2252">
     <span class='ocr_line' id='line_1_82' title="bbox 1971 2192 3555 2252; baseline -0.001 -4"><span class='ocrx_word' id='word_1_633' title='bbox 1971 2195 2038 2249; x_wconf 86' lang='lat' dir='ltr'><strong>In</strong></span> <span class='ocrx_word' id='word_1_634' title='bbox 2073 2197 2155 2250; x_wconf 89' lang='lat' dir='ltr'><strong>die</strong></span> <span class='ocrx_word' id='word_1_635' title='bbox 2184 2195 2390 2250; x_wconf 88' lang='lat' dir='ltr'><strong>Domini</strong></span> <span class='ocrx_word' id='word_1_636' title='bbox 2412 2197 2570 2251; x_wconf 88' lang='lat' dir='ltr'><strong>nostri</strong></span> <span class='ocrx_word' id='word_1_637' title='bbox 2592 2196 2717 2250; x_wconf 76' lang='lat' dir='ltr'><strong>Iesu</strong></span> <span class='ocrx_word' id='word_1_638' title='bbox 2755 2196 2963 2252; x_wconf 82' lang='lat' dir='ltr'><strong>Christi.</strong></span> <span class='ocrx_word' id='word_1_639' title='bbox 2993 2197 3071 2250; x_wconf 83' lang='lat' dir='ltr'><strong>Ac</strong></span> <span class='ocrx_word' id='word_1_640' title='bbox 3100 2210 3282 2250; x_wconf 85' lang='lat' dir='ltr'><strong>rursus</strong></span> <span class='ocrx_word' id='word_1_641' title='bbox 3311 2192 3555 2247; x_wconf 87' lang='lat' dir='ltr'><strong>Christus</strong></span> 
     </span>
    </p>
   </div>
   <div class='ocr_carea' id='block_1_83' title="bbox 1971 2287 3555 2355">
    <p class='ocr_par' dir='ltr' id='par_1_83' title="bbox 1971 2287 3555 2355">
     <span class='ocr_line' id='line_1_83' title="bbox 1971 2287 3555 2355; baseline -0.006 -12"><span class='ocrx_word' id='word_1_642' title='bbox 1971 2288 2283 2343; x_wconf 80' lang='lat' dir='ltr'><strong>exhortatur</strong></span> <span class='ocrx_word' id='word_1_643' title='bbox 2306 2330 2322 2355; x_wconf 93' lang='lat'><strong>,</strong></span> <span class='ocrx_word' id='word_1_644' title='bbox 2351 2287 2537 2344; x_wconf 89' lang='lat' dir='ltr'><strong>dicens</strong></span> <span class='ocrx_word' id='word_1_645' title='bbox 2570 2305 2584 2342; x_wconf 93' lang='lat'>:</span> <span class='ocrx_word' id='word_1_646' title='bbox 2612 2287 2791 2342; x_wconf 85' lang='lat' dir='ltr'><strong>Facite</strong></span> <span class='ocrx_word' id='word_1_647' title='bbox 2829 2288 2968 2342; x_wconf 85' lang='lat' dir='ltr'><strong>vobis</strong></span> <span class='ocrx_word' id='word_1_648' title='bbox 3001 2288 3190 2340; x_wconf 86' lang='lat' dir='ltr'><strong>amicos</strong></span> <span class='ocrx_word' id='word_1_649' title='bbox 3215 2301 3277 2339; x_wconf 75' lang='lat' dir='ltr'><strong>ea:</strong></span> <span class='ocrx_word' id='word_1_650' title='bbox 3321 2297 3555 2337; x_wconf 87' lang='lat' dir='ltr'><strong>mamona</strong></span> 
     </span>
    </p>
   </div>
   <div class='ocr_carea' id='block_1_84' title="bbox 1969 2376 3545 2451">
    <p class='ocr_par' dir='ltr' id='par_1_84' title="bbox 1969 2376 3545 2451">
     <span class='ocr_line' id='line_1_84' title="bbox 1969 2376 3545 2451; baseline -0.006 -18"><span class='ocrx_word' id='word_1_651' title='bbox 1969 2380 2248 2450; x_wconf 87' lang='lat' dir='ltr'><strong>iniquitatis</strong></span> <span class='ocrx_word' id='word_1_652' title='bbox 2268 2422 2283 2446; x_wconf 88' lang='lat'><strong>,</strong></span> <span class='ocrx_word' id='word_1_653' title='bbox 2310 2387 2365 2432; x_wconf 90' lang='lat' dir='ltr'><strong>ut</strong></span> <span class='ocrx_word' id='word_1_654' title='bbox 2390 2396 2504 2432; x_wconf 87' lang='lat' dir='ltr'><strong>cum</strong></span> <span class='ocrx_word' id='word_1_655' title='bbox 2530 2379 2838 2451; x_wconf 77' lang='lat' dir='ltr'><strong>defeceritis,</strong></span> <span class='ocrx_word' id='word_1_656' title='bbox 2876 2379 3118 2447; x_wconf 88' lang='lat' dir='ltr'><strong>recipiant</strong></span> <span class='ocrx_word' id='word_1_657' title='bbox 3154 2391 3242 2430; x_wconf 82' lang='lat' dir='ltr'><strong>vos</strong></span> <span class='ocrx_word' id='word_1_658' title='bbox 3266 2376 3320 2428; x_wconf 90' lang='lat' dir='ltr'><strong>in</strong></span> <span class='ocrx_word' id='word_1_659' title='bbox 3359 2383 3545 2428; x_wconf 68' lang='lat' dir='ltr'><strong>interna</strong></span> 
     </span>
    </p>
   </div>
   <div class='ocr_carea' id='block_1_85' title="bbox 1971 2465 3557 2541">
    <p class='ocr_par' dir='ltr' id='par_1_85' title="bbox 1971 2465 3557 2541">
     <span class='ocr_line' id='line_1_85' title="bbox 1971 2465 3557 2541; baseline -0.007 -13"><span class='ocrx_word' id='word_1_660' title='bbox 1971 2489 2064 2528; x_wconf 90' lang='lat' dir='ltr'><strong>sua</strong></span> <span class='ocrx_word' id='word_1_661' title='bbox 2095 2472 2419 2527; x_wconf 88' lang='lat' dir='ltr'><strong>tabernacula</strong></span> <span class='ocrx_word' id='word_1_662' title='bbox 2451 2471 2600 2541; x_wconf 89' lang='lat' dir='ltr'><strong>(Luc.</strong></span> <span class='ocrx_word' id='word_1_663' title='bbox 2633 2471 2720 2526; x_wconf 82' lang='grc'><strong>16.</strong></span> <span class='ocrx_word' id='word_1_664' title='bbox 2751 2470 2830 2540; x_wconf 88' lang='grc'><strong>9).</strong></span> <span class='ocrx_word' id='word_1_665' title='bbox 2860 2470 3022 2526; x_wconf 72' lang='lat' dir='ltr'><strong>Vides</strong></span> <span class='ocrx_word' id='word_1_666' title='bbox 3062 2470 3281 2523; x_wconf 90' lang='lat' dir='ltr'><strong>multam</strong></span> <span class='ocrx_word' id='word_1_667' title='bbox 3313 2465 3557 2520; x_wconf 87' lang='lat' dir='ltr'><strong>fiduciam</strong></span> 
     </span>
    </p>
   </div>
   <div class='ocr_carea' id='block_1_86' title="bbox 1971 2557 3556 2634">
    <p class='ocr_par' dir='ltr' id='par_1_86' title="bbox 1971 2557 3556 2634">
     <span class='ocr_line' id='line_1_86' title="bbox 1971 2557 3556 2634; baseline -0.004 -17"><span class='ocrx_word' id='word_1_668' title='bbox 1971 2562 2126 2617; x_wconf 90' lang='lat' dir='ltr'><strong>nobis</strong></span> <span class='ocrx_word' id='word_1_669' title='bbox 2147 2563 2388 2634; x_wconf 82' lang='lat' dir='ltr'><strong>praestari</strong></span> <span class='ocrx_word' id='word_1_670' title='bbox 2410 2561 2478 2616; x_wconf 94' lang='lat' dir='ltr'><strong>ab</strong></span> <span class='ocrx_word' id='word_1_671' title='bbox 2507 2562 2570 2616; x_wconf 90' lang='lat' dir='ltr'><strong>iis</strong></span> <span class='ocrx_word' id='word_1_672' title='bbox 2590 2603 2605 2628; x_wconf 97' lang='lat'><strong>,</strong></span> <span class='ocrx_word' id='word_1_673' title='bbox 2636 2575 2770 2632; x_wconf 92' lang='lat' dir='ltr'><strong>quos</strong></span> <span class='ocrx_word' id='word_1_674' title='bbox 2796 2560 2882 2615; x_wconf 87' lang='lat' dir='ltr'><strong>hic</strong></span> <span class='ocrx_word' id='word_1_675' title='bbox 2907 2570 3090 2614; x_wconf 87' lang='lat' dir='ltr'><strong>nostro</strong></span> <span class='ocrx_word' id='word_1_676' title='bbox 3115 2557 3374 2613; x_wconf 83' lang='lat' dir='ltr'><strong>beneficio</strong></span> <span class='ocrx_word' id='word_1_677' title='bbox 3398 2558 3556 2625; x_wconf 82' lang='lat' dir='ltr'><strong>juve-</strong></span> 
     </span>
    </p>
   </div>
   <div class='ocr_carea' id='block_1_87' title="bbox 1971 2650 3555 2724">
    <p class='ocr_par' dir='ltr' id='par_1_87' title="bbox 1971 2650 3555 2724">
     <span class='ocr_line' id='line_1_87' title="bbox 1971 2650 3555 2724; baseline -0.004 -15"><span class='ocrx_word' id='word_1_678' title='bbox 1971 2655 2157 2709; x_wconf 89' lang='lat' dir='ltr'><strong>rimus.</strong></span> <span class='ocrx_word' id='word_1_679' title='bbox 2207 2654 2362 2722; x_wconf 89' lang='lat' dir='ltr'><strong>Quod</strong></span> <span class='ocrx_word' id='word_1_680' title='bbox 2402 2654 2484 2723; x_wconf 92' lang='lat' dir='ltr'><strong>si,</strong></span> <span class='ocrx_word' id='word_1_681' title='bbox 2535 2652 2623 2708; x_wconf 88' lang='lat' dir='ltr'><strong>ubi</strong></span> <span class='ocrx_word' id='word_1_682' title='bbox 2655 2653 2876 2724; x_wconf 91' lang='lat' dir='ltr'><strong>pecunia</strong></span> <span class='ocrx_word' id='word_1_683' title='bbox 2927 2653 3202 2707; x_wconf 83' lang='lat' dir='ltr'><strong>dumtaxat</strong></span> <span class='ocrx_word' id='word_1_684' title='bbox 3233 2650 3555 2714; x_wconf 87' lang='lat' dir='ltr'><strong>insumitur,</strong></span> 
     </span>
    </p>
   </div>
   <div class='ocr_carea' id='block_1_88' title="bbox 1971 2738 3552 2813">
    <p class='ocr_par' dir='ltr' id='par_1_88' title="bbox 1971 2738 3552 2813">
     <span class='ocr_line' id='line_1_88' title="bbox 1971 2738 3552 2813; baseline -0.006 -12"><span class='ocrx_word' id='word_1_685' title='bbox 1971 2755 2050 2801; x_wconf 90' lang='lat' dir='ltr'><strong>tot</strong></span> <span class='ocrx_word' id='word_1_686' title='bbox 2069 2756 2192 2801; x_wconf 71' lang='grc'><strong>811111</strong></span> <span class='ocrx_word' id='word_1_687' title='bbox 2221 2761 2434 2801; x_wconf 63' lang='lat' dir='ltr'><strong>coronae</strong></span> <span class='ocrx_word' id='word_1_688' title='bbox 2452 2787 2468 2813; x_wconf 84' lang='lat'><strong>,</strong></span> <span class='ocrx_word' id='word_1_689' title='bbox 2519 2753 2661 2800; x_wconf 88' lang='lat' dir='ltr'><strong>tanta</strong></span> <span class='ocrx_word' id='word_1_690' title='bbox 2705 2759 2910 2800; x_wconf 89' lang='lat' dir='ltr'><strong>merces</strong></span> <span class='ocrx_word' id='word_1_691' title='bbox 2930 2785 2944 2809; x_wconf 85' lang='lat'><strong>,</strong></span> <span class='ocrx_word' id='word_1_692' title='bbox 2971 2751 3117 2797; x_wconf 87' lang='lat' dir='ltr'><strong>tanta</strong></span> <span class='ocrx_word' id='word_1_693' title='bbox 3146 2738 3508 2796; x_wconf 88' lang='lat' dir='ltr'><strong>remuneratio</strong></span> <span class='ocrx_word' id='word_1_694' title='bbox 3539 2756 3552 2792; x_wconf 76' lang='grc' dir='ltr'><em>τ</em></span> 
     </span>
    </p>
   </div>
   <div class='ocr_carea' id='block_1_89' title="bbox 1973 2832 3555 2907">
    <p class='ocr_par' dir='ltr' id='par_1_89' title="bbox 1973 2832 3555 2907">
     <span class='ocr_line' id='line_1_89' title="bbox 1973 2832 3555 2907; baseline -0.006 -14"><span class='ocrx_word' id='word_1_695' title='bbox 1973 2839 2059 2893; x_wconf 88' lang='lat' dir='ltr'><strong>ubi</strong></span> <span class='ocrx_word' id='word_1_696' title='bbox 2084 2839 2297 2907; x_wconf 86' lang='lat' dir='ltr'><strong>juvatur</strong></span> <span class='ocrx_word' id='word_1_697' title='bbox 2317 2838 2492 2892; x_wconf 90' lang='lat' dir='ltr'><strong>anima</strong></span> <span class='ocrx_word' id='word_1_698' title='bbox 2515 2877 2529 2903; x_wconf 91' lang='lat'><strong>,</strong></span> <span class='ocrx_word' id='word_1_699' title='bbox 2557 2838 2645 2906; x_wconf 90' lang='lat' dir='ltr'><strong>qui</strong></span> <span class='ocrx_word' id='word_1_700' title='bbox 2670 2837 2780 2890; x_wconf 87' lang='lat' dir='ltr'><strong>fieri</strong></span> <span class='ocrx_word' id='word_1_701' title='bbox 2816 2844 2992 2904; x_wconf 90' lang='lat' dir='ltr'><strong>potest</strong></span> <span class='ocrx_word' id='word_1_702' title='bbox 3014 2844 3073 2888; x_wconf 92' lang='lat' dir='ltr'><strong>ut</strong></span> <span class='ocrx_word' id='word_1_703' title='bbox 3115 2847 3220 2887; x_wconf 88' lang='lat' dir='ltr'><strong>non</strong></span> <span class='ocrx_word' id='word_1_704' title='bbox 3249 2832 3413 2886; x_wconf 87' lang='lat' dir='ltr'><strong>multa</strong></span> <span class='ocrx_word' id='word_1_705' title='bbox 3439 2844 3555 2883; x_wconf 90' lang='lat' dir='ltr'><strong>ma-</strong></span> 
     </span>
    </p>
   </div>
   <div class='ocr_carea' id='block_1_90' title="bbox 1971 2921 3556 3000">
    <p class='ocr_par' dir='ltr' id='par_1_90' title="bbox 1971 2921 3556 3000">
     <span class='ocr_line' id='line_1_90' title="bbox 1971 2921 3556 3000; baseline -0.006 -16"><span class='ocrx_word' id='word_1_706' title='bbox 1971 2945 2180 3000; x_wconf 88' lang='lat' dir='ltr'><strong>gnaque</strong></span> <span class='ocrx_word' id='word_1_707' title='bbox 2227 2929 2380 2984; x_wconf 88' lang='lat' dir='ltr'><strong>nobis</strong></span> <span class='ocrx_word' id='word_1_708' title='bbox 2427 2930 2737 2997; x_wconf 82' lang='lat' dir='ltr'><strong>contingant</strong></span> <span class='ocrx_word' id='word_1_709' title='bbox 2777 2927 2955 2982; x_wconf 87' lang='lat' dir='ltr'><strong>bona?</strong></span> <span class='ocrx_word' id='word_1_710' title='bbox 2986 2926 3196 2980; x_wconf 88' lang='lat' dir='ltr'><strong>Etenim</strong></span> <span class='ocrx_word' id='word_1_711' title='bbox 3239 2924 3282 2978; x_wconf 91' lang='lat' dir='ltr'><strong>si</strong></span> <span class='ocrx_word' id='word_1_712' title='bbox 3332 2921 3556 2977; x_wconf 86' lang='lat' dir='ltr'><strong>Tabitha</strong></span> 
     </span>
    </p>
   </div>
   <div class='ocr_carea' id='block_1_91' title="bbox 1974 3011 3556 3091">
    <p class='ocr_par' dir='ltr' id='par_1_91' title="bbox 1974 3011 3556 3091">
     <span class='ocr_line' id='line_1_91' title="bbox 1974 3011 3556 3091; baseline -0.007 -15"><span class='ocrx_word' id='word_1_713' title='bbox 1974 3021 2086 3088; x_wconf 90' lang='lat' dir='ltr'><strong>illa,</strong></span> <span class='ocrx_word' id='word_1_714' title='bbox 2118 3036 2236 3091; x_wconf 83' lang='lat' dir='ltr'><strong>quae</strong></span> <span class='ocrx_word' id='word_1_715' title='bbox 2255 3019 2442 3074; x_wconf 85' lang='lat' dir='ltr'><strong>viduas</strong></span> <span class='ocrx_word' id='word_1_716' title='bbox 2467 3018 2728 3074; x_wconf 89' lang='lat' dir='ltr'><strong>vestiebat</strong></span> <span class='ocrx_word' id='word_1_717' title='bbox 2753 3059 2765 3083; x_wconf 92' lang='lat'><strong>,</strong></span> <span class='ocrx_word' id='word_1_718' title='bbox 2798 3032 2916 3086; x_wconf 87' lang='lat' dir='ltr'><strong>quae</strong></span> <span class='ocrx_word' id='word_1_719' title='bbox 2945 3014 3240 3086; x_wconf 88' lang='lat' dir='ltr'><strong>paupertati</strong></span> <span class='ocrx_word' id='word_1_720' title='bbox 3272 3011 3556 3066; x_wconf 87' lang='lat' dir='ltr'><strong>subvenie-</strong></span> 
     </span>
    </p>
   </div>
   <div class='ocr_carea' id='block_1_92' title="bbox 1973 3100 3559 3177">
    <p class='ocr_par' dir='ltr' id='par_1_92' title="bbox 1973 3100 3559 3177">
     <span class='ocr_line' id='line_1_92' title="bbox 1973 3100 3559 3177; baseline -0.007 -10"><span class='ocrx_word' id='word_1_721' title='bbox 1973 3113 2102 3177; x_wconf 87' lang='lat' dir='ltr'><strong>bat,</strong></span> <span class='ocrx_word' id='word_1_722' title='bbox 2135 3126 2166 3164; x_wconf 88' lang='lat' dir='ltr'><strong>a</strong></span> <span class='ocrx_word' id='word_1_723' title='bbox 2193 3120 2367 3165; x_wconf 90' lang='lat' dir='ltr'><strong>morte</strong></span> <span class='ocrx_word' id='word_1_724' title='bbox 2417 3110 2468 3163; x_wconf 90' lang='lat' dir='ltr'><strong>in</strong></span> <span class='ocrx_word' id='word_1_725' title='bbox 2497 3110 2656 3163; x_wconf 87' lang='lat' dir='ltr'><strong>vitam</strong></span> <span class='ocrx_word' id='word_1_726' title='bbox 2685 3115 2927 3162; x_wconf 89' lang='lat' dir='ltr'><strong>revocata</strong></span> <span class='ocrx_word' id='word_1_727' title='bbox 2971 3115 3052 3160; x_wconf 89' lang='lat' dir='ltr'><strong>est</strong></span> <span class='ocrx_word' id='word_1_728' title='bbox 3080 3105 3213 3175; x_wconf 85' lang='lat' dir='ltr'><strong>(Act.</strong></span> <span class='ocrx_word' id='word_1_729' title='bbox 3243 3103 3298 3158; x_wconf 90' lang='lat'><strong>9.</strong></span> <span class='ocrx_word' id='word_1_730' title='bbox 3344 3100 3436 3174; x_wconf 80' lang='lat'><strong>56)</strong></span> <span class='ocrx_word' id='word_1_731' title='bbox 3460 3143 3474 3164; x_wconf 87' lang='lat'><strong>,</strong></span> <span class='ocrx_word' id='word_1_732' title='bbox 3502 3111 3559 3156; x_wconf 88' lang='lat' dir='ltr'><strong>et</strong></span> 
     </span>
    </p>
   </div>
   <div class='ocr_carea' id='block_1_93' title="bbox 1972 3193 3558 3273">
    <p class='ocr_par' dir='ltr' id='par_1_93' title="bbox 1972 3193 3558 3273">
     <span class='ocr_line' id='line_1_93' title="bbox 1972 3193 3558 3273; baseline -0.007 -17"><span class='ocrx_word' id='word_1_733' title='bbox 1972 3203 2222 3273; x_wconf 75' lang='lat' dir='ltr'><strong>lacrymte</strong></span> <span class='ocrx_word' id='word_1_734' title='bbox 2247 3215 2431 3256; x_wconf 89' lang='lat' dir='ltr'><strong>eorum</strong></span> <span class='ocrx_word' id='word_1_735' title='bbox 2450 3199 2539 3269; x_wconf 93' lang='lat' dir='ltr'><strong>qui</strong></span> <span class='ocrx_word' id='word_1_736' title='bbox 2569 3198 2839 3254; x_wconf 80' lang='lat' dir='ltr'><strong>beneﬁciis</strong></span> <span class='ocrx_word' id='word_1_737' title='bbox 2865 3197 3037 3251; x_wconf 71' lang='lat' dir='ltr'><strong>allecti</strong></span> <span class='ocrx_word' id='word_1_738' title='bbox 3061 3195 3266 3250; x_wconf 87' lang='lat' dir='ltr'><strong>fuerant</strong></span> <span class='ocrx_word' id='word_1_739' title='bbox 3289 3235 3302 3259; x_wconf 93' lang='lat'><strong>,</strong></span> <span class='ocrx_word' id='word_1_740' title='bbox 3326 3193 3558 3247; x_wconf 90' lang='lat' dir='ltr'><strong>animam</strong></span> 
     </span>
    </p>
   </div>
   <div class='ocr_carea' id='block_1_94' title="bbox 1974 3285 3558 3360">
    <p class='ocr_par' dir='ltr' id='par_1_94' title="bbox 1974 3285 3558 3360">
     <span class='ocr_line' id='line_1_94' title="bbox 1974 3285 3558 3360; baseline -0.008 -13"><span class='ocrx_word' id='word_1_741' title='bbox 1974 3293 2028 3348; x_wconf 91' lang='lat' dir='ltr'><strong>in</strong></span> <span class='ocrx_word' id='word_1_742' title='bbox 2055 3306 2249 3360; x_wconf 91' lang='lat' dir='ltr'><strong>corpus</strong></span> <span class='ocrx_word' id='word_1_743' title='bbox 2278 3290 2638 3356; x_wconf 82' lang='lat' dir='ltr'><strong>reduxerunt,</strong></span> <span class='ocrx_word' id='word_1_744' title='bbox 2686 3303 2806 3344; x_wconf 92' lang='lat' dir='ltr'><strong>cum</strong></span> <span class='ocrx_word' id='word_1_745' title='bbox 2848 3287 3083 3341; x_wconf 91' lang='lat' dir='ltr'><strong>nondum</strong></span> <span class='ocrx_word' id='word_1_746' title='bbox 3111 3285 3345 3340; x_wconf 85' lang='lat' dir='ltr'><strong>venisset</strong></span> <span class='ocrx_word' id='word_1_747' title='bbox 3377 3298 3558 3337; x_wconf 89' lang='lat' dir='ltr'><strong>resur-</strong></span> 
     </span>
    </p>
   </div>
   <div class='ocr_carea' id='block_1_95' title="bbox 1975 3373 3556 3452">
    <p class='ocr_par' dir='ltr' id='par_1_95' title="bbox 1975 3373 3556 3452">
     <span class='ocr_line' id='line_1_95' title="bbox 1975 3373 3556 3452; baseline -0.007 -15"><span class='ocrx_word' id='word_1_748' title='bbox 1975 3384 2144 3438; x_wconf 89' lang='lat' dir='ltr'><strong>rectio</strong></span> <span class='ocrx_word' id='word_1_749' title='bbox 2178 3400 2191 3434; x_wconf 94' lang='lat'><strong>:</strong></span> <span class='ocrx_word' id='word_1_750' title='bbox 2231 3381 2358 3452; x_wconf 90' lang='lat' dir='ltr'><strong>quid</strong></span> <span class='ocrx_word' id='word_1_751' title='bbox 2386 3380 2580 3434; x_wconf 90' lang='lat' dir='ltr'><strong>facient</strong></span> <span class='ocrx_word' id='word_1_752' title='bbox 2606 3379 2880 3433; x_wconf 84' lang='lat' dir='ltr'><strong>hominum</strong></span> <span class='ocrx_word' id='word_1_753' title='bbox 2912 3392 3008 3448; x_wconf 89' lang='lat' dir='ltr'><strong>per</strong></span> <span class='ocrx_word' id='word_1_754' title='bbox 3035 3386 3086 3431; x_wconf 89' lang='lat' dir='ltr'><strong>te</strong></span> <span class='ocrx_word' id='word_1_755' title='bbox 3115 3383 3447 3430; x_wconf 88' lang='lat' dir='ltr'><strong>servatorum</strong></span> <span class='ocrx_word' id='word_1_756' title='bbox 3477 3373 3556 3426; x_wconf 89' lang='lat' dir='ltr'><strong>la-</strong></span> 
     </span>
    </p>
   </div>
   <div class='ocr_carea' id='block_1_96' title="bbox 1975 3465 3560 3547">
    <p class='ocr_par' dir='ltr' id='par_1_96' title="bbox 1975 3465 3560 3547">
     <span class='ocr_line' id='line_1_96' title="bbox 1975 3465 3560 3547; baseline -0.007 -16"><span class='ocrx_word' id='word_1_757' title='bbox 1975 3474 2212 3547; x_wconf 75' lang='lat' dir='ltr'><strong>crymze?</strong></span> <span class='ocrx_word' id='word_1_758' title='bbox 2239 3473 2386 3529; x_wconf 90' lang='lat' dir='ltr'><strong>Sicut</strong></span> <span class='ocrx_word' id='word_1_759' title='bbox 2411 3473 2554 3527; x_wconf 91' lang='lat' dir='ltr'><strong>enim</strong></span> <span class='ocrx_word' id='word_1_760' title='bbox 2587 3472 2722 3525; x_wconf 91' lang='lat' dir='ltr'><strong>hanc</strong></span> <span class='ocrx_word' id='word_1_761' title='bbox 2751 3471 3158 3525; x_wconf 87' lang='lat' dir='ltr'><strong>circumstantes</strong></span> <span class='ocrx_word' id='word_1_762' title='bbox 3185 3466 3357 3520; x_wconf 74' lang='lat' dir='ltr'><strong>vidure</strong></span> <span class='ocrx_word' id='word_1_763' title='bbox 3385 3465 3560 3520; x_wconf 90' lang='lat' dir='ltr'><strong>vivam</strong></span> 
     </span>
    </p>
   </div>
   <div class='ocr_carea' id='block_1_97' title="bbox 1977 3562 3560 3625">
    <p class='ocr_par' dir='ltr' id='par_1_97' title="bbox 1977 3562 3560 3625">
     <span class='ocr_line' id='line_1_97' title="bbox 1977 3562 3560 3625; baseline -0.008 -1"><span class='ocrx_word' id='word_1_764' title='bbox 1977 3585 2043 3625; x_wconf 83' lang='lat' dir='ltr'><strong>ex</strong></span> <span class='ocrx_word' id='word_1_765' title='bbox 2069 3576 2275 3623; x_wconf 88' lang='lat' dir='ltr'><strong>mortua</strong></span> <span class='ocrx_word' id='word_1_766' title='bbox 2305 3566 2651 3622; x_wconf 88' lang='lat' dir='ltr'><strong>reddiderunt</strong></span> <span class='ocrx_word' id='word_1_767' title='bbox 2681 3582 2692 3617; x_wconf 93' lang='lat'>:</span> <span class='ocrx_word' id='word_1_768' title='bbox 2723 3565 2798 3618; x_wconf 90' lang='lat' dir='ltr'><strong>sic</strong></span> <span class='ocrx_word' id='word_1_769' title='bbox 2821 3573 2874 3617; x_wconf 78' lang='lat' dir='ltr'><strong>ct</strong></span> <span class='ocrx_word' id='word_1_770' title='bbox 2902 3571 2951 3618; x_wconf 91' lang='lat' dir='ltr'><strong>te</strong></span> <span class='ocrx_word' id='word_1_771' title='bbox 2983 3572 3108 3616; x_wconf 89' lang='lat' dir='ltr'><strong>tunc</strong></span> <span class='ocrx_word' id='word_1_772' title='bbox 3150 3562 3560 3615; x_wconf 87' lang='lat' dir='ltr'><strong>circumstantes</strong></span> 
     </span>
    </p>
   </div>
   <div class='ocr_carea' id='block_1_98' title="bbox 1978 3653 3558 3733">
    <p class='ocr_par' dir='ltr' id='par_1_98' title="bbox 1978 3653 3558 3733">
     <span class='ocr_line' id='line_1_98' title="bbox 1978 3653 3558 3733; baseline -0.007 -18"><span class='ocrx_word' id='word_1_773' title='bbox 1978 3662 2069 3733; x_wconf 89' lang='lat' dir='ltr'><strong>qui</strong></span> <span class='ocrx_word' id='word_1_774' title='bbox 2097 3675 2238 3714; x_wconf 90' lang='lat' dir='ltr'><strong>nunc</strong></span> <span class='ocrx_word' id='word_1_775' title='bbox 2268 3675 2364 3730; x_wconf 90' lang='lat' dir='ltr'><strong>per</strong></span> <span class='ocrx_word' id='word_1_776' title='bbox 2403 3668 2455 3713; x_wconf 88' lang='lat' dir='ltr'><strong>te</strong></span> <span class='ocrx_word' id='word_1_777' title='bbox 2483 3657 2677 3712; x_wconf 86' lang='lat' dir='ltr'><strong>servati</strong></span> <span class='ocrx_word' id='word_1_778' title='bbox 2716 3656 2942 3720; x_wconf 84' lang='lat' dir='ltr'><strong>fuerint,</strong></span> <span class='ocrx_word' id='word_1_779' title='bbox 2973 3654 3210 3709; x_wconf 86' lang='lat' dir='ltr'><strong>efficient</strong></span> <span class='ocrx_word' id='word_1_780' title='bbox 3238 3661 3299 3708; x_wconf 90' lang='lat' dir='ltr'><strong>ut</strong></span> <span class='ocrx_word' id='word_1_781' title='bbox 3335 3653 3558 3706; x_wconf 89' lang='lat' dir='ltr'><strong>multam</strong></span> 
     </span>
    </p>
   </div>
   <div class='ocr_carea' id='block_1_99' title="bbox 1976 3745 3564 3824">
    <p class='ocr_par' dir='ltr' id='par_1_99' title="bbox 1976 3745 3564 3824">
     <span class='ocr_line' id='line_1_99' title="bbox 1976 3745 3564 3824; baseline -0.007 -14"><span class='ocrx_word' id='word_1_782' title='bbox 1976 3754 2269 3824; x_wconf 80' lang='lat' dir='ltr'><strong>experiaris</strong></span> <span class='ocrx_word' id='word_1_783' title='bbox 2304 3753 2683 3806; x_wconf 68' lang='lat' dir='ltr'><strong>humanitatem</strong></span> <span class='ocrx_word' id='word_1_784' title='bbox 2709 3791 2724 3816; x_wconf 91' lang='lat'><strong>,</strong></span> <span class='ocrx_word' id='word_1_785' title='bbox 2747 3758 2801 3805; x_wconf 94' lang='lat' dir='ltr'><strong>et</strong></span> <span class='ocrx_word' id='word_1_786' title='bbox 2826 3765 2891 3804; x_wconf 82' lang='lat' dir='ltr'><strong>ex</strong></span> <span class='ocrx_word' id='word_1_787' title='bbox 2918 3748 3161 3803; x_wconf 84' lang='lat' dir='ltr'><strong>incendio</strong></span> <span class='ocrx_word' id='word_1_788' title='bbox 3179 3747 3436 3817; x_wconf 67' lang='lat' dir='ltr'><strong>gehennae</strong></span> <span class='ocrx_word' id='word_1_789' title='bbox 3453 3745 3564 3800; x_wconf 84' lang='lat' dir='ltr'><strong>eri-</strong></span> 
     </span>
    </p>
   </div>
   <div class='ocr_carea' id='block_1_100' title="bbox 1979 3838 3562 3918">
    <p class='ocr_par' dir='ltr' id='par_1_100' title="bbox 1979 3838 3562 3918">
     <span class='ocr_line' id='line_1_100' title="bbox 1979 3838 3562 3918; baseline -0.007 -17"><span class='ocrx_word' id='word_1_790' title='bbox 1979 3849 2145 3918; x_wconf 87' lang='lat' dir='ltr'><strong>pient.</strong></span> <span class='ocrx_word' id='word_1_791' title='bbox 2179 3846 2302 3901; x_wconf 68' lang='lat' dir='ltr'><strong>Huic</strong></span> <span class='ocrx_word' id='word_1_792' title='bbox 2323 3845 2479 3916; x_wconf 88' lang='lat' dir='ltr'><strong>igitur</strong></span> <span class='ocrx_word' id='word_1_793' title='bbox 2507 3845 2767 3910; x_wconf 89' lang='lat' dir='ltr'><strong>scientes,</strong></span> <span class='ocrx_word' id='word_1_794' title='bbox 2802 3857 2905 3896; x_wconf 91' lang='lat' dir='ltr'><strong>non</strong></span> <span class='ocrx_word' id='word_1_795' title='bbox 2937 3841 3001 3895; x_wconf 92' lang='lat' dir='ltr'><strong>ad</strong></span> <span class='ocrx_word' id='word_1_796' title='bbox 3029 3849 3346 3911; x_wconf 71' lang='lat' dir='ltr'><strong>prmsentem</strong></span> <span class='ocrx_word' id='word_1_797' title='bbox 3375 3838 3562 3894; x_wconf 90' lang='lat' dir='ltr'><strong>horam</strong></span> 
     </span>
    </p>
   </div>
   <div class='ocr_carea' id='block_1_101' title="bbox 1979 3931 3561 4003">
    <p class='ocr_par' dir='ltr' id='par_1_101' title="bbox 1979 3931 3561 4003">
     <span class='ocr_line' id='line_1_101' title="bbox 1979 3931 3561 4003; baseline -0.006 -11"><span class='ocrx_word' id='word_1_798' title='bbox 1979 3947 2183 3992; x_wconf 90' lang='lat' dir='ltr'><strong>tantum</strong></span> <span class='ocrx_word' id='word_1_799' title='bbox 2206 3936 2392 3992; x_wconf 89' lang='lat' dir='ltr'><strong>fervidi</strong></span> <span class='ocrx_word' id='word_1_800' title='bbox 2415 3937 2580 3990; x_wconf 90' lang='lat' dir='ltr'><strong>simus</strong></span> <span class='ocrx_word' id='word_1_801' title='bbox 2606 3943 2659 3988; x_wconf 91' lang='lat' dir='ltr'><strong>ct</strong></span> <span class='ocrx_word' id='word_1_802' title='bbox 2682 3933 2958 4003; x_wconf 87' lang='lat' dir='ltr'><strong>vigilantes</strong></span> <span class='ocrx_word' id='word_1_803' title='bbox 2983 3973 2997 3996; x_wconf 89' lang='lat'><strong>,</strong></span> <span class='ocrx_word' id='word_1_804' title='bbox 3035 3931 3128 3985; x_wconf 90' lang='lat' dir='ltr'><strong>sed</strong></span> <span class='ocrx_word' id='word_1_805' title='bbox 3159 3931 3333 3999; x_wconf 88' lang='lat' dir='ltr'><strong>ignem</strong></span> <span class='ocrx_word' id='word_1_806' title='bbox 3357 3970 3373 3995; x_wconf 86' lang='lat'><strong>,</strong></span> <span class='ocrx_word' id='word_1_807' title='bbox 3403 3943 3561 3997; x_wconf 91' lang='lat' dir='ltr'><strong>quem</strong></span> 
     </span>
    </p>
   </div>
   <div class='ocr_carea' id='block_1_102' title="bbox 1979 4017 3563 4092">
    <p class='ocr_par' dir='ltr' id='par_1_102' title="bbox 1979 4017 3563 4092">
     <span class='ocr_line' id='line_1_102' title="bbox 1979 4017 3563 4092; baseline -0.008 -10"><span class='ocrx_word' id='word_1_808' title='bbox 1979 4027 2188 4084; x_wconf 83' lang='lat' dir='ltr'><strong>habetis</strong></span> <span class='ocrx_word' id='word_1_809' title='bbox 2230 4041 2406 4092; x_wconf 90' lang='lat' dir='ltr'><strong>nunc,</strong></span> <span class='ocrx_word' id='word_1_810' title='bbox 2456 4024 2764 4088; x_wconf 89' lang='lat' dir='ltr'><strong>accendite;</strong></span> <span class='ocrx_word' id='word_1_811' title='bbox 2807 4021 3114 4092; x_wconf 86' lang='lat' dir='ltr'><strong>egressique</strong></span> <span class='ocrx_word' id='word_1_812' title='bbox 3156 4019 3326 4086; x_wconf 87' lang='lat' dir='ltr'><strong>foras,</strong></span> <span class='ocrx_word' id='word_1_813' title='bbox 3374 4017 3563 4092; x_wconf 84' lang='lat' dir='ltr'><strong>distri-</strong></span> 
     </span>
    </p>
   </div>
   <div class='ocr_carea' id='block_1_103' title="bbox 1982 4091 3566 4182">
    <p class='ocr_par' dir='ltr' id='par_1_103' title="bbox 1982 4091 3566 4182">
     <span class='ocr_line' id='line_1_103' title="bbox 1982 4091 3566 4182; baseline -0.006 -8"><span class='ocrx_word' id='word_1_814' title='bbox 1982 4119 2126 4174; x_wconf 88' lang='lat' dir='ltr'><strong>buite</strong></span> <span class='ocrx_word' id='word_1_815' title='bbox 2146 4117 2369 4174; x_wconf 91' lang='lat' dir='ltr'><strong>salutem</strong></span> <span class='ocrx_word' id='word_1_816' title='bbox 2400 4116 2646 4171; x_wconf 87' lang='lat' dir='ltr'><strong>civitatis.</strong></span> <span class='ocrx_word' id='word_1_817' title='bbox 2679 4091 2915 4181; x_wconf 75' lang='lat' dir='ltr'><strong>Quodsi</strong></span> <span class='ocrx_word' id='word_1_818' title='bbox 2942 4109 3195 4182; x_wconf 85' lang='lat' dir='ltr'><strong>ignoretis</strong></span> <span class='ocrx_word' id='word_1_819' title='bbox 3219 4152 3233 4178; x_wconf 93' lang='lat'><strong>,</strong></span> <span class='ocrx_word' id='word_1_820' title='bbox 3274 4091 3566 4178; x_wconf 75' lang='lat' dir='ltr'><strong>perquirite</strong></span> 
     </span>
    </p>
   </div>
   <div class='ocr_carea' id='block_1_104' title="bbox 1981 4191 3568 4279">
    <p class='ocr_par' dir='ltr' id='par_1_104' title="bbox 1981 4191 3568 4279">
     <span class='ocr_line' id='line_1_104' title="bbox 1981 4191 3568 4279; baseline -0.009 -13"><span class='ocrx_word' id='word_1_821' title='bbox 1981 4225 2111 4272; x_wconf 85' lang='lat' dir='ltr'><strong>eos,</strong></span> <span class='ocrx_word' id='word_1_822' title='bbox 2138 4191 2229 4279; x_wconf 84' lang='lat' dir='ltr'><strong>qui</strong></span> <span class='ocrx_word' id='word_1_823' title='bbox 2267 4207 2350 4262; x_wconf 89' lang='lat' dir='ltr'><strong>his</strong></span> <span class='ocrx_word' id='word_1_824' title='bbox 2377 4207 2529 4262; x_wconf 91' lang='lat' dir='ltr'><strong>malis</strong></span> <span class='ocrx_word' id='word_1_825' title='bbox 2553 4211 2832 4274; x_wconf 65' lang='lat' dir='ltr'><strong>aegrotant.</strong></span> <span class='ocrx_word' id='word_1_826' title='bbox 2865 4202 2952 4258; x_wconf 90' lang='lat' dir='ltr'><strong>Sic</strong></span> <span class='ocrx_word' id='word_1_827' title='bbox 2988 4202 3130 4256; x_wconf 89' lang='lat' dir='ltr'><strong>enim</strong></span> <span class='ocrx_word' id='word_1_828' title='bbox 3176 4209 3230 4254; x_wconf 90' lang='lat' dir='ltr'><strong>et</strong></span> <span class='ocrx_word' id='word_1_829' title='bbox 3277 4213 3373 4253; x_wconf 92' lang='lat' dir='ltr'><strong>nos</strong></span> <span class='ocrx_word' id='word_1_830' title='bbox 3415 4198 3568 4253; x_wconf 89' lang='lat' dir='ltr'><strong>vobis</strong></span> 
     </span>
    </p>
   </div>
   <div class='ocr_carea' id='block_1_105' title="bbox 1981 4289 3565 4372">
    <p class='ocr_par' dir='ltr' id='par_1_105' title="bbox 1981 4289 3565 4372">
     <span class='ocr_line' id='line_1_105' title="bbox 1981 4289 3565 4372; baseline -0.008 -16"><span class='ocrx_word' id='word_1_831' title='bbox 1981 4299 2280 4372; x_wconf 88' lang='lat' dir='ltr'><strong>promptius</strong></span> <span class='ocrx_word' id='word_1_832' title='bbox 2337 4298 2694 4366; x_wconf 89' lang='lat' dir='ltr'><strong>libentiusque</strong></span> <span class='ocrx_word' id='word_1_833' title='bbox 2733 4295 3046 4364; x_wconf 91' lang='lat' dir='ltr'><strong>loquemur,</strong></span> <span class='ocrx_word' id='word_1_834' title='bbox 3091 4291 3221 4361; x_wconf 89' lang='lat' dir='ltr'><strong>ipsis</strong></span> <span class='ocrx_word' id='word_1_835' title='bbox 3274 4289 3428 4344; x_wconf 87' lang='lat' dir='ltr'><strong>factis</strong></span> <span class='ocrx_word' id='word_1_836' title='bbox 3469 4303 3565 4344; x_wconf 87' lang='lat' dir='ltr'><strong>co-</strong></span> 
     </span>
    </p>
   </div>
   <div class='ocr_carea' id='block_1_106' title="bbox 1983 4383 3568 4467">
    <p class='ocr_par' dir='ltr' id='par_1_106' title="bbox 1983 4383 3568 4467">
     <span class='ocr_line' id='line_1_106' title="bbox 1983 4383 3568 4467; baseline -0.01 -17"><span class='ocrx_word' id='word_1_837' title='bbox 1983 4401 2300 4467; x_wconf 87' lang='lat' dir='ltr'><strong>gnoscentes</strong></span> <span class='ocrx_word' id='word_1_838' title='bbox 2323 4433 2338 4458; x_wconf 92' lang='lat'><strong>,</strong></span> <span class='ocrx_word' id='word_1_839' title='bbox 2369 4404 2468 4444; x_wconf 91' lang='lat' dir='ltr'><strong>nos</strong></span> <span class='ocrx_word' id='word_1_840' title='bbox 2502 4404 2609 4444; x_wconf 90' lang='lat' dir='ltr'><strong>non</strong></span> <span class='ocrx_word' id='word_1_841' title='bbox 2636 4389 2689 4442; x_wconf 93' lang='lat' dir='ltr'><strong>in</strong></span> <span class='ocrx_word' id='word_1_842' title='bbox 2718 4395 2922 4457; x_wconf 91' lang='lat' dir='ltr'><strong>petram</strong></span> <span class='ocrx_word' id='word_1_843' title='bbox 2945 4399 3128 4440; x_wconf 90' lang='lat' dir='ltr'><strong>semen</strong></span> <span class='ocrx_word' id='word_1_844' title='bbox 3147 4383 3345 4454; x_wconf 88' lang='lat' dir='ltr'><strong>jecisse</strong></span> <span class='ocrx_word' id='word_1_845' title='bbox 3363 4423 3378 4450; x_wconf 90' lang='lat'><strong>,</strong></span> <span class='ocrx_word' id='word_1_846' title='bbox 3399 4390 3454 4437; x_wconf 91' lang='lat' dir='ltr'><strong>et</strong></span> <span class='ocrx_word' id='word_1_847' title='bbox 3472 4394 3568 4435; x_wconf 89' lang='lat' dir='ltr'><strong>vos</strong></span> 
     </span>
    </p>
   </div>
   <div class='ocr_carea' id='block_1_107' title="bbox 1983 4474 3566 4558">
    <p class='ocr_par' dir='ltr' id='par_1_107' title="bbox 1983 4474 3566 4558">
     <span class='ocr_line' id='line_1_107' title="bbox 1983 4474 3566 4558; baseline -0.01 -15"><span class='ocrx_word' id='word_1_848' title='bbox 1983 4487 2087 4558; x_wconf 90' lang='lat' dir='ltr'><strong>ipsi</strong></span> <span class='ocrx_word' id='word_1_849' title='bbox 2134 4486 2276 4542; x_wconf 90' lang='lat' dir='ltr'><strong>circa</strong></span> <span class='ocrx_word' id='word_1_850' title='bbox 2322 4482 2531 4538; x_wconf 90' lang='lat' dir='ltr'><strong>virtutis</strong></span> <span class='ocrx_word' id='word_1_851' title='bbox 2582 4478 3019 4536; x_wconf 84' lang='lat' dir='ltr'><strong>exercitationem</strong></span> <span class='ocrx_word' id='word_1_852' title='bbox 3065 4475 3215 4532; x_wconf 88' lang='lat' dir='ltr'><strong>eritis</strong></span> <span class='ocrx_word' id='word_1_853' title='bbox 3256 4474 3566 4529; x_wconf 89' lang='lat' dir='ltr'><strong>alacriores.</strong></span> 
     </span>
    </p>
   </div>
   <div class='ocr_carea' id='block_1_108' title="bbox 1986 4568 3569 4648">
    <p class='ocr_par' dir='ltr' id='par_1_108' title="bbox 1986 4568 3569 4648">
     <span class='ocr_line' id='line_1_108' title="bbox 1986 4568 3569 4648; baseline -0.009 -13"><span class='ocrx_word' id='word_1_854' title='bbox 1986 4577 2444 4648; x_wconf 84' lang='lat' dir='ltr'><strong>Quemadmodum</strong></span> <span class='ocrx_word' id='word_1_855' title='bbox 2474 4574 2617 4630; x_wconf 92' lang='lat' dir='ltr'><strong>enim</strong></span> <span class='ocrx_word' id='word_1_856' title='bbox 2648 4573 2700 4628; x_wconf 92' lang='lat' dir='ltr'><strong>in</strong></span> <span class='ocrx_word' id='word_1_857' title='bbox 2728 4571 2968 4642; x_wconf 91' lang='lat' dir='ltr'><strong>pecuniis</strong></span> <span class='ocrx_word' id='word_1_858' title='bbox 2991 4611 3006 4637; x_wconf 95' lang='lat'><strong>,</strong></span> <span class='ocrx_word' id='word_1_859' title='bbox 3043 4569 3134 4640; x_wconf 90' lang='lat' dir='ltr'><strong>qui</strong></span> <span class='ocrx_word' id='word_1_860' title='bbox 3159 4568 3294 4624; x_wconf 92' lang='lat' dir='ltr'><strong>duos</strong></span> <span class='ocrx_word' id='word_1_861' title='bbox 3331 4568 3569 4622; x_wconf 89' lang='lat' dir='ltr'><strong>lucratus</strong></span> 
     </span>
    </p>
   </div>
   <div class='ocr_carea' id='block_1_109' title="bbox 1987 4657 3567 4738">
    <p class='ocr_par' dir='ltr' id='par_1_109' title="bbox 1987 4657 3567 4738">
     <span class='ocr_line' id='line_1_109' title="bbox 1987 4657 3567 4738; baseline -0.01 -11"><span class='ocrx_word' id='word_1_862' title='bbox 1987 4680 2070 4727; x_wconf 92' lang='lat' dir='ltr'><strong>est</strong></span> <span class='ocrx_word' id='word_1_863' title='bbox 2096 4684 2316 4734; x_wconf 90' lang='lat' dir='ltr'><strong>aureos,</strong></span> <span class='ocrx_word' id='word_1_864' title='bbox 2350 4666 2600 4738; x_wconf 87' lang='lat' dir='ltr'><strong>proclivis</strong></span> <span class='ocrx_word' id='word_1_865' title='bbox 2625 4673 2709 4720; x_wconf 91' lang='lat' dir='ltr'><strong>est</strong></span> <span class='ocrx_word' id='word_1_866' title='bbox 2730 4663 2798 4718; x_wconf 86' lang='lat' dir='ltr'><strong>ad</strong></span> <span class='ocrx_word' id='word_1_867' title='bbox 2821 4662 3007 4718; x_wconf 89' lang='lat' dir='ltr'><strong>decem</strong></span> <span class='ocrx_word' id='word_1_868' title='bbox 3031 4703 3044 4727; x_wconf 94' lang='lat'><strong>,</strong></span> <span class='ocrx_word' id='word_1_869' title='bbox 3076 4668 3131 4715; x_wconf 92' lang='lat' dir='ltr'><strong>et</strong></span> <span class='ocrx_word' id='word_1_870' title='bbox 3153 4659 3220 4714; x_wconf 91' lang='lat' dir='ltr'><strong>ad</strong></span> <span class='ocrx_word' id='word_1_871' title='bbox 3242 4659 3425 4730; x_wconf 88' lang='lat' dir='ltr'><strong>viginti</strong></span> <span class='ocrx_word' id='word_1_872' title='bbox 3451 4657 3567 4712; x_wconf 88' lang='lat' dir='ltr'><strong>col-</strong></span> 
     </span>
    </p>
   </div>
   <div class='ocr_carea' id='block_1_110' title="bbox 1987 4752 3566 4835">
    <p class='ocr_par' dir='ltr' id='par_1_110' title="bbox 1987 4752 3566 4835">
     <span class='ocr_line' id='line_1_110' title="bbox 1987 4752 3566 4835; baseline -0.009 -17"><span class='ocrx_word' id='word_1_873' title='bbox 1987 4762 2229 4835; x_wconf 87' lang='lat' dir='ltr'><strong>ligendos</strong></span> <span class='ocrx_word' id='word_1_874' title='bbox 2257 4758 2761 4832; x_wconf 85' lang='lat' dir='ltr'><strong>congregandosque</strong></span> <span class='ocrx_word' id='word_1_875' title='bbox 2785 4773 2799 4820; x_wconf 91' lang='lat'><strong>;</strong></span> <span class='ocrx_word' id='word_1_876' title='bbox 2831 4756 2908 4810; x_wconf 91' lang='lat' dir='ltr'><strong>sic</strong></span> <span class='ocrx_word' id='word_1_877' title='bbox 2935 4769 3034 4809; x_wconf 92' lang='lat' dir='ltr'><strong>usu</strong></span> <span class='ocrx_word' id='word_1_878' title='bbox 3061 4753 3206 4808; x_wconf 90' lang='lat' dir='ltr'><strong>venit</strong></span> <span class='ocrx_word' id='word_1_879' title='bbox 3232 4762 3286 4807; x_wconf 91' lang='lat' dir='ltr'><strong>et</strong></span> <span class='ocrx_word' id='word_1_880' title='bbox 3315 4753 3368 4806; x_wconf 90' lang='lat' dir='ltr'><strong>in</strong></span> <span class='ocrx_word' id='word_1_881' title='bbox 3395 4752 3566 4805; x_wconf 89' lang='lat' dir='ltr'><strong>virtu-</strong></span> 
     </span>
    </p>
   </div>
   <div class='ocr_carea' id='block_1_111' title="bbox 1985 4846 3572 4926">
    <p class='ocr_par' dir='ltr' id='par_1_111' title="bbox 1985 4846 3572 4926">
     <span class='ocr_line' id='line_1_111' title="bbox 1985 4846 3572 4926; baseline -0.009 -14"><span class='ocrx_word' id='word_1_882' title='bbox 1985 4865 2040 4912; x_wconf 89' lang='lat' dir='ltr'><strong>te</strong></span> <span class='ocrx_word' id='word_1_883' title='bbox 2072 4874 2085 4910; x_wconf 91' lang='lat'><strong>:</strong></span> <span class='ocrx_word' id='word_1_884' title='bbox 2118 4861 2208 4926; x_wconf 90' lang='lat' dir='ltr'><strong>qui</strong></span> <span class='ocrx_word' id='word_1_885' title='bbox 2232 4854 2417 4911; x_wconf 89' lang='lat' dir='ltr'><strong>fecerit</strong></span> <span class='ocrx_word' id='word_1_886' title='bbox 2440 4852 2637 4908; x_wconf 90' lang='lat' dir='ltr'><strong>bonum</strong></span> <span class='ocrx_word' id='word_1_887' title='bbox 2661 4848 2872 4920; x_wconf 90' lang='lat' dir='ltr'><strong>aliquod</strong></span> <span class='ocrx_word' id='word_1_888' title='bbox 2891 4862 3047 4919; x_wconf 91' lang='lat' dir='ltr'><strong>opus,</strong></span> <span class='ocrx_word' id='word_1_889' title='bbox 3073 4846 3412 4916; x_wconf 80' lang='lat' dir='ltr'><strong>officiumque</strong></span> <span class='ocrx_word' id='word_1_890' title='bbox 3435 4859 3572 4914; x_wconf 69' lang='lat' dir='ltr'><strong>pra:-</strong></span> 
     </span>
    </p>
   </div>
   <div class='ocr_carea' id='block_1_112' title="bbox 1987 4935 3568 5011">
    <p class='ocr_par' dir='ltr' id='par_1_112' title="bbox 1987 4935 3568 5011">
     <span class='ocr_line' id='line_1_112' title="bbox 1987 4935 3568 5011; baseline -0.008 -10"><span class='ocrx_word' id='word_1_891' title='bbox 1987 4947 2211 5011; x_wconf 89' lang='lat' dir='ltr'><strong>stiterit,</strong></span> <span class='ocrx_word' id='word_1_892' title='bbox 2242 4943 2731 5000; x_wconf 81' lang='lat' dir='ltr'><strong>exstimulationem</strong></span> <span class='ocrx_word' id='word_1_893' title='bbox 2778 4940 2902 4995; x_wconf 90' lang='lat' dir='ltr'><strong>inde</strong></span> <span class='ocrx_word' id='word_1_894' title='bbox 2925 4940 3155 5009; x_wconf 89' lang='lat' dir='ltr'><strong>aliquam</strong></span> <span class='ocrx_word' id='word_1_895' title='bbox 3185 4945 3276 4992; x_wconf 91' lang='lat' dir='ltr'><strong>aut</strong></span> <span class='ocrx_word' id='word_1_896' title='bbox 3311 4935 3568 4992; x_wconf 77' lang='lat' dir='ltr'><strong>exhorta-</strong></span> 
     </span>
    </p>
   </div>
   <div class='ocr_carea' id='block_1_113' title="bbox 1987 5028 3568 5105">
    <p class='ocr_par' dir='ltr' id='par_1_113' title="bbox 1987 5028 3568 5105">
     <span class='ocr_line' id='line_1_113' title="bbox 1987 5028 3568 5105; baseline -0.006 -13"><span class='ocrx_word' id='word_1_897' title='bbox 1987 5039 2188 5094; x_wconf 82' lang='lat' dir='ltr'><strong>tionem</strong></span> <span class='ocrx_word' id='word_1_898' title='bbox 2219 5036 2286 5091; x_wconf 91' lang='lat' dir='ltr'><strong>ad</strong></span> <span class='ocrx_word' id='word_1_899' title='bbox 2311 5035 2571 5105; x_wconf 89' lang='lat' dir='ltr'><strong>agendum</strong></span> <span class='ocrx_word' id='word_1_900' title='bbox 2603 5033 2798 5099; x_wconf 91' lang='lat' dir='ltr'><strong>sumit,</strong></span> <span class='ocrx_word' id='word_1_901' title='bbox 2827 5039 2888 5086; x_wconf 87' lang='lat' dir='ltr'><strong>ut</strong></span> <span class='ocrx_word' id='word_1_902' title='bbox 2921 5031 3023 5086; x_wconf 89' lang='lat' dir='ltr'><strong>alia</strong></span> <span class='ocrx_word' id='word_1_903' title='bbox 3049 5045 3260 5101; x_wconf 87' lang='lat' dir='ltr'><strong>quoque</strong></span> <span class='ocrx_word' id='word_1_904' title='bbox 3292 5028 3568 5082; x_wconf 84' lang='lat' dir='ltr'><strong>benefacta</strong></span> 
     </span>
    </p>
   </div>
   <div class='ocr_carea' id='block_1_114' title="bbox 1986 5119 3571 5199">
    <p class='ocr_par' dir='ltr' id='par_1_114' title="bbox 1986 5119 3571 5199">
     <span class='ocr_line' id='line_1_114' title="bbox 1986 5119 3571 5199; baseline -0.008 -15"><span class='ocrx_word' id='word_1_905' title='bbox 1986 5127 2345 5199; x_wconf 85' lang='lat' dir='ltr'><strong>aggrediatur.</strong></span> <span class='ocrx_word' id='word_1_906' title='bbox 2375 5127 2443 5183; x_wconf 92' lang='lat' dir='ltr'><strong>Ut</strong></span> <span class='ocrx_word' id='word_1_907' title='bbox 2470 5127 2629 5198; x_wconf 89' lang='lat' dir='ltr'><strong>igitur</strong></span> <span class='ocrx_word' id='word_1_908' title='bbox 2667 5133 2722 5180; x_wconf 92' lang='lat' dir='ltr'><strong>et</strong></span> <span class='ocrx_word' id='word_1_909' title='bbox 2750 5123 2940 5180; x_wconf 89' lang='lat' dir='ltr'><strong>fratres</strong></span> <span class='ocrx_word' id='word_1_910' title='bbox 2987 5136 3292 5185; x_wconf 89' lang='lat' dir='ltr'><strong>servemus,</strong></span> <span class='ocrx_word' id='word_1_911' title='bbox 3325 5127 3380 5174; x_wconf 90' lang='lat' dir='ltr'><strong>et</strong></span> <span class='ocrx_word' id='word_1_912' title='bbox 3415 5119 3571 5173; x_wconf 74' lang='lat' dir='ltr'><strong>nobis</strong></span> 
     </span>
    </p>
   </div>
   <div class='ocr_carea' id='block_1_115' title="bbox 1988 5210 3570 5289">
    <p class='ocr_par' dir='ltr' id='par_1_115' title="bbox 1988 5210 3570 5289">
     <span class='ocr_line' id='line_1_115' title="bbox 1988 5210 3570 5289; baseline -0.008 -14"><span class='ocrx_word' id='word_1_913' title='bbox 1988 5220 2196 5276; x_wconf 90' lang='lat' dir='ltr'><strong>veniam</strong></span> <span class='ocrx_word' id='word_1_914' title='bbox 2223 5234 2320 5289; x_wconf 93' lang='lat' dir='ltr'><strong>pro</strong></span> <span class='ocrx_word' id='word_1_915' title='bbox 2361 5219 2631 5288; x_wconf 84' lang='lat' dir='ltr'><strong>peccatis,</strong></span> <span class='ocrx_word' id='word_1_916' title='bbox 2679 5216 2787 5270; x_wconf 90' lang='lat' dir='ltr'><strong>imo</strong></span> <span class='ocrx_word' id='word_1_917' title='bbox 2830 5214 3004 5285; x_wconf 92' lang='lat' dir='ltr'><strong>potius</strong></span> <span class='ocrx_word' id='word_1_918' title='bbox 3054 5213 3274 5268; x_wconf 82' lang='lat' dir='ltr'><strong>multam</strong></span> <span class='ocrx_word' id='word_1_919' title='bbox 3322 5210 3570 5264; x_wconf 81' lang='lat' dir='ltr'><strong>fiduciam</strong></span> 
     </span>
    </p>
   </div>
   <div class='ocr_carea' id='block_1_116' title="bbox 1990 5304 3572 5381">
    <p class='ocr_par' dir='ltr' id='par_1_116' title="bbox 1990 5304 3572 5381">
     <span class='ocr_line' id='line_1_116' title="bbox 1990 5304 3572 5381; baseline -0.009 -14"><span class='ocrx_word' id='word_1_920' title='bbox 1990 5325 2338 5381; x_wconf 72' lang='lat' dir='ltr'><strong>&#39;eponamus,</strong></span> <span class='ocrx_word' id='word_1_921' title='bbox 2371 5309 2602 5378; x_wconf 88' lang='lat' dir='ltr'><strong>denique</strong></span> <span class='ocrx_word' id='word_1_922' title='bbox 2643 5321 2890 5362; x_wconf 90' lang='lat' dir='ltr'><strong>curemus</strong></span> <span class='ocrx_word' id='word_1_923' title='bbox 2923 5313 2978 5359; x_wconf 87' lang='lat' dir='ltr'><strong>et</strong></span> <span class='ocrx_word' id='word_1_924' title='bbox 3025 5304 3184 5368; x_wconf 89' lang='lat' dir='ltr'><strong>illud,</strong></span> <span class='ocrx_word' id='word_1_925' title='bbox 3215 5314 3271 5358; x_wconf 91' lang='lat' dir='ltr'><strong>ut</strong></span> <span class='ocrx_word' id='word_1_926' title='bbox 3313 5313 3437 5356; x_wconf 91' lang='lat' dir='ltr'><strong>ante</strong></span> <span class='ocrx_word' id='word_1_927' title='bbox 3463 5315 3572 5354; x_wconf 79' lang='lat' dir='ltr'><strong>ca:-</strong></span> 
     </span>
    </p>
   </div>
   <div class='ocr_carea' id='block_1_117' title="bbox 1991 5393 3572 5467">
    <p class='ocr_par' dir='ltr' id='par_1_117' title="bbox 1991 5393 3572 5467">
     <span class='ocr_line' id='line_1_117' title="bbox 1991 5393 3572 5467; baseline -0.008 -8"><span class='ocrx_word' id='word_1_928' title='bbox 1991 5418 2102 5459; x_wconf 80' lang='lat' dir='ltr'><strong>tcra</strong></span> <span class='ocrx_word' id='word_1_929' title='bbox 2142 5403 2322 5458; x_wconf 91' lang='lat' dir='ltr'><strong>omnia</strong></span> <span class='ocrx_word' id='word_1_930' title='bbox 2348 5415 2544 5455; x_wconf 90' lang='lat' dir='ltr'><strong>nomen</strong></span> <span class='ocrx_word' id='word_1_931' title='bbox 2579 5399 2674 5454; x_wconf 91' lang='lat' dir='ltr'><strong>Dei</strong></span> <span class='ocrx_word' id='word_1_932' title='bbox 2715 5396 3077 5467; x_wconf 87' lang='lat' dir='ltr'><strong>glorificetur;</strong></span> <span class='ocrx_word' id='word_1_933' title='bbox 3121 5411 3243 5450; x_wconf 91' lang='lat' dir='ltr'><strong>cum</strong></span> <span class='ocrx_word' id='word_1_934' title='bbox 3273 5393 3526 5448; x_wconf 78' lang='lat' dir='ltr'><strong>uxoribus</strong></span> <span class='ocrx_word' id='word_1_935' title='bbox 3553 5433 3572 5458; x_wconf 86' lang='lat'><strong>,</strong></span> 
     </span>
    </p>
   </div>
   <div class='ocr_carea' id='block_1_118' title="bbox 1987 5484 3569 5562">
    <p class='ocr_par' dir='ltr' id='par_1_118' title="bbox 1987 5484 3569 5562">
     <span class='ocr_line' id='line_1_118' title="bbox 1987 5484 3569 5562; baseline -0.008 -10"><span class='ocrx_word' id='word_1_936' title='bbox 1987 5497 2192 5562; x_wconf 91' lang='lat' dir='ltr'><strong>liberis,</strong></span> <span class='ocrx_word' id='word_1_937' title='bbox 2237 5503 2291 5550; x_wconf 91' lang='lat' dir='ltr'><strong>et</strong></span> <span class='ocrx_word' id='word_1_938' title='bbox 2320 5493 2532 5547; x_wconf 89' lang='lat' dir='ltr'><strong>famulis</strong></span> <span class='ocrx_word' id='word_1_939' title='bbox 2577 5491 2645 5546; x_wconf 89' lang='lat' dir='ltr'><strong>ad</strong></span> <span class='ocrx_word' id='word_1_940' title='bbox 2694 5491 2834 5544; x_wconf 92' lang='lat' dir='ltr'><strong>hunc</strong></span> <span class='ocrx_word' id='word_1_941' title='bbox 2871 5496 3122 5543; x_wconf 87' lang='lat' dir='ltr'><strong>venatum</strong></span> <span class='ocrx_word' id='word_1_942' title='bbox 3167 5495 3221 5540; x_wconf 89' lang='lat' dir='ltr'><strong>et</strong></span> <span class='ocrx_word' id='word_1_943' title='bbox 3263 5484 3569 5554; x_wconf 85' lang='lat' dir='ltr'><strong>indaginem</strong></span> 
     </span>
    </p>
   </div>
   <div class='ocr_carea' id='block_1_119' title="bbox 1987 5577 3567 5660">
    <p class='ocr_par' dir='ltr' id='par_1_119' title="bbox 1987 5577 3567 5660">
     <span class='ocr_line' id='line_1_119' title="bbox 1987 5577 3567 5660; baseline -0.009 -16"><span class='ocrx_word' id='word_1_944' title='bbox 1987 5589 2225 5660; x_wconf 79' lang='lat' dir='ltr'><strong>egressi,</strong></span> <span class='ocrx_word' id='word_1_945' title='bbox 2251 5585 2600 5642; x_wconf 81' lang='lat' dir='ltr'><strong>extrahamus</strong></span> <span class='ocrx_word' id='word_1_946' title='bbox 2623 5599 2655 5639; x_wconf 92' lang='lat' dir='ltr'><strong>e</strong></span> <span class='ocrx_word' id='word_1_947' title='bbox 2693 5581 2886 5638; x_wconf 88' lang='lat' dir='ltr'><strong>diaboli</strong></span> <span class='ocrx_word' id='word_1_948' title='bbox 2916 5581 3119 5650; x_wconf 88' lang='lat' dir='ltr'><strong>laqucts</strong></span> <span class='ocrx_word' id='word_1_949' title='bbox 3148 5590 3331 5649; x_wconf 86' lang='lat' dir='ltr'><strong>captos</strong></span> <span class='ocrx_word' id='word_1_950' title='bbox 3358 5578 3425 5633; x_wconf 92' lang='lat' dir='ltr'><strong>ab</strong></span> <span class='ocrx_word' id='word_1_951' title='bbox 3452 5577 3567 5643; x_wconf 83' lang='lat' dir='ltr'><strong>illo,</strong></span> 
     </span>
    </p>
   </div>
   <div class='ocr_carea' id='block_1_120' title="bbox 1988 5671 3572 5749">
    <p class='ocr_par' dir='ltr' id='par_1_120' title="bbox 1988 5671 3572 5749">
     <span class='ocr_line' id='line_1_120' title="bbox 1988 5671 3572 5749; baseline -0.011 -10"><span class='ocrx_word' id='word_1_952' title='bbox 1988 5681 2278 5739; x_wconf 88' lang='lat' dir='ltr'><strong>secundum</strong></span> <span class='ocrx_word' id='word_1_953' title='bbox 2307 5679 2474 5749; x_wconf 90' lang='lat' dir='ltr'><strong>ipsius</strong></span> <span class='ocrx_word' id='word_1_954' title='bbox 2503 5677 2827 5733; x_wconf 88' lang='lat' dir='ltr'><strong>voluntatem</strong></span> <span class='ocrx_word' id='word_1_955' title='bbox 2861 5691 2876 5729; x_wconf 90' lang='lat'><strong>:</strong></span> <span class='ocrx_word' id='word_1_956' title='bbox 2907 5687 3006 5728; x_wconf 92' lang='lat' dir='ltr'><strong>nec</strong></span> <span class='ocrx_word' id='word_1_957' title='bbox 3029 5672 3174 5744; x_wconf 90' lang='lat' dir='ltr'><strong>prius</strong></span> <span class='ocrx_word' id='word_1_958' title='bbox 3215 5671 3534 5726; x_wconf 84' lang='lat' dir='ltr'><strong>desistamus</strong></span> <span class='ocrx_word' id='word_1_959' title='bbox 3553 5708 3572 5735; x_wconf 83' lang='lat'><strong>,</strong></span> 
     </span>
    </p>
   </div>
   <div class='ocr_carea' id='block_1_121' title="bbox 1992 5760 3574 5846">
    <p class='ocr_par' dir='ltr' id='par_1_121' title="bbox 1992 5760 3574 5846">
     <span class='ocr_line' id='line_1_121' title="bbox 1992 5760 3574 5846; baseline -0.008 -16"><span class='ocrx_word' id='word_1_960' title='bbox 1992 5789 2150 5846; x_wconf 83' lang='lat' dir='ltr'><strong>quam</strong></span> <span class='ocrx_word' id='word_1_961' title='bbox 2175 5769 2425 5846; x_wconf 83' lang='lat' dir='ltr'><strong>quidquid</strong></span> <span class='ocrx_word' id='word_1_962' title='bbox 2440 5783 2538 5844; x_wconf 91' lang='lat' dir='ltr'><strong>per</strong></span> <span class='ocrx_word' id='word_1_963' title='bbox 2555 5783 2654 5828; x_wconf 87' lang='lat' dir='ltr'><strong>nos</strong></span> <span class='ocrx_word' id='word_1_964' title='bbox 2673 5765 2912 5843; x_wconf 65' lang='lat' dir='ltr'><strong>praestari</strong></span> <span class='ocrx_word' id='word_1_965' title='bbox 2934 5766 3132 5838; x_wconf 89' lang='lat' dir='ltr'><strong>poterit</strong></span> <span class='ocrx_word' id='word_1_966' title='bbox 3151 5760 3574 5835; x_wconf 73' lang='lat' dir='ltr'><strong>praesntcrimus,</strong></span> 
     </span>
    </p>
   </div>
  </div>
