4046 6146
483 273 585 328 921

485 412 600 466 sive
628 417 874 480 pareant,
903 405 1014 463 sive
1037 421 1141 462 non
1171 416 1408 476 parcant.
1438 405 1576 473 Quin
1609 404 1784 474 potius
1809 403 2056 475 impossi-

488 503 599 557 bile
624 511 737 566 est,
760 511 818 554 ut
841 499 1116 555 christiani
1146 513 1264 553 cum
1292 498 1401 553 sint
1419 537 1435 561 ,
1459 513 1563 551 non
1587 505 1824 566 pareant.
1851 495 1956 551 Sed
1987 511 2058 550 ne

488 595 571 647 vel
616 590 753 646 hanc
819 592 1213 647 excusationem
1264 588 1541 652 habeatis,
1596 588 1726 643 illud
1789 588 1947 656 dico,
2011 589 2065 642 si-

488 692 763 751 postquam
795 681 955 734 multa
985 681 1142 734 verba
1180 678 1458 744 effuderis,
1503 688 1556 732 et
1602 678 1850 748 quidquid
1888 693 1980 746 per
2010 686 2062 731 te

495 773 724 840 przcstari
770 774 1001 841 poterit,
1069 772 1404 840 expleveris,
1475 770 1672 824 videris
1741 770 1884 823 illum
1957 785 2059 822 non

491 865 889 931 obtemperare;
921 862 1166 915 adducito
1193 861 1258 914 ad
1291 860 1618 924 sacerdotes,
1652 870 1703 914 et
1731 861 1946 913 omnino
1970 874 2064 928 per

492 953 587 1006 Dei
612 953 834 1020 gratiam
863 954 1131 1020 potientur
1160 961 1352 1006 venatu
1373 992 1389 1017 ,
1424 960 1696 1019 totumque
1729 962 1873 1004 tuum
1923 951 2024 1004 erit
2046 993 2060 1015 ,

491 1045 580 1112 qui
613 1044 758 1096 illum
787 1060 944 1098 manu
973 1044 1206 1098 duxeris.
1232 1044 1354 1098 llaec
1383 1051 1438 1098 et
1466 1044 1721 1096 uxoribus
1746 1043 1842 1095 viri
1869 1042 2026 1096 dicite
2047 1081 2062 1104 ,

496 1145 550 1187 cl
579 1150 770 1187 unxores
797 1136 921 1188 viris
942 1177 956 1200 ,
981 1146 1034 1190 et
1063 1146 1237 1202 patres
1265 1135 1421 1200 ﬁliis,
1451 1144 1506 1188 et
1535 1133 1689 1187 amici
1735 1133 1940 1186 amicis.
1974 1132 2065 1185 Di-

495 1235 642 1279 scant
667 1225 779 1279 hzcc
803 1225 992 1292 Judaei,
1033 1235 1086 1280 et
1112 1227 1144 1280 ii
1173 1225 1258 1294 qui
1291 1224 1443 1278 nobis
1473 1225 1682 1292 quidem
1701 1222 1966 1291 conjuncti
1990 1223 2068 1276 vi-

496 1319 712 1381 dentur,
743 1317 837 1372 sed
865 1334 983 1371 cum
1008 1318 1111 1372 illis
1133 1317 1366 1371 sentiunt
1385 1357 1398 1380 ,
1427 1316 1576 1369 nobis
1595 1313 1807 1383 aliquod
1831 1312 2063 1366 studium

493 1422 632 1473 esse,
665 1422 729 1460 ac
767 1407 1170 1462 sollicitudinem
1195 1449 1209 1472 ,
1241 1407 1666 1477 vig‘ilantiamque
1699 1420 1790 1473 pro
1817 1402 2070 1456 fratribus

1186 272 1242 327 5.
1283 270 1560 327 JOANNIS
1597 266 2070 327 CHRYSOSTOMI
2104 271 2420 326 .ARCHIEP.
2461 271 2994 328 CONSTANTINOT’.

3626 277 3740 331 9‘38

2161 405 2355 462 nostris
2388 404 2454 460 ad
2495 405 2615 460 illos
2663 405 2799 460 ultro
2828 404 3180 460 currentibus.
3232 404 3301 459 Et;
3341 404 3560 460 omnino
3609 415 3754 461 anter

2166 510 2263 550 nos
2286 496 2407 550 illos
2429 495 2718 565 corrigent,
2741 495 2850 566 qui,
2872 510 2991 549 cum
3014 504 3208 549 nostrae
3235 494 3578 566 professionis
3603 497 3736 564 sint,

2157 596 2337 641 tamen
2368 587 2458 640 illo
2485 595 2805 641 commeant.
2838 586 2971 654 Quin
3015 586 3186 654 potius
3215 600 3374 640 nemo
3402 584 3626 656 posdiac
3641 603 3743 642 au-

2162 693 2320 732 surus
2357 687 2437 732 est
2465 677 2531 731 ad
2560 678 2676 731 illos
2719 677 3003 747 confugere
3027 717 3042 741 ,
3073 677 3166 731 sed
3194 677 3296 730 erit
3324 691 3519 744 corpus
3547 675 3754 733 Bede-—

2164 769 2258 821 sim
2287 783 2497 836 purum.
2524 767 2663 821 Dens
2689 776 2868 821 autem
2896 767 2983 836 qui
3012 766 3121 820 vult
3145 780 3332 820 omnes
3353 765 3601 819 homines
3621 766 3751 820 tieri

2165 860 2338 914 salvos
2357 900 2373 924 ,
2401 869 2455 915 et
2480 858 2547 914 ad
2575 860 2895 928 agnitionem
2939 859 3178 914 veritatis
3207 859 3418 924 venire,
3448 867 3504 913 et
3543 873 3639 913 vos
3676 859 3760 913 adt

2167 951 2324 1004 istum
2364 959 2612 1004 venatum
2663 950 3006 1014 corroboret,
3051 959 3104 1004 et
3149 951 3270 1004 illos
3307 949 3376 1003 ab
3427 950 3530 1004 hoc
3562 964 3764 1003 errore

2171 1042 2382 1098 liberet.
2429 1042 2665 1111 Denique
2707 1051 2925 1096 cunctos
2969 1040 3037 1095 ad
3082 1041 3304 1095 salutem
3347 1049 3629 1095 revocatos
3662 1039 3748 1092 di-

2168 1151 2299 1205 gnos
2327 1135 2515 1189 reddat
2541 1135 2793 1188 canorum
2828 1148 2991 1202 regno
3011 1174 3026 1198 ,
3073 1133 3124 1186 in
3153 1133 3374 1202 gloriam
3403 1146 3557 1188 sitam
3582 1171 3598 1196 ,
3624 1130 3749 1200 quia

2171 1229 2271 1297 ipsi
2292 1227 2542 1283 convenit
2568 1227 2733 1298 gloria
2761 1233 2816 1281 et
2842 1225 3076 1295 potentia
3101 1225 3152 1279 in
3179 1225 3372 1280 srecula
3401 1223 3752 1279 saeculorum.

2173 1320 2370 1375 Amen.

507 1551 3752 1581 Μ

1429 1649 2069 1766 ΟΟΝΤΒΑ
2129 1653 2206 1756 J
2223 1649 2811 1756 U'D/EOS.

1051 2002 1244 2042 οιιΑτιο
1280 1996 1515 2041 OCTAVA.

575 2147 622 2201 I.
647 2139 1180 2211 Prteteriitjcjunium
1211 2138 1536 2203 Judmorum,
1566 2137 1674 2191 imo
1703 2138 1878 2205 potius
1903 2136 2079 2192 ebrie-

503 2246 585 2290 tas
604 2234 926 2290 Judazorum.
956 2231 1049 2284 Est
1075 2230 1217 2284 enim
1250 2237 1302 2282 et
1327 2228 1525 2297 absque
1551 2226 1674 2280 vino
1703 2227 1931 2282 ebrietas
1954 2268 1969 2292 ,
1999 2235 2082 2282 est

499 2337 557 2383 et
593 2328 644 2382 in
675 2326 962 2381 sobrietate
1005 2322 1294 2378 temulenta
1333 2320 1702 2388 luxuriosaque
1741 2319 2077 2373 comessatio.

425 2463 434 2472 .
503 2417 654 2486 Quod
694 2417 739 2471 si
769 2429 926 2469 nemo
965 2421 1144 2483 posset
1182 2411 1381 2482 absque
1421 2410 1542 2464 vino
1583 2411 1900 2464 temulentus
1937 2425 2077 2477 esse,

505 2523 838 2580 nequaquam
866 2506 1119 2576 propheta
1151 2503 1354 2558 diceret
1383 2519 1395 2554 :
1439 2499 1523 2555 Va:
1567 2501 1628 2553 iis
1665 2500 1750 2569 qui
1781 2499 1904 2553 ebrii
1939 2509 2077 2564 sunt,

501 2613 548 2657 et
566 2619 664 2656 non
680 2601 836 2654 avino
863 2597 1012 2672 (Isai.
1039 2597 1129 2650 29.
1151 2596 1184 2650 9
1191 2613 1230 2665 ).
1250 2594 1307 2650 Si
1330 2609 1433 2648 non
1458 2601 1597 2648 esset
1624 2591 1738 2645 sine
1755 2592 1877 2645 vino
1905 2591 2080 2645 ebrie—

503 2706 606 2757 tas,
628 2709 733 2748 non
759 2691 981 2746 dixisset
1010 2689 1237 2744 Paulus:
1266 2687 1439 2741 Nolite
1467 2686 1703 2740 inebriari
1735 2686 1851 2739 vino
1877 2685 2078 2756 (Thess.

507 2785 561 2838 5.
594 2783 708 2856 18).
735 2782 865 2837 Nam
896 2796 958 2835 ac
999 2780 1045 2835 si
1089 2780 1252 2850 possit
1279 2780 1477 2848 absque
1505 2778 1628 2832 vino
1656 2777 1775 2847 quis
1807 2776 2078 2842 inebriari,

504 2877 638 2930 dixit
666 2893 679 2928 :
711 2874 886 2929 Nolite
914 2873 1152 2927 inebriari
1180 2872 1312 2925 vino.
1346 2871 1440 2925 Est
1477 2871 1617 2924 enim
1659 2870 1891 2924 ebrietas
1935 2877 1991 2924 et
2025 2869 2082 2922 .in

505 2969 580 3022 ira
612 2977 667 3022 et
692 2968 744 3022 in
775 2966 1004 3021 absurda
1031 2963 1480 3034 concupiscentia,
1517 2972 1570 3017 et
1597 2961 1648 3016 in
1679 2961 1917 3023 avaritia,
1946 2969 2002 3016 et
2029 2960 2083 3014 in

505 3075 688 3114 amore
717 3059 898 3128 gloria:
919 3098 935 3121 .
964 3056 1191 3125 denique
1224 3055 1276 3108 in
1307 3053 1424 3108 aliis
1460 3052 1751 3107 innumeris
1785 3050 2080 3105 affectibus.

507 3150 748 3206 Ebrietas
772 3150 916 3204 enim
945 3148 1073 3202 nihil
1099 3145 1240 3201 aliud
1270 3140 1371 3210 est,
1407 3160 1564 3214 quam
1596 3143 1855 3198 excidisse
1880 3158 1909 3195 a
1940 3152 2084 3197 recta

507 3241 730 3304 ratione,
763 3239 1109 3307 defit-alioque
1130 3247 1185 3291 et
1208 3252 1351 3290 sanae
1379 3236 1571 3290 mentis
1598 3234 1845 3304 privatio.

576 3329 881 3385 Ebrietatem
909 3346 1007 3383 non
1034 3330 1202 3382 vinum
1226 3327 1576 3392 solummodo,
1613 3327 1701 3380 sed
1733 3337 1780 3380 et
1818 3326 1908 3379 alii
1943 3327 2085 3396 pravi

503 3420 717 3489 affectus
765 3422 992 3489 pariunt.
1031 3449 1102 3461 -—
1145 3418 1260 3474 Non
1308 3418 1482 3473 solum
1529 3419 1685 3488 igitur
1726 3418 1814 3488 qui
1861 3417 2083 3470 multum

505 3515 754 3570 exhaurit
792 3529 998 3571 merum
1018 3554 1034 3580 ,
1065 3528 1246 3568 verum
1275 3513 1433 3567 etiam
1474 3513 1558 3582 qui
1591 3512 1751 3564 alium
1782 3510 2084 3580 quempiam

507 3609 749 3663 morbum
771 3607 864 3660 alit
884 3607 936 3660 in
958 3605 1156 3669 animo,
1179 3603 1524 3658 vehementer
1543 3603 1724 3658 ebrius
1748 3617 1867 3657 esse
1882 3601 2087 3671 judica-

508 3698 669 3752 bitur.
703 3696 910 3751 Etenim
937 3695 1024 3765 qui
1049 3695 1286 3750 mulieris
1311 3695 1498 3750 aliena:
1525 3703 1734 3749 tenetur
1761 3708 1963 3760 amore,
1995 3693 2086 3764 qui

507 3788 697 3842 scortis
717 3797 887 3854 vacat,
918 3786 1098 3842 ebrius
1125 3794 1226 3841 est.
1255 3786 1318 3840 Et
1342 3785 1478 3840 sicut
1505 3785 1572 3850 is,
1604 3785 1694 3853 qui
1725 3783 1947 3838 multum
1975 3783 2088 3838 ebi-

507 3879 585 3933 bit
629 3893 855 3941 merum,
896 3886 951 3932 et
992 3887 1325 3932 transversus
1369 3875 1559 3945 agitur,
1606 3875 1890 3930 illiberales
1932 3888 2087 3929 voces

508 3972 753 4038 effundit,
793 3971 1041 4041 aliudque
1083 3985 1180 4041 pro
1222 3971 1327 4026 alio
1361 3970 1549 4025 videt:
1587 3970 1664 4025 sic
1703 3980 1754 4024 et
1799 3969 1886 4024 hic
1926 3970 2087 4024 veluti

509 4078 657 4118 mero
699 4062 944 4134 quopiam
984 4075 1078 4116 sua
1119 4059 1408 4130 cupiditate
1451 4060 1700 4128 repletus,
1744 4075 1916 4130 neque
1960 4073 2087 4114 sana

509 4156 709 4225 profert
745 4153 941 4220 verba,
983 4152 1077 4207 sed
1107 4151 1356 4207 obscaena
1385 4151 1582 4214 omnia,
1624 4150 1716 4205 sed
1757 4150 2085 4220 perniciosa,

504 4248 600 4305 sed
631 4246 904 4302 illiberalia
932 4246 1177 4314 risusque
1204 4244 1385 4314 plena,
1415 4243 1622 4312 aliaque
1653 4258 1748 4310 pro
1775 4241 1893 4296 aliis
1924 4241 2085 4305 videt,

505 4339 794 4395 excutiens
826 4338 894 4392 ad
928 4352 990 4392 ea
1016 4352 1133 4406 qua:
1159 4343 1468 4390 cernuntur.
1491 4332 1643 4400 Quod
1681 4333 1724 4387 si
1763 4333 1848 4388 cui
1881 4331 2088 4388 mulieri

506 4441 749 4502 stuprum
785 4429 982 4485 inferre
1015 4428 1358 4499 concupiscit,
1391 4426 1527 4481 hanc
1552 4426 1744 4496 ubique
1772 4425 2084 4495 imaginans,

507 4539 615 4577 non
636 4521 789 4576 aliter
810 4536 968 4591 quam
998 4529 1174 4575 mente
1198 4527 1384 4589 captus
1411 4533 1474 4572 ac
1499 4517 1754 4583 delirans,
1779 4519 1832 4570 in
1851 4530 2087 4571 conven-

508 4613 704 4679 ticulis,
752 4611 804 4666 in
849 4611 1127 4677 conviviis,
1171 4610 1316 4665 omni
1361 4619 1618 4678 tempore,
1667 4609 1720 4662 in
1760 4608 1906 4662 omni
1947 4609 2090 4673 loco,

507 4707 610 4764 etsi
639 4708 914 4762 innumera
943 4705 1218 4759 hominum
1249 4702 1415 4757 millia
1442 4703 1611 4772 ipsum
1639 4701 1995 4772 alloquamur,
2019 4716 2089 4757 ne

503 4802 692 4857 audire
723 4798 940 4870 quidem
971 4796 1200 4863 videtur,
1231 4794 1324 4850 sed
1353 4793 1418 4849 ad
1451 4795 1593 4849 illam
1621 4801 1823 4849 tantum
1855 4794 2088 4848 intentus

502 4904 587 4952 est
610 4893 839 4958 animus,
863 4905 961 4946 nec
981 4887 1125 4943 aliud
1147 4887 1392 4952 somniat,
1417 4902 1573 4957 quam
1599 4895 1900 4956 peccatum;
1929 4884 2089 4940 habet

505 4994 754 5060 suspecta
776 4983 976 5049 omnia,
1007 4982 1196 5038 metuit
1227 4980 1426 5045 omnia,
1457 4979 1626 5035 nihilo
1655 4979 1845 5035 melior
1869 4978 2087 5034 animali

502 5079 754 5152 perculso
807 5084 863 5131 et
913 5072 1158 5130 attonito.
1215 5071 1547 5141 Rursusque,
1592 5086 1752 5142 quem
1801 5077 1946 5126 tenet
1986 5071 2085 5136 ira,

503 5173 686 5230 ebrius
709 5179 791 5227 est
815 5187 830 5226 :
851 5167 1096 5225 similiter
1113 5173 1167 5222 et
1191 5164 1314 5220 huic
1333 5172 1507 5234 turget
1525 5164 1708 5231 facies,
1731 5178 1833 5218 vox
1856 5160 1916 5218 fit
1935 5177 2090 5232 aspe-

504 5267 637 5334 rior,
681 5264 819 5320 oculi
866 5264 1000 5318 fiunt
1041 5259 1451 5330 sanguinolenti,
1499 5273 1650 5312 mens
1689 5256 2085 5325 obtenebratur,

506 5355 785 5428 prudentia
829 5351 1208 5423 submergitur,
1256 5350 1434 5420 lingua
1481 5347 1680 5414 tremit,
1732 5347 1875 5402 oculi
1916 5345 2086 5402 intor-

503 5456 756 5518 quentur,
792 5459 951 5502 aures
991 5443 1094 5499 alia
1137 5457 1234 5512 pro
1270 5441 1390 5498 aliis
1425 5439 1690 5496 audiunt:
1723 5437 1970 5493 nimirum
2009 5437 2086 5492 ira

505 5539 663 5608 longe
690 5538 922 5609 gravius,
941 5551 1101 5608 quam
1123 5535 1284 5591 ullum
1315 5548 1520 5590 merum
1548 5531 1734 5597 soleat,
1761 5528 2087 5601 percellente

503 5628 809 5696 cerebrum,
846 5637 1212 5698 tempestatem
1254 5625 1585 5691 concitante,
1628 5622 2089 5690 turbationemque

502 5731 752 5798 gignente
792 5722 1157 5781 inscdabilcm.
1184 5720 1336 5789 Quod
1373 5721 1420 5778 si
1448 5717 1875 5790 concupiscentia
1911 5723 1966 5773 et
2003 5714 2081 5770 ira

2183 1991 2460 2052 correptus
2479 1981 2655 2037 ebrius
2685 1982 2754 2035 sit
2786 1999 2798 2035 :
2831 1981 2998 2034 multo
3025 1980 3192 2051 magis
3221 1979 3379 2034 homo
3408 1981 3599 2049 impius
3623 1989 3676 2033 et
3709 1981 3774 2035 iu-

2186 2073 2353 2128 Deum
2382 2072 2743 2142 blasphemus,
2769 2073 3014 2142 illiusque
3045 2071 3246 2141 legibus
3275 2087 3576 2142 repugnans
3596 2114 3609 2136 ,
3641 2089 3760 2142 qm-

2183 2180 2286 2233 que
2321 2163 2456 2218 hanc
2498 2163 2921 2232 intempestivam
2967 2163 3304 2231 pertinaciam
3336 2179 3620 2231 numquam
3651 2165 3767 2217 vult

2184 2253 2440 2322 effugere,
2465 2252 2646 2307 ebrius
2661 2261 2744 2306 est
2766 2251 3083 2321 insanitqac,
3107 2252 3340 2306 deterius
3359 2251 3580 2306 affectus
3602 2267 3766 2319 quam

2186 2345 2218 2397 ii
2247 2345 2333 2413 qui
2363 2343 2666 2407 heluantur,
2693 2345 2888 2412 quique
2927 2353 3105 2397 mente
3132 2343 3270 2411 capti
3306 2353 3463 2406 sunt,
3497 2343 3616 2396 licet
3649 2344 3764 2412 ipse

2186 2433 2426 2488 morbum
2457 2448 2609 2486 suum
2638 2447 2739 2487 non
2765 2435 2963 2487 sentire
2989 2433 3246 2486 videatur.
3281 2433 3410 2487 Nam
3452 2433 3501 2487 id
3530 2434 3768 2487 maxime

2184 2523 2429 2577 convenit
2455 2523 2722 2589 ebrietati,
2754 2523 2915 2578 etiam
2942 2523 3087 2577 nullo
3116 2538 3276 2578 sensu
3305 2523 3470 2589 affici,
3501 2539 3620 2577 cum
3655 2534 3768 2576 tur-

2185 2618 2323 2686 piter
2351 2619 2547 2686 agitur.
2573 2615 3027 2683 Quemadmodum
3057 2616 3216 2687 igitur
3243 2615 3369 2669 illud
3399 2627 3480 2669 est
3507 2615 3764 2684 gratissi.-

2186 2726 2334 2766 mum
2370 2710 2426 2763 in
2470 2715 2650 2762 mente
2679 2707 2869 2776 captis,
2907 2705 3047 2776 quod
3077 2721 3197 2760 cum
3225 2716 3502 2776 mgrotem,
3534 2722 3632 2760 nec
3661 2706 3762 2760 huc

2186 2796 2354 2866 ipsum
2395 2796 2644 2862 sentiant,
2675 2813 2733 2850 se
2770 2811 2890 2850 esse
2913 2805 3141 2866 aegrotos
3176 2815 3189 2851 :
3220 2798 3296 2852 sic
3325 2809 3379 2851 et
3404 2796 3572 2851 Judmi
3601 2813 3761 2863 llllllc,

2184 2901 2306 2940 cum
2344 2887 2451 2940 sint
2473 2886 2628 2951 ebrii,
2661 2887 2710 2940 id
2741 2902 2843 2940 non
2870 2888 3104 2940 sentiunt
3134 2896 3329 2941 tamen.
3368 2887 3629 2941 Przcteriit
3671 2888 3763 2956 igt-

2187 2985 2275 3031 tur
2313 2979 2521 3032 illorum
2556 2977 2835 3046 jejunium,
2873 2978 3058 3048 quavis
3095 2978 3352 3032 ebrietate
3392 2975 3585 3032 fmdius
3617 2993 3634 3030 :
3667 2993 3790 3031 nos-

2188 3078 2364 3124 aufem
2394 3084 2460 3124 ne
2486 3069 2819 3124 remittamus
2840 3085 2935 3139 pro
2947 3069 3210 3147 fratribus
3238 3069 3433 3123 nostris
3455 3069 3767 3123 sollicitudi-

2187 3177 2330 3226 nem,
2353 3176 2524 3231 neque
2543 3161 2764 3231 posthac
2783 3161 3153 3216 existimemus
3175 3162 3331 3216 ullam
3353 3162 3559 3216 illorum
3580 3177 3765 3216 curam
3787 3194 3789 3196 -

2188 3268 2307 3308 esse
2329 3254 2705 3324 importunam.
2724 3253 2826 3309 Sed
2843 3254 3310 3325 quemadmodum‘
3331 3256 3528 3311 faciunt
3544 3257 3765 3322 milites,

2188 3347 2277 3401 ubi
2299 3346 2587 3401 commisso
2612 3347 2798 3418 praelio
2827 3349 3086 3403 verterint
3120 3349 3170 3402 in
3200 3349 3371 3419 fugam
3407 3349 3787 3414 adversarios,

2188 3435 2256 3490 ab
2278 3437 2624 3493 insectatione
2651 3438 2953 3503 redeuntes,
2978 3453 3085 3493 non
3108 3441 3346 3509 protinus
3365 3448 3583 3495 currunt
3607 3440 3673 3494 ad
3700 3449 3766 3494 ta-

2189 3527 2506 3594 bernacula;
2546 3529 2644 3583 sed
2687 3530 2831 3598 prius
2874 3529 2940 3584 ad
2982 3529 3258 3585 conflictus
3301 3532 3473 3586 locum
3513 3532 3784 3600 profecti,

2189 3618 2384 3674 tollunt
2409 3634 2502 3674 eos
2526 3621 2616 3691 qui
2646 3635 2710 3676 ex
2741 3621 2973 3691 ipsorum
3004 3637 3226 3676 numero
3253 3623 3375 3678 caesi
3405 3631 3549 3685 sunt,
3571 3639 3634 3678 ac
3661 3625 3790 3681 vita'

2189 3715 2400 3784 quidem
2440 3714 2718 3770 defunctos
2757 3723 2894 3770 terra
2933 3717 3228 3770 occulunt:
3259 3724 3508 3771 caeterum
3553 3717 3596 3770 si
3623 3731 3760 3783 quos

2192 3807 2420 3861 viderint
2457 3806 2596 3860 inter
2637 3816 2876 3861 mortuos
2913 3807 3179 3876 spirantes
3207 3805 3399 3873 adhuc,
3435 3821 3534 3861 nec
3571 3805 3770 3861 lethale

2189 3899 2384 3953 vulnus
2427 3897 2704 3964 habentes,
2756 3896 2820 3952 iis
2869 3897 2922 3952 in
2977 3897 3200 3952 tentoria
3256 3896 3496 3962 sublatis,
3547 3897 3770 3951 multam

2190 3987 2443 4044 adhibent
2468 3989 2820 4056 curationem,
2845 3996 3188 4056 extructoque
3214 3987 3340 4053 telo,
3366 3987 3637 4041 accersitis
3658 4002 3787 4041 met

2191 4081 2357 4146 dicis,
2408 4080 2646 4136 absterso
2691 4081 2968 4149 sanguine,
3014 4078 3265 4134 remediis
3312 4076 3594 4144 adhibitis,
3642 4078 3770 4133 reli-

2192 4191 2402 4246 quaque
2440 4173 2584 4229 omni
2619 4172 2891 4228 curatione
2931 4171 3142 4225 admota
3181 4170 3246 4224 ad
3288 4170 3569 4224 sanitatem
3609 4169 3770 4224 redu-

2191 4278 2337 4328 cunt.
2369 4269 2436 4323 Et
2472 4281 2569 4321 nos
2614 4267 2772 4336 igitur
2809 4265 3076 4334 quoniam,
3108 4262 3398 4330 opitulante
3437 4261 3530 4315 Dei
3577 4261 3765 4332 gratia,

2191 4361 2404 4417 Judtcos
2466 4359 2770 4431 persequuti
2824 4372 3007 4412 sumus
3060 4356 3280 4410 armatis
3335 4354 3590 4410 adversus
3652 4355 3770 4408 illos

2190 4455 2544 4524 undequaque
2572 4450 2863 4522 prephetis,
2900 4448 3102 4503 reversi
3132 4461 3274 4502 nunc
3302 4446 3576 4500 videamus
3597 4487 3611 4510 ,
3644 4459 3782 4498 num-

2191 4550 2282 4619 qui
2310 4547 2530 4603 fratrum
2559 4556 2857 4601 nostrorum
2883 4541 3192 4607 ceciderint,
3223 4556 3346 4595 num
3370 4541 3460 4609 qui
3482 4538 3551 4594 ab
3566 4539 3782 4610 jt-junio'

2192 4638 2470 4708 intercepti
2503 4639 2630 4704 sint,
2663 4651 2786 4691 num
2823 4634 2909 4704 qni
2954 4633 3056 4688 illis
3087 4632 3138 4687 in
3177 4631 3314 4686 festo
3338 4630 3776 4686 communicave-

2191 4729 2333 4786 rint?
2359 4730 2436 4784 Ac
2458 4728 2722 4785 neminem
2752 4726 2966 4797 quidem
3007 4723 3274 4778 tradamus
3310 4723 3638 4792 sepultum;
3677 4722 3769 4778 sed

2191 4827 2367 4896 potius
2395 4822 2630 4877 sublatos
2654 4833 2840 4874 omnes
2867 4831 3137 4873 curemus.
3166 4815 3297 4869 Nam
3325 4815 3376 4868 in
3397 4814 3637 4870 externis
3655 4814 3769 4884 qui-

2191 4919 2312 4974 dem
2338 4915 2556 4988 prazliis,
2585 4914 2676 4984 qui
2705 4912 2869 4968 semel
2898 4909 3151 4966 ceciderit
3183 4908 3524 4977 animamque
3552 4905 3766 4970 ef'flarit,

2190 5028 2298 5069 non
2327 5019 2500 5082 potest
2520 5024 2549 5063 a
2579 5009 2747 5064 milite
2775 5005 3102 5077 recuperari,
3136 5011 3190 5058 et
3216 5001 3282 5056 ad
3313 5002 3474 5055 vitam
3501 4999 3761 5054 revocari.

2191 5103 2454 5160 Caeterum
2482 5103 2536 5156 in
2562 5100 2665 5155 hoc
2687 5098 2827 5155 bello
2852 5097 3162 5168 pnelioque,
3187 5093 3345 5149 etiam
3366 5093 3410 5147 si
3432 5093 3552 5162 quis
3576 5090 3778 5145 lethale

2189 5196 2383 5251 vulnus
2408 5192 2692 5264 acceperit,
2726 5189 2838 5245 fieri
2864 5195 3062 5259 potest,
3090 5197 3146 5241 ut
3173 5185 3460 5240 auxiliante
3493 5181 3650 5237 nobis
3683 5180 3770 5236 Det

2189 5293 2356 5365 gratia
2387 5306 2510 5347 eum
2548 5287 2613 5343 ad
2643 5287 2806 5341 vitam
2835 5283 3172 5340 reducamus.
3205 5279 3318 5335 Non
3346 5278 3489 5333 enim
3531 5275 3648 5332 hac
3675 5288 3770 5328 na-

2191 5396 2321 5443 turae
2345 5398 2493 5442 mors
2517 5392 2618 5448 est,
2650 5377 3092 5452 quemadmodum
3123 5375 3230 5441 illa,
3266 5369 3363 5428 sed
3398 5370 3687 5426 voluntatis
3710 5379 3772 5421 ac

2191 5478 2467 5551 propositi.
2519 5474 2857 5532 Voluntatem
2899 5481 3076 5526 autem
3123 5474 3387 5523 mortuam
3427 5463 3554 5520 licet
3599 5463 3774 5519 denuo

2253 5659 2270 5689 ι
2304 5661 2512 5714 Quatuor
2535 5660 2662 5708 uss,
2685 5643 3091 5714 Quemadnwdwu
3111 5641 3287 5695 milite:
3308 5640 3507 5706 facimu,
3533 5633 3602 5687 ita
3619 5636 3666 5685 et
3686 5641 3769 5683 nos

2185 5708 2440 5782 fueramus.
2469 5714 2546 5767 Illi
2567 5708 2716 5775 atim;
2734 5711 2817 5764 ubi
2835 5708 3104 5770 contmim,
3129 5715 3224 5759 etc.
