4046 6146
220 425 644 498 ἀζωγρημένους
676 425 767 479 ὑπ’
800 424 963 479 αῦτοῦ
998 427 1078 490 εἰς
1101 425 1161 479 τδ
1182 424 1394 479 ἐκείνου
1425 424 1635 495 θέλημα
1658 441 1674 456 ⁸
1706 425 1801 479 καὶ

231 509 304 581 μὴ
325 509 586 580 πρότερον
604 508 949 578 ἀποστῶμεν.
967 509 1070 572 ἕως
1087 508 1153 562 ἂν
1175 507 1242 562 τά
1259 508 1388 580 παρ’
1410 507 1564 580 ἡμῶν
1584 509 1801 564 ἅπαντα

228 593 625 663 πληρώσωμεν,
655 590 719 644 ἄν
741 608 799 644 τε
832 591 1144 652 πείθωνται,
1164 592 1230 645 ἄν
1266 607 1326 644 τε
1361 590 1436 663 μὴ
1470 592 1797 646 πείθωνται⁴

232 676 428 747 μᾶλλον
461 675 516 726 δὲ
537 673 796 728 ἀδύνατον
815 675 1176 744 Χριστιανοὺς
1203 674 1360 739 ὄντας
1389 675 1462 746 μὴ
1487 675 1797 746 πεισθῆναι.

227 758 374 829 Πλὴν
413 757 527 810 ἀλλ’
559 757 646 809 ἵνα
676 756 809 830 μηδέ
847 756 1051 827 ταύτην
1089 757 1251 829 ἔχητε
1298 757 1592 828 πρόφασιν,
1627 759 1802 813 ἐκεῖνο

227 841 391 908 λέγω,
416 842 544 893 ὅταν
579 839 750 892 πολλὰ
775 839 1019 903 κενώσας
1051 841 1291 911 ῥήματα,
1327 841 1420 894 καὶ
1455 841 1637 894 πάντα
1671 841 1807 911 πλην

233 923 417 997 ρώσας
445 923 515 976 τά
543 925 694 994 παρά
741 923 962 987 σαυτοῦ,
989 925 1108 998 ἴδῃς
1144 924 1307 977 αὐτὸν
1346 924 1421 996 μὴ
1460 924 1804 994 πειθόμενον,

230 1009 406 1076 ἄγαγε
437 1007 570 1078 πρὸς
596 1008 722 1069 τοὺς
750 1008 939 1077 ἱερεῖς,
971 1006 1065 1060 καὶ
1093 1007 1309 1070 πάντως
1333 1010 1399 1078 τῇ
1427 1006 1519 1059 τοῦ
1543 1007 1678 1060 Θεοῦ
1705 1009 1806 1078 χά-

219 1107 344 1161 λριτι
376 1089 722 1160 περιέσονται
767 1089 866 1159 τῆς
908 1089 1098 1160 θήρας,
1136 1089 1232 1142 καὶ
1272 1089 1332 1142 τὸ
1371 1090 1478 1142 πᾶν
1511 1088 1662 1142 ἔσται
1715 1090 1807 1142 σὸν

223 1172 327 1226 τοῦ
359 1175 890 1244 χειραγωγήσαντος.
923 1173 1106 1227 Ταῦτα
1133 1175 1226 1227 καὶ
1255 1171 1502 1242 γυναιξὶν
1527 1175 1576 1226 οἱ
1615 1173 1808 1244 ἄνδρες

213 1256 567 1325 ¹διαλέγεσθε,
601 1258 695 1310 καὶ
725 1259 984 1326 γυναῖκες
1032 1258 1281 1329 ἀνδράσι,
1322 1258 1415 1310 καί¹
1453 1257 1610 1310 παισὶ
1641 1257 1807 1310 πατέ-

237 1357 351 1411 ρες,
380 1341 475 1394 καὶ
503 1341 644 1409 φίλοι
684 1339 886 1409 φίλοις.
917 1340 1257 1394 Μαθέτωσαν
1293 1341 1386 1394 καὶ
1431 1340 1693 1406 Ἰουδαῖοι,
1717 1342 1810 1394 καὶ

209 1424 284 1476 ιοί
327 1422 445 1492 μεθ’
463 1423 619 1493 ἡμῶν
654 1422 755 1494 μὲν
783 1422 1041 1493 τετάχθαι
1071 1423 1374 1489 δοκοῦντες,
1401 1421 1472 1476 τά
1492 1422 1548 1476 δὲ
1579 1425 1808 1479 ἐκείνων

1415 304 1777 360 ΑῘΝΕΠΒῙῘΞ
1813 305 2120 363 ιυῡᾸΞΟΒ.
2163 307 2298 363 Vlﬂ.

3368 315 3475 372 928

1909 429 2262 499 φρονοῦντες,
2287 430 2368 482 ὅτι
2392 429 2590 500 σπουδὴ
2616 447 2699 493 τις
2718 433 2849 501 ἡμῖν
2881 432 2997 492 ἐστι
3020 433 3114 486 καὶ
3139 423 3358 504 φροντὶς
3379 433 3472 486 καὶ

1907 511 2184 582 ἀγρυπνία
2210 513 2348 582 ὑπὲρ
2370 511 2478 564 τῶν
2502 512 2744 580 ἀδελφῶν
2763 511 2872 566 τῶν
2892 515 3174 584 ἡμετέρων
3202 515 3309 567 τῶν
3337 515 3475 586 πρὸς

1908 593 2148 655 ἐκείνους
2165 594 2625 664 αὐτομολούντων.
2645 595 2753 647 Καὶ
2782 595 2998 660 πάντως
3026 597 3132 668 πρὸ
3155 596 3313 667 ἡμῶν
3332 599 3478 651 ἐκεῖ-

1909 693 1991 731 νοι
2017 677 2298 731 διώσονται
2328 679 2454 742 τοὺς
2484 678 2612 747 παρ’
2640 680 2798 750 ἡμῶν
2825 683 2943 734 ἐκεῖ
2971 680 3272 750 φοιτῶντας
3293 697 3306 709 ·
3343 683 3479 752 μᾶλ-

1911 758 2002 811 λον
2041 760 2096 812 δὲ
2130 761 2252 813 οὐδὲ
2297 760 2557 832 τολμήσει
2603 761 2790 815 λοιπόν
2837 779 2920 826 τις
2964 767 3300 834 καταφυγεῖν
3344 763 3480 832 πρὸς

1913 843 2130 906 αὐτοὺς,
2157 843 2273 896 ἀλλ’
2305 843 2454 896 ἔσται
2476 844 2536 896 τὸ
2556 843 2713 914 σῶμα
2736 843 2975 917 καθαρὸν
2993 847 3094 914 τῆς
3127 845 3476 916 Ἐκκλησηίας.

1915 925 1982 979 Ὅ
2012 926 2069 979 δὲ
2116 925 2269 988 Θεὸς,
2315 927 2342 978 6
2384 926 2554 979 θέλων
2605 926 2808 990 πάντας
2858 928 3099 998 σωθῆναι
3137 929 3477 1000 ἀνθρώπους,

1909 1010 2004 1061 καὶ
2035 1011 2114 1071 είς
2161 1009 2458 1076 ἐπίγνωσιν
2496 1008 2752 1079 ἀληθείας
2793 1009 2986 1074 ἐλθεῖν,
3041 1013 3185 1082 ὑμᾶς
3243 1028 3301 1064 τε
3343 1009 3481 1080 πρὸς

1909 1091 2006 1162 τὴν
2031 1090 2201 1162 θὴραν
2226 1092 2426 1163 ταύτην
2453 1091 2841 1162 δυναμώσειεν,
2876 1094 3116 1156 ἐκείνους
3140 1093 3196 1146 δὲ
3223 1095 3320 1164 τῆς
3347 1093 3484 1146 πλά-

1915 1190 2011 1243 νης
2037 1175 2241 1242 ταύτης
2273 1175 2570 1241 ἀπαγάγοι,
2621 1175 2714 1226 καὶ
2759 1175 2964 1237 πάντας
2994 1178 3146 1245 κοινῇ
3186 1174 3481 1238 διασώσας,

1915 1253 2270 1318 καταξιώσειε
2317 1257 2413 1325 τῆς
2461 1255 2734 1325 βασιλείας
2759 1255 2867 1308 τῶν
2914 1256 3160 1326 οὐρανῶν
3205 1259 3283 1319 είς
3327 1256 3484 1321 δόξαν

1916 1338 2105 1402 αὑτοῦ,
2134 1339 2214 1392 ὅτι
2234 1339 2381 1408 αὐτῷ
2408 1341 2608 1410 πρέπει
2638 1339 2811 1411 ἡδόξα
2832 1341 2925 1393 καὶ
2950 1340 3012 1394 τὺ
3041 1341 3240 1412 κράτος
3261 1343 3339 1404 είς
3359 1343 3486 1403 τοὺς

1919 1421 2119 1485 αἰῶνας
2151 1421 2260 1474 τῶν
2287 1421 2520 1476 αἰώνων.
2567 1423 2762 1494 Ἀμήν.

1381 1730 1676 1816 ΚΑΤΑ
1785 1726 2239 1816 ΙΟΥΔΑΙΩ
2251 1731 2344 1815 Ν.

813 2018 1008 2086 Λόγος
1031 2015 1262 2087 ὄγδοος.

315 2132 384 2181 α’.
401 2122 686 2196 Παρῆλθεν
711 2123 745 2193 ἡ
772 2121 992 2192 νηστεία
1016 2122 1126 2176 τῶν
1160 2123 1452 2186 Ἰουδαίων,
1481 2124 1681 2194 μᾶλλον
1702 2127 1758 2180 δὲ
1785 2129 1817 2199 ἡ

214 2210 390 2281 -μέθη
420 2209 526 2262 τῶν
574 2205 863 2260 Ἰουδαίων.
897 2207 1052 2260 Ἔστι
1094 2207 1205 2277 γάρ
1237 2209 1331 2261 καὶ
1359 2209 1528 2280 χωρὶς
1553 2209 1695 2264 οἴνου
1727 2229 1824 2281 με-

211 2292 419 2357 τ’θύειν,
450 2291 565 2344 ἐστι
591 2290 684 2343 καὶ
699 2291 936 2360 νήφοντα
964 2294 1241 2361 παροινεῖν
1267 2291 1359 2343 καὶ
1388 2293 1444 2344 ἐν
1472 2292 1683 2364 ἀσωτίᾳ
1713 2311 1823 2346 κω-

243 2373 465 2446 μάζειν.
489 2374 552 2426 Εἰ
579 2373 653 2444 μὴ
680 2367 748 2443 ἦν
771 2372 941 2442 χωρὶς
971 2371 1113 2424 οἴνου
1147 2372 1386 2442 μεθύειν,
1409 2375 1509 2428 οὐκ
1531 2375 1595 2428 ἂν
1621 2371 1773 2430 εἶπεν
1796 2375 1826 2428 6

241 2461 560 2531 προφήτης,
602 2456 746 2509 Οὐαὶ
788 2457 842 2508 οἱ
877 2457 1203 2524 μεθύοντες
1231 2459 1340 2510 οὐκ
1375 2457 1494 2511 ἀπὸ
1546 2458 1742 2511 οἴνουο
1777 2461 1825 2511 εἰ

244 2542 327 2612 μὴ
366 2537 435 2611 ἦν
477 2539 644 2610 χωρὶς
668 2537 812 2591 οἴνου
848 2537 1090 2608 μεθύειν,
1126 2540 1226 2591 οὐκ
1259 2539 1323 2591 ἂν
1347 2533 1500 2592 εἶπεν
1533 2541 1560 2593 6
1590 2540 1824 2606 Παῦλος,

239 2624 348 2691 Μὴ
376 2624 755 2692 μεθύσκεσθε
795 2622 955 2684 οἴνῳ.
1001 2622 1089 2686 Ὦς
1121 2621 1229 2692 γάρ
1260 2622 1376 2675 ἐνὸν
1408 2623 1498 2675 καὶ
1525 2623 1699 2687 ἄλλως
1734 2641 1829 2695 με-

215 2707 422 2768 θύειν,
451 2703 600 2760 εἶπε’
639 2705 734 2774 Μὴ
756 2705 1138 2774 μεθύσκεσθε
1165 2706 1327 2770 οϊνῳ.
1364 2707 1520 2758 Ἔστι
1555 2706 1683 2777 γὰρ,
1715 2707 1830 2760 ἔστι

241 2793 346 2843 καὶ
371 2791 507 2860 ὀργῇ
543 2787 784 2860 μεθύειν,
830 2787 934 2847 καὶ,
961 2786 1228 2858 ἐπιθυμίᾳ
1260 2787 1467 2858 ἀτόπῳ,
1496 2791 1592 2841 καὶ
1634 2789 1829 2862 φιλαρο

213 2874 441 2945 Ύυρίᾳ,
471 2873 568 2926 καὶ
604 2870 900 2942 κενοδοξία,
948 2871 1043 2924 καὶ
1086 2871 1302 2943 μυρίοις
1350 2872 1557 2942 ἐτέροις
1610 2872 1828 2927 πάθεσι.

239 2956 410 3027 Μέθη
450 2956 558 3026 γὰρ
593 2954 746 3008 οὐδὲν
787 2953 973 3024 ἕτερόν
1007 2955 1172 3015 ἐστιν,
1211 2952 1326 3006 ἀλλ’
1359 2952 1390 3024 ἢ
1429 2954 1684 3020 ἔκστασις
1724 2956 1832 3009 τῶν

214 3037 432 3110 ιόρθῶν
477 3036 777 3107 λογισμῶν,
828 3036 921 3088 καὶ
965 3035 1382 3107 παραφροσύνη,
1426 3037 1652 3109 καὶτῆς
1693 3039 1834 3093 κατά

221 3122 438 3192 ¹ιινυχὴν
467 3119 679 3189 ὑγιείας
707 3119 1008 3190 ἀναίρεσις.

328 3204 406 3256 Οὐ
440 3203 620 3255 τοίνυν
678 3201 837 3272 μόνον
879 3201 909 3252 6
957 3200 1192 3272 ἄκρατον
1265 3199 1594 3270 ἐκχεόμενος
1646 3203 1832 3268 πολὺν,

219 3286 396 3341 Δἀλλά
423 3286 516 3339 καὶ
547 3287 574 3338 6
601 3285 771 3346 πάθος
788 3285 976 3354 ἕτερον
992 3284 1049 3334 ἐν
1083 3285 1149 3353 τῇ
1181 3281 1325 3354 ψυχῇ
1352 3283 1590 3354 τρέφων,
1622 3284 1838 3354 μεθύειν

127 3423 132 3426 ,
243 3370 474 3437 λέγοιτο
501 3367 567 3421 ἂν
603 3365 843 3437 ἰσχυρῶς
864 3379 915 3419 ει.
943 3365 1059 3419 Καὶ
1097 3363 1206 3435 γάρ
1239 3365 1268 3416 6
1297 3366 1553 3433 γυναικὸς
1586 3368 1725 3438 ἐρῶν
1744 3370 1841 3439 τῆς

231 3451 534 3514 -οῦκίδίας,
563 3451 656 3503 καὶ
685 3449 914 3520 πόρναις
944 3447 1275 3518 ἐσχολακὼς,
1306 3447 1514 3518 μεθύει.
1534 3451 1645 3504 Καὶ
1668 3452 1841 3506 καθά-

226 3553 374 3607 ’περ
414 3536 638 3597 ἐκεῖνος.
670 3534 699 3586 6
746 3532 913 3585 πολὺν
969 3531 1207 3604 ἄκρατον
1258 3528 1397 3583 πιὼν
1453 3533 1546 3584 καὶ
1611 3551 1841 3606 παρενε-

221 3619 414 3692 -χθεὶς
445 3616 771 3686 ἀνελεύθερα
795 3615 1092 3692 φθέγγεται
1127 3614 1368 3685 ῥήματα,
1396 3617 1488 3668 καὶ
1519 3616 1680 3688 ἐτερα
1729 3617 1846 3671 ἀνθ’

243 3701 466 3773 ἑτέρων
494 3701 626 3772 ὁρᾷο
667 3699 810 3752 οὕτω
849 3699 942 3751 καὶ
974 3691 1146 3760 οὗτος,
1184 3697 1435 3770 καθάπερ
1477 3700 1623 3764 τινὸς
1670 3702 1847 3773 ἀκρά-

242 3802 381 3849 του,
403 3784 503 3854 τῆς
529 3781 828 3836 ἀκολάστου
861 3779 1068 3851 ταύτης
1104 3779 1402 3851 ἐπιθυμίας
1441 3781 1843 3855 πληρούμενος,

222 3867 422 3922 κούδὲν
463 3866 610 3934 ὑγιὲς
656 3865 880 3936 ἐκφέρει
917 3865 1090 3935 ῥῆμα,
1131 3864 1250 3917 ἀλλ’
1291 3864 1493 3934 αἰσχρά
1539 3867 1715 3920 πάντα
1752 3869 1849 3922 καὶ

217 3948 635 4020 διεφθαρμένα
646 3948 742 4002 καὶ
761 3946 1087 4017 ἀνελεύθερα
1115 3947 1209 4000 καὶ
1230 3946 1464 4014 γέλωτος
1483 3948 1737 4018 γέμοντα,
1758 3952 1850 4004 καὶ

246 4033 432 4103 ἕτερα
450 4029 600 4104 [674]
615 4031 730 4084 ἀνθ’
755 4030 960 4102 ἑτέρων
982 4029 1189 4100 βλέπει,
1209 4029 1346 4102 πρὸς
1380 4031 1478 4102 μὲν
1504 4032 1572 4085 τὰ
1598 4032 1850 4104 ὁρώμενα

227 4116 594 4184 -τυφλώττων
611 4133 624 4146 ·
652 4116 719 4186 ἡν
735 4114 794 4168 δὲ
824 4113 1079 4185 ἐπιθυμεῖ
1107 4113 1457 4188 καθυϐρίσαι,
1476 4115 1680 4186 ταύτην
1714 4135 1850 4170 παν-

248 4195 440 4270 ταχοῦ
466 4197 890 4267 φανταζόμενος,
920 4199 1014 4250 καὶ
1046 4196 1297 4268 καθάπερ
1323 4197 1628 4268 ἐξεστηκὼς
1646 4217 1731 4264 τις
1759 4201 1853 4254 καὶ

237 4280 622 4352 παραπαίων,
655 4281 754 4332 καὶ
772 4281 830 4332 ἐν
854 4279 1154 4344 συλλόγοις,
1179 4281 1273 4334 καὶ
1301 4285 1359 4334 ἐν
1390 4283 1734 4353 συμποσίοις,
1760 4289 1854 4337 καὶ

237 4368 326 4418 ηέν
353 4362 520 4416 ποιντ)⁴
556 4361 754 4432 καιρῷ,
788 4362 883 4414 καὶ
921 4362 980 4412 ἐν
1011 4363 1174 4414 παντὶ⁸
1211 4362 1383 4433 τόπῳ,
1431 4364 1637 4434 μυρίων
1685 4367 1853 4438 μυρία

253 4446 410 4517 πρὸς
438 4442 602 4497 αὑτὸν
644 4441 1072 4512 διαλεγομένων,
1109 4441 1233 4496 οὔτε
1266 4443 1486 4497 ἀκούειν
1525 4447 1689 4511 δοκεῖ,
1721 4449 1856 4502 ἀλλά

255 4528 412 4598 πρὸς
437 4526 651 4598 ἐκείνην
678 4525 919 4588 τέταται,
938 4524 1034 4578 καὶ
1057 4525 1156 4598 τὴν
1182 4526 1456 4598 ἁμαρτίαν
1489 4528 1851 4600 ὀνειροπολεῖ·

246 4611 370 4668 ,καὶ
418 4611 594 4665 πάντα
629 4609 896 4682 ὑφορᾶται
941 4609 1035 4662 καὶ
1089 4607 1312 4672 δέδοικε,
1354 4609 1674 4681 λινοπλῆγός
1716 4631 1858 4678 τινος

261 4693 422 4760 ζῶον
453 4693 603 4747 οὐδὲν
631 4693 852 4765 ἄμεινον
883 4691 1241 4762 διακείμενος.
1275 4692 1384 4746 Καὶ
1412 4693 1441 4746 6
1467 4694 1600 4766 ὀργῇ
1639 4696 1862 4767 κατεχό-

271 4792 446 4848 μενος
480 4776 670 4848 μεθύει
724 4777 918 4830 πάλιν·
963 4775 1107 4829 οὕτω
1149 4776 1279 4844 γοῦν
1327 4778 1491 4832 αὐτοῦ
1537 4779 1630 4832 καὶ
1667 4782 1700 4851 ἡ
1739 4781 1861 4850 ὄψις

265 4863 433 4925 οἰδεῖ,
461 4863 556 4914 κα)⁸
581 4863 615 4932 ἡ
643 4861 794 4933 φωνὴ
824 4861 1176 4932 τραχύνεται,
1199 4862 1294 4916 καὶ
1326 4863 1376 4916 οί
1399 4862 1664 4934 ὀφθαλμοὶ
1683 4864 1860 4933 γίνον-

263 4964 372 5002 ,ται
422 4947 684 5016 ῦφαιμοι,
729 4945 824 4999 καὶ
851 4947 885 4998 6
923 4945 1046 5009 νοῦς
1106 4945 1411 5011 σκοτοῦται,
1457 4947 1552 5001 καὶ
1585 4950 1618 5018 ἡ
1650 4948 1848 5002 διάνοια

270 5030 758 5092 καταποντίζεται,
789 5029 883 5082 καὶ
899 5031 932 5098 ἡ
963 5029 1184 5097 γλῶσσα
1203 5028 1396 5101 τρέμει
1410 5030 1458 5097 δ,
1483 5031 1576 5084 καὶ
1595 5033 1645 5084 οἱ
1669 5032 1861 5099 ὀφθαλ-

259 5113 380 5184 μοὶ
414 5113 848 5184 παραφέρονται,
889 5112 982 5166 καὶ
1022 5115 1078 5166 αἱ
1123 5114 1285 5167 ἀκοαὶ
1320 5113 1483 5184 ἐτερα
1514 5115 1632 5168 ἀνθ’
1659 5115 1860 5186 ἐτέρων

271 5197 595 5257 ἀκούουσιν,
624 5197 865 5268 ἀκράτου
906 5195 1107 5259 παντὸς
1150 5197 1528 5267 χαλεπώτερον
1569 5198 1668 5267 τῆς
1694 5199 1863 5268 ὀργῆς

274 5280 453 5334 αὑτοῦ
489 5279 830 5351 πληττούσης
857 5277 955 5350 τὴν
987 5280 1246 5350 μήνιγγα,
1281 5280 1376 5332 καὶ
1419 5280 1662 5351 χειμῶνα
1693 5283 1860 5351 ἐργα-

275 5371 544 5441 ζομένης,
583 5372 679 5424 καὶ
722 5369 890 5440 ζάλην
942 5370 1203 5440 ποιούσης
1234 5371 1684 5442 ἀπαραμύθητον.
1717 5372 1780 5425 Et
1807 5372 1864 5425 δὲ

276 5451 557 5523 ἐπιθυμία
602 5469 686 5514 τις
741 5455 834 5506 καὶ
867 5453 1003 5524 ὀργῇ
1051 5452 1413 5522 κατεχόμενος
1443 5453 1652 5522 μεθύει,
1687 5453 1866 5525 πολλῷ

282 5535 496 5602 μᾶλλον
527 5533 742 5590 ἀσεϐῶν
774 5533 1082 5607 ἅνθρωπος,
1118 5534 1212 5588 καὶ
1235 5536 1315 5598 είς
1343 5535 1474 5590 Θεὸν
1506 5535 1862 5608 βλασφημῶν,

359 5683 376 5705 ⁵
397 5685 534 5735 Unus
553 5684 659 5734 cod.
685 5682 743 5731 ἄν
763 5680 973 5737 εἰκότως.

355 5744 386 5786 δ
410 5746 549 5798 Unus
566 5746 674 5796 eod.
698 5745 898 5806 γλῶσσα
924 5741 1196 5805 σφάλλεται.

1921 2022 2018 2076 καὶ
2064 2022 2474 2092 ἐναντιούμενος
2512 2020 2678 2076 αὐτοῦ
2707 2025 2821 2087 τοῖς
2847 2022 3051 2094 νόμοις,
3076 2025 3167 2078 καὶ
3200 2025 3295 2097 τῆς
3333 2025 3492 2081 ἀκαί⁴

1924 2123 2018 2178 ρου
2042 2104 2371 2174 φιλονεικίας
2424 2104 2692 2174 μηδέποτε
2733 2106 2938 2176 ταύτης
2965 2107 3284 2174 καθυφεῖναι
3311 2109 3494 2179 βουλό-

1926 2205 2104 2258 μενος,
2134 2187 2319 2258 μεθύει
2369 2187 2462 2240 καὶ
2507 2188 2742 2258 μέμηνε,
2774 2189 2868 2240 καὶ
2896 2189 3261 2259 κωμαζόντων
3290 2192 3384 2245 καὶ
3410 2193 3496 2259 ἐξο

1922 2271 2230 2342 εστηκότων
2246 2269 2570 2341 ἀθλιώτερον
2602 2271 2888 2335 διάκειται,
2915 2271 3020 2324 κᾶν
3053 2273 3215 2337 αὐτὸς
3247 2275 3498 2328 αἰσθάνε-

1927 2355 2046 2408 σθαι
2079 2357 2154 2425 μὴ
2183 2355 2330 2425 δοκῇ.
2354 2353 2523 2406 Τοῦτο
2555 2354 2666 2424 γάρ
2690 2355 2922 2424 μάλιστα
2950 2355 3119 2427 μέθης
3147 2359 3294 2410 ἐστιν
3326 2359 3494 2425 ἀξιον,

1926 2438 1986 2491 τὸ
2005 2449 2026 2477 ο
2071 2439 2212 2508 μηδὲ.
2242 2440 2299 2491 ἐν
2329 2433 2409 2501 οἷς
2435 2455 2518 2502 τις
2549 2437 2849 2508 ἀσχημονεῖ
2891 2439 3142 2509 αἴσθησίν
3170 2457 3290 2494 τινα
3319 2441 3492 2512 ἔχειν’

1927 2519 2118 2591 ῶσπερ
2159 2516 2250 2574 οὖν
2285 2521 2377 2574 καὶ
2416 2521 2803 2592 παραπληξίας
2835 2521 2992 2574 τοῦτο
3027 2522 3262 2593 μάλιστά
3288 2525 3405 2576 ἐστι
3438 2525 3500 2578 τὸ

1927 2604 2118 2669 δεινὸν,
2155 2606 2236 2658 ὃτι
2269 2603 2548 2668 νοσοῦντες
2575 2603 2694 2658 οὐδὲ
2726 2603 2858 2657 αὐτὸ
2895 2604 3052 2658 τοῦτο
3074 2607 3272 2668 ἴσασιν,
3301 2607 3382 2659 ὄτι
3409 2624 3498 2660 νο-

1932 2686 2115 2739 σοῦσιν
2135 2703 2148 2716 ·
2175 2686 2458 2756 ὡσπεροῦν
2491 2688 2584 2740 καὶ
2609 2687 2658 2739 οί
2702 2685 2942 2739 Ἰουδαῖοι
2969 2687 3062 2739 νῦν
3089 2687 3376 2757 μεθύοντες
3400 2690 3502 2743 οὐκ

1931 2770 2296 2824 αἰσθάνονται.
2340 2771 2406 2821 Ἠ
2432 2771 2529 2840 μὲν
2560 2768 2650 2822 οὖν
2685 2770 2910 2841 νηστεία
2935 2771 3113 2824 αὐτῶν
3141 2773 3438 2843 παρῆλθεν,
3464 2777 3499 2845 ἡ

1936 2853 2107 2923 μέθης
2137 2852 2354 2922 ἀπάσης
2386 2853 2713 2923 αἰσχροτέρα
2733 2870 2745 2882 ο
2778 2855 2937 2923 ἡμεῖς
2982 2854 3039 2906 δὲ
3077 2858 3174 2925 τὴν
3223 2856 3350 2925 περὶ
3377 2858 3504 2920 τοὺς

1934 2935 2196 3004 ἀδελφοὺς
2216 2934 2341 2997 τοὺς
2362 2935 2664 3004 ἡμετέρους
2700 2934 2776 3004 μὴ
2805 2935 3198 3009 καταλύσωμεν
3227 2939 3502 3010 πρόνοιαν,

1938 3018 2072 3088 μηδὲ
2102 3017 2328 3086 ἄκαιρόν
2349 3033 2469 3068 τινα
2493 3016 2802 3086 νομίσωμεν
2833 3017 3010 3070 αὐτῶν
3036 3017 3172 3072 εἶναι
3203 3020 3386 3073 λοιπὸν
3408 3021 3508 3092 τὴν

1935 3101 2252 3171 ἐπιμέλειαν
2280 3117 2292 3129 ’
2318 3098 2433 3153 ἀλλ’
2451 3100 2666 3171 ὅπερ·οί
2695 3099 3024 3171 στρατιῶται
3059 3102 3324 3166 ποιοῦσιν,
3358 3106 3509 3157 ἐπει-

1937 3184 2031 3236 δάν
2048 3184 2074 3223 τι
2108 3184 2382 3256 συμϐολῆς
2407 3183 2711 3254 γενομένης.
2733 3184 3038 3256 τρέψωνται
3066 3187 3193 3249 τοὺς
3209 3188 3505 3253 ἐναντίους,

1943 3268 2052 3321 ἀπὸ
2089 3269 2185 3339 τῆς
2235 3267 2469 3334 διώξεως
2513 3268 2844 3332 ἐπανιόντες,
2879 3270 2977 3322 οὐκ
3016 3269 3215 3336 εὐθέως
3263 3271 3356 3324 ἐπὶ
3413 3273 3512 3338 τὰς

1944 3351 2147 3421 σκηνὰς
2167 3351 2474 3422 τρέχουσιν,
2503 3350 2639 3405 ἀλλά
2670 3351 2932 3423 πρότερον
2963 3352 3056 3404 ἐπὶ
3088 3351 3178 3405 τὸν
3205 3352 3369 3407 τόπον
3413 3357 3513 3426 τῆς

1945 3433 2218 3503 συμϐολῆς
2242 3432 2506 3496 ἐλθόντες,
2522 3433 2649 3497 τοὺς
2664 3433 2726 3498 ἐξ
2745 3433 2925 3487 αὐτῶν
2942 3435 3349 3500 καταπεσόντας
3377 3436 3516 3501 ἐξαι-

1948 3514 2186 3588 ροῦνται,
2228 3513 2321 3567 καὶ
2354 3517 2479 3578 τοὺς
2509 3515 2607 3585 μὲν
2645 3517 3015 3581 ἀποθανόντας
3047 3520 3113 3589 τῇ
3145 3521 3216 3589 γῇ
3249 3519 3518 3590 κρύπτου-

1947 3621 2052 3668 σιν,
2093 3606 2140 3657 εί
2173 3603 2230 3658 δέ
2260 3621 2410 3668 τινας
2454 3603 2612 3656 ἴδοιεν
2645 3600 2847 3673 μεταξὺ
2881 3601 2988 3654 τῶν
3022 3603 3231 3673 νεκρῶν
3255 3605 3519 3669 πνέοντας

1947 3685 2048 3748 ἐτι,
2081 3687 2174 3739 καὶ
2207 3685 2280 3757 μὴ
2301 3685 2520 3755 καιρίαν
2552 3684 2772 3755 ἔχοντας
2801 3684 3036 3755 πληγὴν,
3061 3686 3142 3748 είς
3179 3684 3277 3748 τάς
3313 3686 3520 3757 σκηνάς

1948 3767 2260 3839 ἀνελόμενοι
2307 3768 2446 3839 μετά
2501 3767 2703 3837 πολλῆς
2750 3767 3023 3835 ἀπάγουσι
3073 3768 3172 3838 τῆς
3201 3769 3518 3840 θεραπείας,

1950 3854 2046 3907 καὶ
2076 3854 2137 3907 τὸ
2177 3853 2330 3924 βέλος
2359 3851 2768 3917 ἐξελκύσαντες,
2794 3851 2888 3906 καὶ
2922 3853 3138 3921 ἰατροὺς
3169 3852 3519 3916 καλέσαντες,

1951 3938 2044 3990 καὶ
2064 3937 2124 3989 τὺ
2155 3933 2292 4006 αἷμα
2323 3933 2774 4006 περιπλύναντες,
2804 3934 2896 3986 καὶ
2927 3933 3192 4005 φάρμακα
3223 3934 3519 4000 ἐπιθέντες,

1952 4021 2048 4075 καὶ
2094 4020 2162 4072 τά
2200 4019 2335 4074 ἀλλα
2380 4019 2560 4073 πάντα
2605 4016 3092 4088 ἐπιμελησάμενοι,
3147 4017 3281 4089 πρὸς
3311 4017 3519 4086 ὑγίειαν

1953 4106 2317 4173 ἐπανάγουσιν
2337 4117 2351 4131 °
2389 4100 2530 4156 οὕτω
2560 4101 2655 4155 καὶ
2684 4103 2845 4171 ἡμεῖς
2882 4100 3079 4164 τοίνυν,
3120 4099 3306 4171 ἐπειδὴ
3338 4103 3402 4171 τῇ
3423 4099 3517 4154 τοῦ

1953 4188 2088 4241 Θεοῦ
2113 4189 2292 4259 χάριτι
2327 4188 2454 4249 τοὺς
2491 4184 2778 4247 Ἰουδαίους
2804 4182 3121 4253 ἐδιώξαμεν,
3153 4185 3279 4247 τοὺς
3308 4184 3521 4253 προφή-

1954 4287 2052 4333 τας
2084 4271 2266 4332 αύτοῖς
2301 4266 2709 4337 ἐφοπλίσαντες,
2745 4265 3410 4336 πανταχόθενέπανιόντες
3430 4265 3526 4317 νῦν

1957 4351 2177 4424 ἴδωμεν,
2210 4354 2282 4424 μή
2329 4368 2474 4414 τινες
2514 4349 2623 4404 τῶν
2657 4348 2898 4417 ἀδελφῶν
2941 4348 3048 4400 τῶν
3093 4349 3373 4420 ἡμετέρων
3400 4348 3529 4400 έπε-

1959 4455 2070 4501 σον,
2103 4441 2176 4510 μή
2205 4454 2349 4500 τινες
2366 4436 2474 4489 ἀπὸ
2487 4437 2584 4505 τῆς
2607 4433 2860 4503 νηστείας
2897 4432 3306 4505 παρεσύρησαν,
3341 4434 3413 4503 μὴ
3446 4450 3529 4486 τι-

1958 4539 2047 4585 νες
2074 4523 2257 4586 αὐτοῖς
2302 4521 2444 4576 κατὰ
2482 4519 2578 4590 τὴν
2614 4519 2804 4590 ἑορτὴν
2833 4517 3198 4589 ἐκοινώνησαν
3219 4534 3231 4545 ·
3256 4519 3348 4570 καὶ
3381 4521 3524 4590 ταφῇ

1964 4605 2062 4675 μὲν
2092 4605 2292 4677 μηδένα
2323 4602 2680 4675 παραδῶμεν,
2716 4602 2922 4664 πάντας
2947 4601 3004 4654 δὲ
3032 4601 3343 4671 ἀνελόμενοι
3374 4600 3535 4672 θερο-

1962 4687 2270 4759 πεύσωμεν.
2312 4689 2432 4741 Ἐπὶ
2472 4687 2571 4758 μὲν
2609 4686 2716 4758 γὰρ
2747 4685 2854 4738 τῶν
2901 4684 3100 4750 ἔξωθεν
3147 4685 3417 4755 πολέμων,
3442 4686 3534 4736 τὸν

1964 4772 2197 4824 πεσόντα
2219 4771 2365 4838 ἅπαξ
2396 4772 2491 4824 καὶ
2523 4771 2620 4843 τὴν
2640 4769 2816 4842 ψυχὴν
2843 4770 3048 4838 ἀφέντα
3082 4769 3340 4823 ἀδύνατον
3374 4786 3537 4839 στρα-

1962 4854 2132 4926 τιώτῃ
2161 4854 2320 4908 πάλιν
2361 4854 2768 4925 ἀνακτήσασθαι
2797 4855 2892 4907 καὶ
2927 4854 3063 4925 πρὸς
3089 4853 3234 4926 ζωὴν
3256 4855 3534 4920 ἐπαναγα-

1964 4941 2080 5006 γεῖν
2103 4956 2117 4968 ·
2150 4939 2240 4991 ἐπὶ
2275 4937 2330 4990 δὲ
2356 4938 2450 4990 τοῦ
2479 4938 2718 5008 πολέμου
2747 4937 2937 4990 τούτου
2964 4937 3058 4991 καὶ
3089 4939 3184 5008 τῆς
3208 4938 3405 5008 μάχης,
3434 4936 3538 4988 κᾶν

1966 5021 2184 5094 καιρίαν
2203 5037 2284 5083 τις
2379 5020 2616 5092 εἰληφὼς
2640 5019 2873 5091 πληγὴν,
2907 5020 3149 5082 δυνατὸν,
3180 5020 3244 5073 ἂν
3275 5019 3536 5089 θέλωμεν,

1966 5105 2066 5173 τῆς
2109 5103 2204 5157 τοῦ
2239 5104 2372 5158 Θεοῦ
2403 5105 2624 5175 χάριτος
2663 5106 3144 5174 συνεφαπτομένης
3198 5106 3353 5174 ἡμῖν,
3405 5103 3541 5173 πρὸς

1970 5188 2114 5258 ζωὴν
2161 5187 2324 5241 αὐτὸν
2370 5189 2778 5259 χειραγωγῆσαι
2839 5188 3018 5242 πάλιν.
3049 5188 3124 5240 Ού
3168 5188 3276 5257 γὰρ
3329 5187 3543 5256 φύσεως

1967 5266 2123 5336 οὗτος
2143 5274 2170 5324 6
2197 5271 2441 5338 θάνατος,
2471 5272 2723 5343 καθάπερ
2753 5273 2974 5335 ἐκεῖνος,
3011 5270 3143 5323 ἀλλά
3174 5271 3544 5342 προαιρέσεως

1970 5355 2066 5408 καὶ
2110 5355 2364 5427 γνώμης·
2412 5355 2731 5426 προαίρεσιν
2786 5352 2849 5407 δὲ
2893 5353 3272 5409 ἀποθανοῦσαν
3321 5353 3542 5406 δυνατὸν

1972 5438 2272 5509 ἀναστῆσαι
2325 5439 2508 5506 πάλιν,
2554 5431 2652 5491 ’καὶ
2715 5437 2894 5510 ψυχὴν
2947 5437 3310 5510 νεκρωθεῖσαν
3359 5442 3547 5494 πεῖσαι

2043 5624 2064 5680 ’ξ
2090 5619 2226 5668 Unus
2246 5621 2353 5669 cod.
2381 5625 2434 5668 et
2453 5618 2599 5668 Savil.
2626 5620 2765 5680 μέθης
2786 5619 2907 5668 ἳδιον
2925 5619 2996 5668 τό·

2040 5679 2065 5717 δ
2091 5681 2315 5743 Ουαιυοτ
2343 5679 2656 5742 ηιεηιιεονὶρῐὶ
2691 5684 2735 5729 οἱ
2756 5683 3041 5743 στρατιῶται
3062 5680 3275 5742 ποιοῦσι,
3316 5682 3396 5730 καὶ
3418 5681 3553 5742 ἡμεῖς

1977 5743 2266 5803 ποιήσωμεν.
2307 5742 2502 5790 Ἐκεῖνοι
2522 5743 2609 5806 γάρ
2634 5742 2836 5790 ἐπειδάν.
3101 5763 3103 5768 ε
