4046 6146
495 292 602 350 929

492 405 633 478 πρὸς
679 402 779 473 τὴν
837 401 1045 455 οἰκείαν
1089 399 1235 474 ζωὴν
1271 402 1425 476 [675]
1459 404 1805 470 ἐπανελθεῖν,
1850 409 1944 462 καὶ
1980 409 2073 461 τὸν

494 489 666 560 αὐτῆς
701 485 1003 556 ἐπιγνῶναι
1037 486 1337 559 Δεσπότην.

565 592 633 664 β’.
650 590 806 645 Ἀλλά
819 589 901 669 μὴ
918 588 1313 660 ἀποκάμωμεν,
1329 590 1566 661 ἀδελφοὶ,
1584 591 1720 663 μηδὲ
1737 591 1946 646 ἐκλυθῶ
1953 608 2073 663 μεν,

498 678 633 751 μηδὲ
667 677 1053 745 ἀναπέσωμεν,
1104 674 1239 745 μηδέ
1279 693 1368 746 μοι
1405 676 1476 730 τά
1508 678 1730 748 ῥήματα
1782 678 1965 731 ἐκεῖνά
1991 693 2074 741 τις

494 761 723 831 λεγέτω,
765 759 847 812 ὅτι
895 758 1000 828 πρὸ
1047 758 1144 828 τῆς
1195 758 1449 830 νηστείας
1475 759 1875 829 ἀσφαλίσασθαι
1912 762 2076 828 ἀναγ-

493 850 647 902 καῖον
668 841 759 918 ἦν,
795 845 887 899 καὶ
913 843 1090 898 πάντα
1107 845 1354 915 ποιῆσαι,
1387 844 1483 900 νῦν
1511 847 1569 902 δὲ
1600 848 1743 920 μετὰ
1760 847 1823 902 τὸ
1848 847 2076 918 νηστεῦ-

494 949 605 995 σαι,
645 928 783 1001 μετά
831 929 894 981 τὸ
934 927 1189 997 γενέσθαι
1227 930 1327 1001 τὴν
1360 932 1660 1004 ἁμαρτίαν,
1687 933 1828 1004 μετὰ
1855 933 1916 987 τδ
1941 934 2076 1006 πλη.

493 1016 734 1088 ρωθῆναι
762 1012 860 1084 τὴν
888 1014 1144 1085 ἀνομίαν,
1176 1013 1231 1066 τί
1264 1014 1324 1067 τὸ
1349 1014 1543 1086 δφελος
1566 1016 1790 1085 λοιπόν;

560 1121 758 1192 Είγάρ
788 1137 874 1182 τις
921 1116 1048 1183 οἵδε,
1093 1121 1151 1174 τί
1203 1122 1335 1174 ποτέ
1385 1124 1504 1176 ἐστι
1535 1123 1764 1194 πρόνοια
1806 1124 2071 1194 ἀδελφῶν,

491 1203 599 1261 οἶδε
644 1208 742 1260 καὶ
777 1204 960 1269 τοῦτο,
988 1206 1070 1258 ὅτι
1098 1204 1193 1261 νῦν
1221 1205 1458 1277 μάλιστα
1492 1208 1775 1262 ἐπιθέσθαι
1803 1209 1938 1276 δεῖ·,
1979 1209 2074 1262 καὶ

490 1292 672 1344 πᾶσαν
706 1289 940 1359 σπουδὴν
980 1289 1374 1353 ἐπιδείξασθαι.
1412 1293 1485 1345 Ού
1525 1292 1635 1364 γὰρ
1674 1292 1738 1365 δὴ
1771 1292 1930 1364 μόνον
1967 1293 2074 1365 πρὸ

489 1375 589 1445 τῆς
613 1372 888 1444 ἁμαρτίας
920 1372 1324 1441 ἀσφαλίσασθαι
1354 1376 1481 1448 χρὴ,
1511 1377 1647 1431 ἀλλά
1687 1379 1782 1432 καὶ
1836 1378 1974 1454 μετά
2006 1378 2074 1433 τά

489 1456 763 1527 πτώματα
790 1458 953 1528 χεῖρα
983 1456 1218 1526 ὀρέγειν.
1243 1460 1355 1513 Kal
1383 1460 1493 1531 γὰρ
1526 1463 1554 1515 ό
1574 1462 1726 1530 Θεὸς,
1759 1464 1809 1516 εί
1835 1463 1993 1516 τοῦτο
2016 1462 2074 1529 ἐξ

489 1542 666 1615 ἀρχῆς
690 1533 884 1607 ἐποίει,
907 1543 1004 1598 καὶ
1032 1542 1139 1613 πρὸ
1167 1542 1270 1613 τῆς
1299 1544 1578 1616 ἁμαρτίας
1607 1545 1940 1616 ἡσφαλίζετο
1976 1546 2073 1617 μό-

488 1645 601 1692 νον,
634 1627 772 1699 μετά
797 1627 855 1680 δὲ
884 1629 982 1698 τὴν
1011 1628 1288 1698 ἁμαρτίαν
1311 1629 1660 1698 ἀπεγίνωσκε
1679 1631 1774 1684 καὶ
1795 1631 1945 1699 ἠφίει
1968 1632 2075 1683 κεῖ-

491 1713 616 1767 σθαι
648 1715 707 1766 ἐν
738 1712 816 1783 τῷ
856 1711 1111 1783 πτώματι
1139 1712 1424 1784 διηνεκῶς,
1465 1715 1640 1778 οὐδεὶς
1675 1715 1740 1768 ἂν
1768 1714 1889 1767 οὐδὲ
1912 1714 2074 1784 ἡμῶν

488 1796 670 1868 ἐσώθη
701 1795 852 1851 ποτέ.
903 1796 1041 1850 Ἀλλ’
1061 1797 1123 1850 οὐ
1174 1800 1318 1850 ποιεῖ
1364 1796 1544 1863 τοῦτο,
1585 1797 1967 1869 φιλάνθρωπος
1998 1795 2074 1850 ὣν

488 1883 584 1935 καὶ
612 1881 839 1953 ἥμερος,
883 1881 976 1934 καὶ
1027 1881 1130 1950 τῆς
1177 1881 1454 1952 σωτηρίας
1507 1882 1743 1953 μάλιστα
1790 1882 2075 1953 ἐφιέμενος

485 1969 585 2038 τῆς
610 1966 906 2038 ἡμετέρας,
936 1965 1072 2019 ἀλλά
1098 1967 1193 2019 καὶ
1227 1965 1366 2037 μετὰ
1386 1966 1453 2019 τά
1474 1967 1851 2038 ἁμαρτήματα
1875 1964 2075 2036 πολλὴν

486 2052 857 2107 ἐπιδείκνυται
890 2051 1180 2122 πρόνοιαν’
1215 2051 1340 2103 ἐπεὶ
1376 2051 1470 2104 καὶ
1498 2052 1590 2104 τὸν
1637 2050 1809 2120 Ἀδὰμ
1842 2049 2076 2119 ἠσφαλί-

489 2154 617 2189 σατο
647 2136 742 2206 μὲν
765 2134 858 2187 καὶ
883 2134 989 2205 πρὸ
1013 2134 1112 2205 τῆς
1137 2134 1435 2204 ἁμαρτίας,
1455 2135 1551 2188 καὶ
1582 2133 1701 2187 εἷπε
1722 2133 1862 2203 πρὸς
1884 2133 2072 2187 αὐτόν’

500 2220 635 2273 Ἀπὸ
661 2218 886 2283 παντὸς
915 2217 1108 2281 ξύλου
1141 2217 1245 2270 τοῦ
1278 2218 1349 2270 ἐν
1374 2217 1454 2282 τῷ
1474 2218 1819 2287 παραδείσῳ
1848 2216 2077 2287 βρώσει

487 2304 672 2372 φάγῃ,
702 2302 821 2357 ἀπὸ
859 2302 928 2355 δὲ
966 2303 1072 2356 τοῦ
1127 2303 1320 2367 ξύλου
1370 2304 1477 2359 τοῦ
1520 2306 1842 2375 γινώσκειν
1884 2306 2077 2360 καλὸν

486 2390 583 2443 καὶ
612 2389 881 2456 πονηρὸν
904 2391 977 2443 οὐ
1008 2388 1275 2459 god—r8008
1303 2391 1404 2445 ἀπ’
1435 2392 1625 2447 αὐτοῦ
1645 2411 1657 2422 υ
1683 2386 1724 2465 ᾗ
1746 2392 1798 2446 δ’
1835 2391 1913 2446 ἂν
1929 2392 2071 2461 ἠμέ-

486 2490 561 2543 pa
602 2472 850 2541 φάγητε,
882 2472 1116 2537 θανάτῳ
1144 2474 1566 2531 ἀποθανεῖσθε.
1605 2477 1738 2530 Ἰδοὺ
1772 2478 1867 2530 καὶ
1891 2478 1956 2547 τῇ
1985 2477 2077 2529 εὑ-

488 2556 645 2627 κολίᾳ
680 2554 774 2608 τοῦ
808 2556 1000 2626 νόμου,
1046 2554 1141 2610 καϊ
1182 2560 1250 2628 τῇ
1287 2558 1538 2630 δαψιλείᾳ
1568 2560 1678 2613 τῶν
1725 2577 2077 2631 συγκεχωρη-

490 2640 692 2707 μένων,
717 2639 813 2692 καὶ
834 2642 898 2710 τῇ
922 2640 1165 2710 τιμωρίᾳ.
1191 2643 1293 2711 τῆς
1321 2640 1623 2714 μελλούσης
1648 2643 1945 2709 κολάσεως,
1982 2644 2076 2697 καὶ

487 2723 566 2793 τῷ
616 2722 774 2792 τάχει
828 2723 928 2793 τῆς
977 2724 1278 2795 ἐπαγωγῆς
1313 2726 1394 2797 (οὐ
1442 2727 1552 2799 γάρ
1593 2723 1714 2781 εἷπε
1755 2730 1893 2800 μετὰ
1923 2730 2073 2800 μίαν,

490 2807 585 2886 καὶ
615 2804 729 2867 δύο,
764 2805 858 2859 καὶ
891 2809 1039 2877 τρεῖς
1074 2808 1306 2878 ἡμέρας,
1346 2810 1460 2862 ἀλλ’
1495 2814 1554 2864 ἐν
1593 2813 1729 2884 αὐτῇ
1766 2816 1831 2885 τῇ
1867 2814 2072 2886 ἡμέρα,

489 2884 524 2963 ᾖ
552 2888 620 2943 ἂν
652 2890 892 2960 φάγητε,
925 2890 1142 2963 θανάτῳ
1175 2892 1583 2966 ἀποθανεῖσθε),
1626 2897 1722 2948 καὶ
1756 2884 1921 2950 παντὶ
1947 2884 2075 2969 τρό-

489 2992 595 3044 πῳ,
627 2969 780 3048 ᾧπερ
806 2976 974 3047 ἐχρῆν
1003 2976 1405 3046 ἀσφαλίσασθαι
1431 2978 1523 3031 τὸν
1569 2979 1875 3052 ἄνθρωπον,
1905 2983 2080 3052 ἠσφα-

487 3058 688 3123 λίζετο.
728 3059 867 3113 Ἀλλ’
896 3060 1046 3132 ὅμως
1080 3061 1269 3133 ἐπειδὴ
1325 3063 1466 3134 μετὰ
1510 3065 1778 3134 τοσαύτην
1818 3065 2077 3136 πρόνοιαν

490 3142 588 3198 καὶ
610 3142 956 3198 διδασκαλίαν
980 3144 1076 3198 καὶ
1103 3146 1427 3217 παραίνεσιν
1462 3147 1557 3201 καὶ
1590 3149 1911 3220 εὐεργεσίαν
1936 3166 2076 3203 κατ-

493 3230 683 3294 έπεσε,
723 3230 817 3284 καὶ
842 3230 943 3284 οὐκ
974 3230 1176 3301 ἤκουσε
1218 3232 1329 3285 τῶν
1351 3234 1764 3305 ἐπιταγμάτων,
1822 3236 1923 3290 οὐκ
1954 3235 2076 3290 εἶπε

494 3314 701 3388 [τοῦτο]
715 3316 743 3368 6
760 3314 982 3380 Θεὸς,Τί
999 3315 1184 3370 λοιπὸν
1201 3317 1263 3370 τὸ
1279 3318 1459 3385 πλέον,
1477 3320 1529 3373 τί
1544 3320 1606 3373 τὸ
1621 3319 1833 3391 δφελος;
1851 3320 2075 3392 ἔφαγεν,

489 3399 678 3464 ἔπεσε,
713 3400 930 3473 παρέϐη
980 3400 1074 3454 τὸν
1126 3402 1310 3472 νόμον,
1358 3403 1650 3459 ἐπίστευσε
1702 3406 1779 3477 τῷ
1821 3407 2074 3482 διαϐόλῳ,

488 3484 735 3555 ἠτίμωσέ
763 3502 864 3556 μου
902 3484 1002 3556 τὴν
1051 3486 1293 3558 ἐντολὴν,
1345 3487 1562 3553 ἐδέξατο
1589 3488 1687 3561 τὴν
1721 3491 1958 3564 πληγὴν,
1991 3511 2077 3547 νε-

492 3568 626 3638 κρὸς
660 3568 897 3636 ἐγένετο,
925 3569 1199 3642 παρεδόθη
1231 3569 1306 3641 τῷ
1335 3571 1568 3644 θανάτῳ,
1610 3574 1714 3627 ὑπὸ
1743 3576 1841 3647 τὴν
1875 3578 2080 3647 ἀπόφα-

492 3669 577 3705 σιν
598 3647 751 3729 ἦλθε,
775 3652 828 3703 τί
856 3653 938 3705 δεῖ
958 3653 1145 3707 λοιπὸν
1162 3655 1310 3726 αὐτῷ
1346 3656 1689 3727 διαλέγεσθαι
1710 3679 1725 3729 ;
1761 3663 1928 3718 Οὐδὲν
1956 3664 2075 3718 τού-

490 3750 598 3787 των
628 3726 802 3799 εἶπεν,
844 3734 980 3789 ἀλλὰ
1018 3737 1113 3790 καὶ
1154 3733 1289 3809 ἦλθε
1333 3741 1470 3812 πρὸς
1510 3726 1671 3797 αὑτὸν
1712 3726 1939 3813 εὐθέως,
1983 3751 2078 3804 καὶ

488 3815 762 3902 διελέχθη,
791 3817 887 3871 καὶ
927 3819 1379 3893 παρεμυθήσατο,
1403 3825 1498 3879 καὶ
1538 3826 1704 3882 πάλιν
1727 3828 1915 3902 ἕτερον
1947 3833 2077 3886 ἐπέ-

492 3900 628 3970 θηκε
659 3900 975 3972 φάρμακον,
1011 3904 1072 3956 τὸ
1096 3904 1206 3958 τῶν
1231 3905 1409 3962 πόνων
1434 3909 1530 3963 καὶ
1553 3909 1662 3965 τῶν
1695 3900 1956 3984 ἱδρώτων,
1983 3917 2078 3971 καὶ

491 3986 551 4039 οὐ
581 3986 844 4058 πρότερον
887 3988 1098 4060 ἀπέστη
1146 3989 1325 4044 πάντα
1357 3991 1523 4047 ποιῶν
1548 3995 1644 4050 καὶ
1692 3999 2078 4070 πραγματευό-

494 4087 677 4135 μενος,
711 4072 818 4135 ἓως
855 4070 954 4144 τὴν
1000 4072 1163 4143 φύσιν
1217 4075 1316 4147 τὴν
1365 4078 1637 4134 πεσοῦσαν
1671 4081 1958 4153 ἀνέστησε,
1982 4084 2078 4136 καὶ

490 4153 769 4226 ἀπήλλαξε
798 4154 892 4208 τοῦ
920 4155 1173 4223 θανάτου,
1210 4161 1304 4214 καὶ
1354 4162 1491 4233 πρὸς
1536 4164 1627 4217 τὸν
1677 4166 1904 4238 οὐρανὸν
1936 4169 2076 4239 ἐχει-

500 4240 808 4311 ραγώγησε,
862 4239 959 4293 καὶ
1023 4242 1249 4311 μείζονα
1313 4243 1425 4299 τῶν
1474 4247 1830 4303 ἀπολωλότων
1877 4250 2076 4306 ἔδωκεν

489 4321 692 4390 ἀγαθὰ,
732 4321 823 4375 διὰ
860 4322 971 4377 τῶν
1021 4324 1200 4397 έργων
1230 4326 1411 4382 αὐτῶν
1434 4330 1523 4382 τὸν
1558 4331 1802 4386 διάϐολον
1835 4334 2073 4402 διδάξας,

362 4422 379 4445 κ
489 4407 572 4460 ὃτι
613 4405 765 4460 οὐδὲν
788 4407 936 4478 αὐτῷ
970 4410 1132 4465 πλέον
1162 4413 1380 4481 ἐγένετο
1400 4415 1465 4468 ἐκ
1494 4414 1594 4486 τῆς
1630 4417 1924 4489 ἐπιϐουλῆς
1947 4419 2078 4471 ταύ-

487 4509 623 4563 της·
659 4492 771 4546 ἀλλ’
803 4495 1052 4550 ἐκϐαλὼν
1095 4497 1187 4551 τοῦ
1212 4499 1542 4571 παραδείσου
1572 4503 1698 4567 τοὺς
1731 4503 2075 4576 ἀνθρώπους,

488 4577 683 4647 Maca:
708 4577 904 4643 αὐτοὺς
949 4581 1144 4653 μικρὸν
1185 4582 1411 4656 ὕστερον
1444 4586 1503 4638 ἐν
1533 4587 1645 4649 τοῖς
1669 4587 1918 4659 οὐρανοῖς
1955 4590 2080 4642 ἀναο

492 4661 871 4733 μεμιγμένους
921 4665 1031 4727 τοῖς
1075 4664 1348 4733 ἀγγέλοις.
1390 4666 1562 4721 Τοῦτο
1586 4669 1679 4722 καὶ
1708 4670 1801 4723 ἐπὶ
1821 4670 1912 4724 τοῦ
1936 4672 2077 4727 Κάῖν

491 4745 752 4829 ἐποίησε’
803 4745 899 4799 καὶ
948 4746 1059 4818 γὰρ
1117 4748 1214 4801 καὶ
1255 4750 1463 4804 ἐκεῖνον
1517 4752 1624 4825 πρὸ
1652 4756 1751 4824 τῆς
1801 4756 2078 4829 ἁμαρτίας

490 4827 845 4899 ἡσφαλίζετο,
906 4829 1003 4883 καὶ
1072 4832 1486 4906 προδιηγόρευε,
1530 4837 1724 4906 λέγων,
1765 4827 2074 4911 Ἥμαρτες,

490 4914 821 4983 ἣσύχασον
840 4930 854 4945 ο
907 4913 1059 4983 πρὸς
1113 4917 1189 4969 σὲ
1238 4919 1277 4985 ἠ
1325 4919 1682 4989 ἀποστροφὴ
1736 4925 1943 4992 αὐτοῦ,
1976 4928 2077 4981 καὶ

489 5000 573 5055 σὺ
636 4999 839 5068 ἄρξεις
906 5000 1116 5057 αὐτοῦ.
1196 5002 1338 5076 Ὅρα
1394 5007 1589 5076 σοφίαν
1669 5009 1764 5063 καὶ
1838 5012 2074 5071 σύνεσιν.

490 5082 591 5138 Διά
620 5084 777 5138 τοῦτο
805 5084 1070 5149 δέδοικας,
1114 5088 1268 5159 φησὶ,
1307 5090 1381 5161 μή
1415 5106 1475 5142 σε
1505 5091 1604 5163 τῆς
1632 5094 1929 5166 προεδρίας
1962 5098 2073 5153 τῶν

492 5167 854 5257 πρωτοτόκων
894 5170 1160 5242 ἀφέληται
1191 5170 1281 5225 διὰ
1310 5172 1410 5245 τὴν
1435 5176 1564 5248 παρ’
1598 5177 1734 5249 ἐμοῦ
1760 5180 1955 5252 τιμὴν,
2001 5183 2076 5257 μὴ

488 5252 589 5323 τὴν
612 5253 787 5338 ἀρχὴν
823 5254 1051 5330 ἁρπάσῃ
1094 5257 1194 5327 τήν
1240 5275 1323 5311 σοι
1354 5262 1740 5333 προσήκουσαν
1762 5279 1776 5293 ·
1813 5265 1940 5327 τοὺς
1965 5252 2076 5338 γάρ
2116 5289 2131 5296 -

490 5337 872 5408 πρωτοτόκους
922 5339 1029 5392 τῶν
1080 5341 1480 5415 δευτεροτόκων
1539 5345 1897 5418 σεμνοτέρους
1937 5337 2076 5404 εἶναι

489 5422 675 5492 ἐχρῆν.
710 5422 950 5495 Θάρρει,
1004 5428 1157 5497 φησὶ,
1197 5427 1294 5480 καὶ
1331 5429 1406 5500 μὴ
1443 5429 1644 5499 φοϐοῦ,
1702 5432 1837 5502 μηδὲ
1866 5434 2076 5503 ἀγωνία

490 5502 621 5575 περὶ
642 5505 831 5559 τούτου
853 5524 867 5538 ο
903 5508 1051 5577 Πρὸς
1087 5509 1163 5563 σὲ
1188 5511 1226 5579 ἡ
1250 5510 1608 5582 ἀποστροφὴ
1629 5515 1838 5583 αὐτοῦ,
1862 5502 1961 5573 καὶ
1993 5520 2075 5575 σὺ

538 5728 579 5758 ·⁸
604 5727 807 5789 Aliquot
831 5744 944 5782 mss.
968 5734 1078 5795 eaea,
1110 5740 1161 5783 cl
1184 5735 1306 5785 infra
1328 5738 1665 5801 ἀσφαλίζεσθαι
1756 5781 1794 5797 ..

1175 289 1236 348 S.
1268 287 1556 347 JOANNIS
1592 290 2091 349 CHRYSOSTOMI
2130 291 2453 348 ARCHIEP.
2497 291 3043 351 CONSTANTINOP.

2179 405 2330 480 [6'16]
2352 406 2538 461 αὐτοῦ
2564 405 2789 476 ἄρξεις.
2815 410 2881 461 Ὃ
2918 409 2974 462 δέ
2998 406 3149 476 λέγει
3181 405 3419 460 τοιοῦτόν
3457 408 3574 461 ἐστι
3593 424 3606 436 ·
3630 408 3763 479 μένει

2176 491 2270 543 ἐπὶ
2313 491 2414 560 τῆς
2457 491 2627 562 τιμῆς
2663 491 2765 561 τῆς
2792 490 2887 544 τοῦ
2920 490 3292 562 πρωτοτόκου,
3346 493 3441 545 καὶ
3489 492 3649 561 γενοῦ
3683 495 3764 565 τῷ

2174 575 2391 647 ἀδελφῷ
2441 576 2734 645 καταφυγὴ
2781 575 2877 628 καὶ
2910 575 3085 646 σκέπη
3139 576 3233 629 καὶ
3290 578 3617 647 προστασία,
3665 582 3767 633 καὶ

2175 661 2368 731 κράτει
2389 661 2483 713 καὶ
2508 660 2729 731 κυρίευε
2756 657 2921 712 αὑτοῦ
2942 675 2956 689 ·
2994 658 3156 728 μόνον
3190 658 3265 730 μὴ
3301 660 3440 730 πρὸς
3472 661 3632 729 φόνον
3664 663 3785 718 ὲκ-.

2176 743 2447 817 πηδήσῃς,
2485 743 2622 813 μηδέ
2648 744 2730 806 είς
2774 742 2874 812 τὴν
2909 742 3229 813 παράνομον
3271 742 3493 816 ἐκείνην
3539 743 3766 817 ἐξέλθῃς

2177 830 2414 901 σφαγήν.
2464 827 2604 880 Ἀλλ’
2634 828 2783 897 ὅμως
2816 825 2938 880 οὐδὲ
2970 825 3143 891 οὕτως
3179 827 3435 898 ἤκουσεν,
3467 827 3590 881 οὐδὲ
3625 826 3767 900 ήσῦ-

2175 928 2362 983 χασεν,
2390 912 2506 967 ἀλλ’
2538 912 2837 982 εἰργάσατο
2874 912 2974 984 τὴν
3020 912 3339 982 μιαιφονίαν
3385 912 3635 983 ἐκείνην,
3668 914 3768 969 καὶ

2175 997 2277 1068 τὴν
2304 995 2487 1061 δεξιάν
2513 998 2595 1059 είς
2625 996 2718 1049 τὸν
2742 994 2936 1066 λαιμὸν
2960 994 3222 1050 ἐϐάπτισε
3245 994 3338 1049 τὸν
3367 996 3679 1067 ἀδελφικόν.
3698 997 3766 1051 Τί

2175 1074 2303 1148 οῦν;
2335 1076 2446 1152 ἆρα
2476 1076 2631 1135 εἶπεν
2679 1082 2709 1133 6
2755 1079 2909 1144 Θεὸς,
2955 1078 3209 1151 Ἀφῶμεν
3244 1079 3409 1136 αὑτὸν
3454 1080 3678 1149 λοιπὸνς
3713 1083 3769 1136 τί

2177 1165 2339 1218 πλέον
2364 1165 2425 1218 τὸ
2444 1164 2636 1234 ὄφελος
2658 1181 2673 1229 ;
2706 1163 3002 1234 εἰργάσατο
3028 1163 3118 1217 τὸν
3149 1163 3331 1233 φόνον,
3357 1164 3653 1220 ἀπέκτεινε
3674 1165 3768 1220 τὸν

2176 1249 2433 1319 ἀδελφὸν,
2462 1247 2839 1320 κατεφρόνησέ
2880 1263 2982 1319 μου
3005 1248 3106 1318 τῆς
3128 1248 3527 1318 παραινέσεως,
3544 1250 3769 1305 ἀνίατόν

2174 1350 2297 1387 τινα
2348 1333 2443 1387 καὶ
2476 1332 2866 1401 ἀσύγγνωστον
2902 1332 3121 1402 σφαγὴν
3153 1331 3446 1404 ἐτόλμησε,
3491 1334 3768 1405 τοσαύτης

2177 1417 2273 1469 καὶ
2292 1415 2553 1486 τοιαύτης
2573 1414 2888 1478 ἀπολαύσας
2905 1414 3162 1487 προνοίας
3178 1415 3275 1469 καὶ
3301 1415 3652 1482 διδασκαλίας
3670 1420 3769 1473 καὶ

2179 1500 2489 1571 συμϐουλῆς
2507 1517 2522 1531 ·
2554 1500 2733 1555 πάντα
2757 1498 3010 1566 ἐξέϐαλεν
3031 1501 3217 1554 ἐκεῖνα
3242 1500 3351 1554 ἀπὸ
3380 1501 3480 1573 τῆς
3503 1501 3763 1568 διανοίας,

2176 1584 2271 1638 καὶ
2298 1582 2437 1655 πρὸς
2484 1582 2638 1638 οὐδὲν
2660 1576 3002 1655 ἐπεστράφη.
3045 1581 3316 1651 Ἀφείσθω
3343 1581 3525 1638 τοίνυν
3556 1587 3653 1639 καὶ
3676 1587 3769 1659 ερ-

2177 1667 2354 1739 ρίφθω
2379 1667 2586 1732 λοιπὸν,
2632 1667 2729 1722 καὶ
2763 1668 2898 1739 μηδὲ
2955 1667 3116 1737 λόγου
3145 1667 3291 1732 τινὸς
3323 1668 3597 1736 ἀξιούσθω
3630 1673 3764 1743 παρ’

2176 1750 2333 1821 ἐμοῦ.
2355 1751 2521 1806 Οὐδὲν
2538 1750 2780 1804 τοιοῦτον
2817 1754 2846 1806 ὁ
2867 1751 3001 1816 Θεὸς
3023 1753 3125 1806 οὐκ
3157 1748 3333 1819 εἶπεν,
3366 1755 3467 1808 οὐκ
3490 1754 3729 1827 ἔπραξεν
3746 1774 3763 1788 ο

2175 1834 2312 1889 ἀλλὰ
2343 1837 2438 1890 καὶ
2463 1834 2599 1908 πρὸς
2621 1835 2783 1890 αὑτὸν
2810 1836 3030 1908 ἔρχεται
3065 1837 3262 1902 πάλιν,
3308 1839 3403 1892 καὶ
3451 1838 3765 1911 διορθοῦται

2175 1918 2265 1973 τὸν
2310 1918 2619 1990 ἄνθρωπον,
2659 1920 2756 1974 καί
2798 1937 2967 1992 φησι·
3010 1921 3139 1976 Ποῦ
3185 1922 3367 1977 ’Ἅϐελ
3418 1924 3451 1977 ὁ
3498 1923 3766 1994 ἀδελφός

2176 2017 2293 2057 σου
2314 2018 2333 2067 ;
2355 2003 2466 2056 Kal
2494 2003 2615 2057 οὐδὲ
2640 2002 2976 2075 ἀρνούμενον
2996 2004 3256 2075 ἀφίησιν,
3291 2005 3408 2058 ἀλλ’
3440 2006 3628 2075 ἐνάγει
3671 2010 3766 2062 καὶ

2177 2086 2378 2141 ἄκοντα
2409 2088 2491 2150 είς
2526 2087 2626 2157 τὴν
2668 2088 2766 2158 τῆς
2793 2088 3059 2159 ἐργασίας
3091 2090 3387 2161 ὁμολογίαν
3408 2108 3422 2121 ·
3450 2093 3547 2146 καὶ
3582 2093 3769 2147 εἰπόν-

2177 2189 2288 2237 τος,
2332 2173 2454 2225 Οῠκ
2488 2168 2639 2234 οἶδα,
2678 2173 2875 2243 Φωνὴ,
2912 2175 3100 2245 φησὶν,
3139 2176 3383 2246 αἵματος
3436 2176 3544 2232 τοῦ
3584 2176 3765 2232 ἀδελ-

2177 2254 2297 2324 φοῦ
2348 2270 2465 2310 σου
2505 2254 2631 2324 ,ϐοᾷ
2676 2257 2828 2324 πρός
2853 2273 2965 2326 με’
3024 2256 3156 2312 αὐτὸ
3194 2259 3255 2312 τὸ
3298 2261 3549 2332 πρᾶγμα,
3607 2264 3764 2333 φησὶ,

2177 2338 2439 2408 κηρύττει
2488 2338 2581 2393 τὸν
2626 2339 2933 2410 μιαιφόνον.
2974 2340 3040 2393 Τί
3089 2336 3182 2396 οῦν
3229 2334 3418 2406 οὗτοςς
3452 2342 3683 2405 Μείζων
3725 2347 3767 2413 ἡ

2176 2423 2335 2476 αἰτία
2382 2440 2498 2490 μου
2533 2423 2641 2478 τοῦ
2674 2424 2974 2493 ἀφεθῆναί
3001 2440 3108 2494 με’
3167 2426 3265 2480 καί
3299 2429 3349 2480 εἱ
3377 2427 3646 2497 ἐκϐάλῃς
3690 2448 3768 2499 με

2176 2506 2296 2560 ἀπὸ
2324 2503 2435 2575 τῆς
2462 2506 2593 2576 γῆς,
2637 2506 2734 2561 καὶ
2762 2507 2881 2562 ἀπὸ
2916 2508 3022 2563 τοῦ
3044 2509 3370 2578 προσώπου
3395 2526 3514 2566 σου
3546 2513 3769 2580 2:91:61}-

2176 2604 2379 2659 σομαι.
2424 2591 2488 2643 Ὃ
2549 2589 2605 2644 δέ
2657 2590 2800 2659 λέγει
2870 2591 3113 2645 τοιοῦτόν
3172 2595 3331 2648 ἐστι·
3387 2595 3630 2661 Μείζονα
3666 2597 3770 2669 μὲν

2175 2674 2422 2744 ἥμαρτον
2453 2673 2784 2745 συγγνώμης
2828 2675 2923 2728 καὶ
2963 2675 3265 2746 ἀπολογίας
3293 2679 3386 2732 καὶ
3417 2678 3515 2733 τοῦ
3554 2679 3770 2752 ἀφεθῆ-

2176 2773 2283 2821 ναι,
2342 2755 2480 2829 πλὴν
2514 2757 2630 2810 ἀλλ’
2670 2760 2719 2811 εί
2765 2756 3089 2830 βουληθείης
3122 2760 3432 2827 ἐπεξελθεῖν
3480 2761 3560 2833 τῷ
3609 2780 3774 2833 γεγε-

2177 2839 2431 2910 νημένῳ,
2486 2841 2623 2918 πᾶσι
2674 2842 3062 2913 προκείσομαι,
3113 2835 3318 2914 ἕρημος
3351 2847 3451 2916 τῆς
3484 2846 3639 2918 παρά
3673 2843 3772 2900 σοῦ

2179 2916 2850 2997 συμμαχίαςγενόμενος.
2903 2926 2971 2979 Τί
2997 2922 3091 2980 οὖν
3118 2928 3147 2980 6
3179 2928 3344 2996 Θεός;
3379 2931 3504 2999 Οὐχ
3553 2916 3771 2998 οὕτως,

2177 3007 2297 3075 πᾶς
2320 3012 2353 3062 ό
2375 3009 2736 3077 ἀποκτείνας
2760 3011 2931 3075 Κάϊν,
2960 3011 3115 3066 ἑπτὰ
3150 3012 3546 3083 ἑκδικούμενα
3575 3029 3773 3084 παρα-

2177 3091 2376 3145 λύσει.
2413 3090 2505 3162 Μὴ
2536 3093 2702 3163 φοϐοῦ
2734 3092 2914 3160 τοῦτο,
2946 3094 3113 3166 φησί’
3151 3092 3324 3168 βιώσῃ
3366 3096 3483 3167 βίον
3520 3100 3773 3171 μακρὸν,

2179 3176 2282 3229 κᾶν
2308 3176 2470 3248 ἀνέλῃ
2488 3176 2545 3231 σέ
2570 3195 2676 3241 τις,
2699 3177 2921 3241 πολλαῖς
2946 3178 3101 3233 ἔσται
3129 3181 3420 3252 τιμωρίαις
3443 3182 3772 3248 ὑπεύθυνος,

2177 3259 2206 3311 ὁ
2239 3259 2347 3330 γάρ
2376 3259 2518 3314 ὲπτά
2538 3260 2771 3333 ἀριθμὸς
2800 3261 2952 3332 παρά
2985 3265 3052 3334 τῇ
3081 3263 3272 3336 Γραφῇ
3302 3265 3610 3338 ἀδιορίστου
3632 3268 3777 3339 fair

2179 3342 2305 3406 θους
2334 3344 2451 3396 ἐστὶ
2485 3343 2838 3415 σημαντικός.
2886 3344 3042 3399 Ἐπεὶ
3069 3343 3164 3399 οὖν
3186 3349 3216 3399 6
3246 3347 3389 3402 Κάῖν
3412 3349 3643 3416 ’πολλαῖς
3670 3352 3777 3405 ύπο

2184 3425 2450 3498 ἐϐέϐλητο
2481 3427 2793 3500 τιμωρίαις,
2828 3427 3072 3500 ἀγωνίᾳ,
3098 3428 3195 3482 καὶ
3216 3432 3423 3504 τρόμῳ,
3454 3432 3548 3488 καὶ
3582 3452 3779 3490 στεναο

2177 3510 2359 3579 γμοῖς,
2392 3510 2485 3563 καὶ
2502 3509 2728 3582 ἀθυμίᾳ,
2759 3511 2854 3565 καὶ
2881 3512 3190 3584 παραλύσει
3204 3519 3782 3589 σώματος,⁹οἀνελών

2180 3609 2264 3659 σε,
2297 3592 2452 3663 φησὶ,
2494 3592 2591 3648 καὶ
2618 3593 2826 3648 τούτων
2854 3595 3171 3661 ἀπαλλάξας
3196 3598 3308 3651 τῶν
3333 3598 3631 3665 κολάσεων,
3674 3602 3778 3654 αὐ-

2178 3675 2269 3739 τὸς
2302 3678 2387 3747 ἐφ’
2418 3677 2609 3732 ἑαυτὸν
2639 3678 3005 3735 ἐπισπάσεται
3032 3681 3132 3752 τὴν
3165 3683 3461 3755 τιμωρίαν.
3485 3686 3597 3740 Kal
3622 3686 3778 3741 δοκεῖ

2186 3758 2285 3828 μὲν
2305 3755 2443 3813 εἶναι
2475 3759 2615 3831 βαρὺ
2652 3762 2746 3815 καὶ
2774 3763 3033 3834 φορτικὸν
3061 3764 3122 3818 τὸ
3149 3765 3459 3837 λεγόμενον,
3489 3768 3777 3841 πολλῆςδέ

2181 3842 2352 3899 ταῦτά
2385 3845 2502 3897 ἐστι
2525 3845 2854 3917 κηδεμονίας
2868 3847 3202 3914 ύπόδειξιςιι.
3220 3852 3331 3905 Καὶ
3355 3852 3463 3923 γὰρ
3481 3854 3611 3918 τοὺς
3629 3854 3777 3924 μετά

2182 3927 2359 3983 ταῦτα
2378 3930 2710 4002 σωφρονίσαι
2740 3930 3089 4002 βουλόμενος,
3118 3932 3363 3989 τοιοῦτον
3392 3936 3662 4009 ἐπενόησε
3688 3954 3781 3992 κο-

2180 4008 2391 4081 λάσεως
2426 4012 2649 4083 τρόπον,
2680 4012 2740 4077 ὃς
2781 4014 3097 4082 ἀπαλλάξαι
3136 4017 3302 4073 αὐτὸν
3344 4019 3448 4090 τῆς
3491 4008 3779 4092 ἁμαρτίας

2179 4092 2421 4149 ἐδύνατο.
2455 4096 2519 4148 Εί
2547 4097 2645 4166 μὲν
2681 4097 2789 4168 γὰρ
2821 4099 3029 4164 εὐθέως
3059 4101 3223 4157 αὑτὸν
3250 4102 3481 4166 ἀνεῖλεν,
3520 4104 3775 4175 ἀπῆλθεν

2181 4175 2247 4230 ἂν
2278 4175 2416 4259 έχων
2469 4178 2569 4246 τὴν
2619 4181 2899 4254 ἁμαρτίαν
2957 4185 3473 4259 ἐγκεκαλυμμένην,
3526 4189 3624 4243 καὶ
3655 4192 3775 4255 τοῖς

2183 4257 2322 4343 μετά
2341 4259 2515 4343 ταῦτα
2542 4262 2641 4316 οὐκ
2683 4262 2750 4316 ἀν
2779 4265 3000 4332 ἐγένετο
3031 4257 3332 4341 γνώριμος.
3390 4257 3529 4324 Νυνὶ
3575 4272 3633 4325 δὲ
3666 4273 3778 4343 ἀφ·

2181 4341 2325 4427 εθεὶς
2358 4341 2524 4427 πολὺν
2572 4345 2767 4417 χρόνον
2811 4346 2975 4419 ζῆσαι
3009 4352 3067 4404 ἐν
3098 4352 3294 4425 ἐκείνῳ
3335 4353 3413 4423 τῷ
3437 4354 3655 4427 τρόμῳ,
3686 4341 3773 4410 δὲ-

2181 4425 2447 4492 δάσκαλος
2500 4431 2611 4492 τοῖς
2652 4431 2969 4488 ἀπαντῶσιν
3023 4436 3235 4504 ἐγίνετο
3285 4438 3419 4491 πᾶσι
3454 4441 3502 4501 ε,
3549 4425 3640 4493 διά
3668 4439 3774 4510 τῆς

2181 4510 2355 4581 ὅψεως
2389 4513 2484 4565 καὶ
2517 4513 2611 4567 τοῦ
2642 4515 2805 4569 σάλου
2848 4517 2951 4588 τῆς
3006 4520 3209 4592 σαρκὸς
3257 4522 3544 4591 παραινῶν
3596 4525 3777 4579 ἅπασι

2184 4597 2258 4666 μή
2290 4614 2420 4650 ποτε
2450 4598 2678 4654 τοιαῦτα
2709 4600 2936 4673 τολμᾷν,
2989 4603 3075 4657 ἵνα
3128 4605 3202 4676 μὴ
3231 4606 3455 4661 τοιαῦτα
3494 4607 3772 4673 πάθωσιν,

2178 4679 2342 4764 αύτός
2371 4698 2431 4734 τε
2475 4680 2701 4750 βελτίων
2731 4685 2946 4754 ἐγίνετο
2977 4686 3162 4748 πάλιν.
3202 4689 3262 4743 Ὀ
3299 4689 3409 4762 γάρ
3442 4692 3652 4764 τρόμος
3678 4695 3777 4747 καὶ

2180 4763 2365 4847 φόϐος,
2393 4766 2580 4820 καὶτὸ
2631 4768 2842 4841 ἀγωνίᾳ
2893 4772 3083 4843 συζῇν,
3137 4773 3231 4826 καὶ
3286 4774 3321 4844 ἠ
3369 4774 3464 4827 τοῦ
3516 4763 3779 4847 σώματος

2178 4846 2430 4919 πάρεσις,
2464 4848 2719 4922 καθάπερ
2740 4853 2799 4906 ἐν
2816 4852 3001 4925 δεσμῷ
3015 4872 3123 4909 τινι
3160 4859 3414 4929 κατεῖχεν
3448 4846 3637 4922 αὐτὸν,
3678 4859 3780 4913 καὶ

2178 4929 2279 5015 οὐκ
2307 4930 2455 5001 ἠφίει
2480 4931 2606 4986 οὔτε
2634 4936 2713 4998 εἰς
2738 4935 2926 5009 ἕτερον
2946 4938 3257 5010 ἐκπηδῆσαι
3277 4939 3489 4995 τοιοῦτο
3513 4943 3778 5015 τόλμημα

2179 5014 2371 5081 πάλιν,
2423 5016 2519 5070 καὶ
2562 5017 2659 5072 τοῦ
2714 5019 2983 5093 προτέρου
3044 5024 3290 5094 συνεχῶς
3344 5025 3773 5098 ἀνεμίμνησκε,

2178 5098 2273 5183 καὶ.
2295 5099 2353 5152 ἐν
2381 5099 2594 5165 τούτοις
2634 5103 2802 5156 αὐτοῦ
2837 5103 2936 5175 τὴν
2969 5105 3149 5178 ψυχὴν
3180 5108 3634 5180 σωφρονεστέραν
3658 5112 3779 5183 είρο

2180 5180 2398 5247 magno.

2249 5262 2400 5336 [67η
2421 5273 2491 5335 γ’.
2510 5267 2669 5323 Ἀλλά
2689 5270 2891 5340 μεταξὺ
2911 5272 3124 5341 λέγοντί
3143 5292 3233 5345 μοι
3250 5275 3488 5348 ἐπῆλθεν
3504 5279 3587 5342 εἰς
3606 5277 3773 5348 μέσον

2176 5345 2404 5433 ἀγαγεῖν
2440 5351 2535 5404 καὶ
2568 5351 2804 5423 ζητῆσαι
2841 5356 2895 5409 τί
2928 5357 3127 5429 δήποτε
3156 5357 3255 5431 τὴν
3273 5345 3559 5433 ἁμαρτίαν
3586 5345 3773 5431 69010-

2175 5432 2352 5517 γήσας
2383 5434 2483 5506 τὴν
2529 5435 2723 5490 ἑαυτοῦ
2742 5477 2757 5501 ,
2802 5439 2897 5493 καὶ
2937 5442 3243 5510 καταγνοὺς
3269 5442 3381 5498 τῶν
3412 5446 3725 5517 γενομένων
3746 5479 3770 5509 ν

2176 5515 2271 5568 καὶ
2300 5517 2472 5571 είπὼν
2501 5520 2726 5590 μείζονα
2763 5522 3097 5596 συγγνώμης
3126 5515 3644 5602 ἡμαρτηκέναι,καὶ
3667 5544 3785 5600 μη..

2237 5690 2268 5731 δ
2292 5691 2442 5740 Favi].
2466 5693 2715 5752 ἀπόδειξις.

2242 5756 2267 5786 ⁸
2293 5755 2393 5804 Alii
2410 5756 2507 5811 τοῖς
2525 5758 2770 5807 ἀπαντῶσι
2788 5760 3046 5811 καθίστατο
3069 5767 3206 5813 πᾶσι.
