4046 6146
235 310 345 369 920

238 444 518 498 suscitare,
561 432 853 501 animaeque
886 439 1106 486 mortua:
1148 427 1469 499 persuadere
1507 429 1650 492 licet,
1679 438 1734 482 ut
1760 428 1826 483 ad

236 547 388 585 suam
412 532 573 584 vitam
603 528 806 594 redeat,
835 543 1095 596 suumque
1118 526 1390 581 dominum
1419 534 1691 596 agnoscat.

308 621 363 675 ‘2.
411 622 584 690 Agite,
628 635 694 674 ne
729 619 1095 689 defatigemur,
1130 618 1341 684 fratres,
1376 631 1547 687 neque
1587 617 1826 672 delassc-

237 729 380 777 mur,
424 727 595 780 neque
633 711 825 765 animis
862 711 1137 775 cadamus,
1174 724 1346 780 neque
1380 710 1658 778 quisquam
1698 708 1827 762 mihi

229 805 400 858 verba
432 803 518 856 illa
540 802 702 868 dicat,
729 801 870 872 quod
897 810 1018 856 ante
1039 801 1300 872 jejunium
1322 801 1428 854 illis
1451 815 1642 854 cavere
1663 815 1824 868 opor-

237 895 419 959 tuerit,
448 909 768 963 omnemque
796 907 1013 949 movere
1043 892 1273 962 lapidem
1307 911 1321 946 :
1354 906 1497 946 nunc
1522 905 1649 946 vero
1675 899 1825 960 post-

235 1002 394 1058 quam
420 987 715 1057 jejunatum
752 995 854 1052 est,
897 995 1176 1056 postquam
1215 993 1488 1055 peccatum
1533 982 1826 1038 admissum

233 1087 339 1146 est,
366 1087 648 1148 postquam
685 1078 936 1148 iniquitas
970 1084 1337 1132 consummata
1367 1084 1468 1140 εει,
1494 1091 1612 1146 qua:
1639 1089 1826 1145 super-

232 1178 316 1224 est
346 1169 576 1224 utilitas?

308 1258 548 1314 Fratrum
605 1261 756 1336 saluti
805 1259 1189 1314 consulendum.
1237 1289 1307 1299 -—
1350 1258 1561 1314 Etenim
1613 1259 1657 1313 si
1709 1259 1827 1327 quis

235 1352 406 1417 novit,
443 1352 568 1422 quid
597 1353 669 1407 sit
699 1352 850 1408 fratri
874 1354 1185 1419 consulere,
1218 1353 1363 1408 novit
1394 1362 1446 1408 et
1485 1352 1613 1407 illud
1633 1393 1646 1416 ,
1680 1352 1822 1422 quod

235 1459 380 1498 nunc
421 1444 752 1514 potissimum
789 1453 1031 1514 oporteat
1068 1443 1357 1499 admovere
1395 1459 1602 1509 manus,
1635 1459 1825 1498 omne-

233 1552 341 1605 que
385 1536 613 1592 studium
664 1538 992 1606 impendere.
1037 1537 1219 1607 Neque
1262 1537 1405 1591 enim
1455 1545 1656 1591 tantum
1703 1546 1826 1592 ante

236 1637 512 1696 peccatum
556 1629 849 1684 admissum
895 1629 1145 1684 convenit
1189 1628 1370 1682 fratris
1411 1628 1566 1681 saluti
1613 1643 1823 1692 cavere,

235 1734 424 1773 verum
451 1727 504 1774 et
535 1728 654 1789 post
694 1721 899 1790 lapsum
938 1735 1127 1774 manus
1171 1717 1506 1788 porrigenda:
1553 1727 1692 1772 sunt.
1727 1717 1822 1772 Et-

239 1812 385 1864 enim
413 1812 460 1866 si
484 1812 620 1866 iteus
648 1812 714 1865 ab
746 1801 896 1865 initio
917 1810 1129 1865 fecisset
1155 1809 1312 1874 istud,
1347 1818 1653 1879 lanturnque
1674 1809 1827 1864 nobis

233 1899 588 1958 consuluisset
609 1913 732 1958 ante
759 1911 1058 1972 peccatum,
1083 1911 1204 1972 post
1226 1910 1501 1971 peccatum
1528 1912 1704 1956 autem
1732 1917 1826 1957 ne-

233 1994 487 2063 glexisset
544 1995 836 2059 hominem,
886 2009 1179 2064 passusque
1231 1994 1418 2048 fuisset
1469 2003 1722 2064 perpetua
1769 1995 1824 2048 in

233 2087 386 2156 ruina
413 2087 612 2155 jacere,
647 2087 822 2141 nullus
852 2101 1023 2155 neque
1049 2095 1291 2140 nostrum
1322 2101 1574 2155 umquam
1597 2085 1823 2140 salutem

232 2177 425 2231 fuisset
470 2187 850 2247 consequutus.
901 2176 1098 2231 Verum
1155 2175 1257 2231 hoc
1310 2191 1415 2230 non
1466 2175 1590 2231 facit
1640 2176 1821 2242 Deus,

232 2268 430 2338 quippe
473 2283 658 2322 amans
697 2268 914 2322 humani
957 2267 1170 2338 generis
1214 2283 1275 2322 ac
1305 2268 1478 2332 mitis,
1521 2274 1825 2337 nostrmque

233 2359 421 2412 salutis
463 2359 858 2428 cupidissimus.
901 2358 1038 2426 Quin
1083 2366 1137 2412 et
1181 2367 1302 2427 post
1344 2367 1556 2428 peccata
1604 2358 1822 2412 multam

232 2459 452 2519 praestat
492 2451 924 2518 sollicitudinem,
966 2449 1394 2520 quandoquidem
1426 2458 1479 2503 et
1518 2448 1648 2503 Ada:
1686 2450 1824 2503 cavit

232 2550 357 2596 ante
380 2550 675 2610 peccatum,
707 2542 892 2596 dicens
928 2558 941 2594 :
972 2539 1058 2594 Ea:
1079 2541 1215 2594 omni
1245 2539 1381 2610 ligno
1411 2540 1544 2608 quod
1564 2549 1636 2593 est
1662 2540 1714 2593 in
1739 2557 1824 2609 pa-

232 2633 407 2686 radiso
434 2634 695 2688 comedens
717 2633 946 2686 comedes
967 2648 986 2696 ;
1011 2649 1036 2686 e
1062 2633 1199 2703 ligno
1235 2647 1350 2685 vero
1383 2631 1682 2702 cognitionis
1707 2629 1824 2684 boni

233 2724 451 2795 malique
496 2741 596 2778 non
637 2725 925 2778 comedetis.
952 2723 1058 2779 Sed
1103 2739 1414 2791 quocumque
1464 2722 1545 2774 die
1577 2721 1820 2774 comede-

235 2815 367 2880 ritis,
399 2824 556 2869 morte
583 2815 864 2869 moriemini
896 2813 1120 2884 (Gen.2.
1144 2816 1228 2868 16.
1265 2814 1375 2883 17).
1407 2813 1544 2866 Ecce
1569 2820 1624 2867 ει
1651 2811 1822 2866 facili-

233 2914 344 2959 tate
388 2906 540 2976 legis,
594 2917 647 2961 et
696 2907 940 2978 largitate
981 2921 1392 2970 concessorum,
1430 2913 1484 2958 ct
1532 2905 1822 2960 acerbitate

223 2998 501 3068 supplicii,
551 3007 605 3054 et
657 3000 770 3069 ipsa
819 3000 1090 3055 celeritate
1139 2999 1354 3053 ultionis
1397 2998 1700 3068 prospexit,
1752 3013 1822 3053 ne

233 3099 498 3158 peccaret.
529 3089 645 3145 Non
675 3092 816 3146 enim
845 3091 998 3159 dixit,
1032 3100 1151 3161 post
1179 3106 1340 3145 unum
1369 3098 1459 3144 aut
1485 3089 1618 3144 duos
1642 3098 1820 3145 tresve

233 3180 369 3246 dies,
407 3181 500 3236 sed
537 3183 587 3235 in
625 3182 740 3252 ipso
765 3182 872 3249 die,
902 3197 1008 3252 quo
1034 3181 1391 3242 comederitis.
1426 3190 1598 3236 morte
1625 3181 1822 3236 morie-

233 3272 384 3326 mini.
414 3272 649 3342 Denique
674 3273 880 3328 cunctis
905 3273 1098 3343 quibus
1134 3287 1324 3327 cavere
1352 3272 1585 3342 Oportuit
1611 3272 1783 3326 modis
1801 3311 1817 3338 ,

233 3362 375 3416 cavit
404 3362 628 3418 homini.
651 3365 897 3418 Attamen
921 3363 1006 3417 ubi
1037 3372 1156 3432 post
1183 3371 1380 3416 tantam
1412 3361 1818 3430 providentiam,

235 3453 532 3508 doctrinam
553 3495 570 3520 ,
597 3454 1043 3518 exhortationem,
1071 3453 1475 3508 beneficentiam
1505 3455 1686 3524 lapsus
1718 3462 1820 3519 est,

234 3560 335 3600 nec
381 3546 764 3616 obtemperavit
809 3545 974 3616 jussis
1016 3545 1209 3600 divinis
1261 3565 1275 3600 :
1321 3559 1425 3599 non
1472 3546 1605 3599 dixit
1660 3545 1821 3611 Deus,

234 3637 360 3708 quid
391 3636 498 3692 hoc
528 3637 802 3707 proderit?
829 3653 948 3707 quae
977 3637 1174 3692 utilitas
1197 3635 1358 3690 inde?
1391 3635 1657 3701 comedit,
1685 3635 1824 3691 ceci-

234 3731 332 3798 dit,
383 3739 744 3803 transgressus
790 3741 872 3786 est
913 3731 1106 3801 legem,
1149 3731 1375 3786 credidit
1415 3730 1626 3786 diabolo
1675 3748 1688 3783 :
1731 3730 1825 3786 de-

235 3823 411 3893 spexit
458 3830 781 3892 przeeeptum
822 3837 1031 3890 meum,
1077 3822 1282 3891 accepit
1324 3823 1536 3887 vulnus,
1583 3830 1824 3876 mortuus

236 3925 342 3983 est,
366 3917 480 3972 neci
510 3917 737 3971 traditus
765 3925 882 3983 est,
915 3917 966 3971 in
993 3916 1352 3970 damnationis
1380 3915 1698 3970 sententiam
1743 3915 1825 3969 in-

237 4007 368 4062 cidit
401 4026 413 4061 :
447 4008 572 4078 quid
617 4009 840 4078 posthac
878 4015 962 4062 est
1007 4007 1148 4078 quod
1197 4007 1272 4061 illi
1325 4005 1641 4076 loquamur?
1679 4005 1822 4060 Nihil

236 4102 427 4155 horum
458 4101 611 4165 dixit,
641 4100 736 4156 sed
765 4099 1005 4170 protinus
1033 4099 1098 4153 ad
1131 4099 1278 4153 illum
1317 4098 1491 4165 venit,
1521 4097 1824 4168 alloquutus

237 4201 340 4260 cst,
371 4192 680 4247 consolatus
719 4201 822 4255 est,
863 4206 927 4246 ac
964 4206 1147 4246 rursus
1187 4191 1330 4245 aliud
1371 4189 1609 4244 admovit
1645 4204 1823 4244 reme-

236 4287 410 4350 dium,
455 4284 705 4338 videlicet
748 4283 985 4337 laborem
1011 4298 1074 4338 ac
1116 4284 1365 4337 sudorem
1404 4281 1567 4354 (Ibid.
1606 4283 1686 4353 '5),
1725 4297 1824 4337 nec

238 4380 386 4448 prius
411 4375 616 4430 destitit
647 4376 824 4428 omnia
851 4373 1047 4440 facere,
1073 4375 1256 4429 conari
1293 4375 1467 4428 omnia
1485 4416 1499 4441 ,
1528 4374 1696 4428 donec
1723 4389 1824 4428 na-

239 4483 413 4526 turam
443 4469 736 4538 collapsam
767 4466 1117 4530 restituisset,
1149 4477 1306 4535 atque
1336 4482 1366 4519 a
1396 4476 1568 4520 morte
1596 4466 1822 4521 liberas-

237 4571 337 4625 set,
383 4569 437 4616 et
463 4559 528 4614 ad
557 4559 748 4614 carlum
776 4557 1115 4628 provexisset
1133 4598 1146 4618 ,
1184 4555 1492 4626 majoraque
1519 4570 1676 4625 quam
1707 4571 1827 4626 per-

235 4655 446 4708 diderat
493 4651 693 4706 homini
740 4651 878 4704 bona
923 4647 1190 4711 dedisset,
1245 4645 1399 4700 factis
1452 4647 1580 4715 ipsis
1626 4646 1824 4702 docens

234 4744 530 4811 diabolum,
559 4743 701 4813 quod
729 4741 810 4797 his
833 4739 1037 4796 insidiis
1059 4738 1190 4794 nihil
1217 4738 1547 4809 profecisset,
1568 4737 1660 4793 sed
1681 4739 1823 4809 quod

239 4838 482 4892 homines
511 4839 710 4906 ejectos
749 4850 781 4890 e
809 4832 1054 4904 paradiso
1091 4832 1248 4902 paulo
1288 4840 1407 4900 post
1434 4831 1644 4886 visurus
1672 4839 1817 4888 esset

239 4931 290 4984 in
313 4929 459 4984 caelis
487 4928 690 4998 angelis
719 4926 1031 4996 permixtos.
1055 4923 1198 4979 Idem
1223 4923 1348 4979 fecit
1375 4923 1428 4978 in
1457 4922 1817 4994 Caintsiqui-

234 5020 357 5076 dum
384 5028 438 5074 et
467 5018 628 5084 illius,
667 5017 975 5088 priusquam
1001 5023 1281 5086 peccaret,
1313 5023 1531 5070 caverat
1557 5014 1713 5068 saluti
1743 5014 1824 5069 di-

233 5126 362 5169 cens
395 5129 408 5163 :
436 5109 685 5174 Peccasti,
709 5109 941 5179 quiesce;
963 5107 1030 5160 ad
1052 5117 1098 5160 te
1121 5105 1378 5160 conversio
1401 5105 1570 5172 illius,
1595 5114 1640 5158 et
1671 5116 1723 5158 tu
1744 5104 1823 5160 illi

225 5204 579 5260 dominaberis
599 5202 760 5275 (Ibid.
785 5203 838 5255 4.
864 5202 941 5271 7).
970 5199 1100 5255 Vide
1126 5197 1440 5269 sapientiam
1467 5196 1822 5266 prudentiam-

239 5316 335 5368 quc
366 5297 480 5352 Dei.
511 5294 624 5350 Hoc
646 5293 857 5358 metuis,
888 5291 1075 5360 inquit,
1103 5306 1168 5344 ne
1198 5299 1249 5344 te
1273 5290 1436 5343 frater
1463 5287 1656 5356 spoliet
1685 5303 1821 5357 prae-

234 5390 470 5460 rogativa
520 5384 1033 5455 primogenitorum,
1090 5389 1306 5450 propter
1358 5378 1614 5432 honorem
1647 5419 1661 5443 ,
1717 5394 1822 5448 quo

234 5485 406 5552 ipsum
437 5478 623 5544 all‘eci,
666 5493 734 5532 ne
763 5474 1116 5546 principatum
1147 5471 1247 5526 sibi
1286 5479 1504 5539 usurpet
1539 5469 1632 5524 tibi
1673 5469 1820 5524 debi-

236 5583 365 5628 tum.
415 5570 548 5626 Nam
586 5566 966 5638 primogenitos
1005 5563 1270 5634 posterius
1311 5561 1504 5632 genitis
1543 5561 1824 5632 oportebat

238 5661 662 5721 honorabiliores
711 5674 852 5716 esse.
901 5658 1085 5723 Bono,
1134 5656 1337 5726 inquit,
1385 5655 1564 5709 animo
1614 5654 1710 5722 sis,
1752 5671 1822 5712 ne

244 5770 441 5823 metue,
471 5770 648 5826 neque
671 5758 774 5814 hac
799 5753 866 5809 de
885 5765 1043 5808 causa
1070 5749 1403 5824 despondeas
1429 5748 1664 5804 animum
1697 5763 1710 5803 :
1739 5751 1772 5801 Α
1804 5750 1816 5766 ’

1436 307 1796 364 ADVERSUS
1832 307 2127 365 JUD/EOS.
2174 310 2302 366 V'lll.

3418 326 3520 380 9.30

1938 435 1984 480 te
2023 429 2278 482 conversio
2314 429 2444 499 ejus,
2485 441 2530 484 et
2570 439 2623 485 tu
2661 432 2997 489 dontinaberis
3035 435 3131 490 illi.
3160 436 3310 504 Quod
3339 453 3521 496 autem

1934 519 2084 584 dicit,
2113 518 2254 574 hunc
2275 520 2435 576 habet
2461 535 2676 578 sensum
2715 542 2727 577 :
2758 539 2914 580 mane
2939 525 2992 579 in
3018 525 3219 582 honore
3245 529 3517 600 primoge-

1933 611 2050 676 niti,
2084 620 2136 666 et
2172 621 2286 667 esto
2315 611 2466 667 fratri
2509 622 2598 669 tuo
2624 616 2906 687 refugium,
2936 619 3305 675 umbraculum
3331 636 3394 676 ac
3419 637 3518 692 pa-

1934 705 2238 769 trocinium,
2263 707 2569 778 impcraque
2593 725 2656 764 ac
2676 710 2953 768 dominare
2975 712 3070 767 illi.
3096 713 3325 769 Tantum
3355 731 3423 770 ne
3449 715 3516 772 ad

1935 797 2274 864 parricidium
2307 800 2582 868 prosilias,
2614 817 2786 872 neque
2813 803 2878 858 ad
2911 805 3128 875 impiam
3167 806 3310 860 illam
3341 823 3522 863 crum-

1932 901 2028 954 pas
2055 887 2278 944 caedem.
2303 889 2499 944 Verum
2531 907 2598 946 ne
2622 893 2698 946 sic
2729 893 2942 962 quidem
2972 897 3309 964 auscultavit,
3340 901 3518 969 neque

1932 980 2235 1050 conquievit
2265 999 2278 1036 :
2311 983 2406 1036 sed
2445 984 2646 1038 etcdcm
2685 985 2830 1039 illam
2861 989 3203 1056 perpetravit,
3240 989 3515 1045 dexteram

1933 1072 1984 1126 in
2011 1071 2300 1128 fraternum
2324 1075 2543 1130 immisit
2559 1076 2822 1146 jugulum.
2845 1079 2981 1146 Quid
3009 1079 3202 1150 igitur?
3222 1081 3359 1136 Num
3383 1082 3520 1138 dixit

1933 1163 2094 1230 Deus,
2123 1165 2360 1220 sinamus
2389 1166 2536 1220 illum
2575 1167 2627 1221 in
2657 1170 2968 1236 posterum?
2991 1171 3128 1236 Quid
3158 1173 3378 1242 posthac
3415 1172 3530 1228 erit-

1931 1255 2107 1309 lucri?
2156 1256 2489 1325 Perpetravit
2537 1259 2916 1327 parricidium,
2968 1263 3218 1316 mactavit
3257 1262 3515 1330 fratrem,

1930 1348 2250 1417 contempsit
2276 1349 2688 1404 admonitionem
2716 1365 2914 1416 meam,
2947 1351 3241 1407 insanabile
3265 1353 3518 1410 minime-

1929 1455 2034 1508 que
2056 1440 2464 1496 coudonandum
2495 1441 2840 1498 homicidium
2878 1459 3041 1500 ausus
3075 1455 3157 1500 est
3183 1455 3514 1516 perpetrare,

1933 1531 2127 1601 talique
2155 1546 2217 1585 ac
2248 1541 2386 1586 tanta
2417 1533 2665 1603 dignatus
2691 1534 3049 1590 sollicitudine
3078 1551 3194 1591 mea
3217 1577 3233 1603 ,
3275 1537 3516 1592 doctrina

1931 1630 1984 1674 et
2012 1621 2233 1675 consilio
2259 1639 2271 1675 :
2295 1632 2482 1676 cuncta
2511 1623 2598 1676 illa
2631 1623 2831 1692 pepulit
2856 1639 2922 1678 ex
2946 1627 3145 1691 animo,
3172 1640 3274 1681 nec
3297 1626 3399 1680 ulla
3425 1641 3516 1680 ra~

1932 1711 2076 1766 tione
2121 1727 2414 1768 conversus
2453 1723 2554 1768 cst.
2604 1714 2888 1768 Deseratur
2931 1716 3088 1786 igitur
3130 1717 3182 1770 in
3221 1727 3512 1786 posterum,

1931 1817 1994 1857 ac
2023 1805 2292 1872 projectus
2321 1814 2458 1870 esto,
2489 1819 2590 1859 nec
2619 1805 2730 1859 ullo
2759 1819 2881 1860 meo
2919 1815 3166 1874 respectu
3195 1807 3384 1877 dignus
3416 1807 3516 1860 ha-

1930 1894 2138 1949 beatur.
2168 1893 2310 1950 Nihil
2339 1895 2444 1950 tale
2473 1896 2611 1950 Deus
2640 1896 2793 1962 dixit,
2819 1897 2906 1952 vel
2948 1896 3073 1952 fecit
3100 1916 3112 1952 :
3139 1899 3235 1954 sed
3271 1899 3336 1953 ad
3367 1899 3514 1955 illum

1930 1986 2076 2040 venit
2103 1985 2313 2051 denuo,
2346 1996 2400 2041 et
2428 1987 2648 2056 corrigit
2690 1988 2961 2044 hominem
2984 2029 2999 2055 ,
3031 1988 3215 2044 dicens
3252 2006 3266 2042 :
3303 1989 3400 2045 Ubi
3445 2001 3534 2048 est.

1930 2077 2058 2131 Abel
2085 2078 2244 2146 frater
2271 2073 2430 2131 titus?
2459 2078 2537 2132 Ac
2576 2093 2643 2132 ne
2682 2077 3007 2134 inficiantem
3035 2079 3247 2149 quidem
3279 2081 3514 2146 deserit,

1929 2168 2024 2223 sed
2076 2168 2160 2223 vel
2209 2169 2432 2223 invitum
2481 2168 2646 2239 adigit
2693 2169 2758 2224 ad
2811 2170 3059 2225 facinoris
3098 2171 3513 2228 confessionem.

1929 2258 2168 2330 Cumque
2199 2261 2436 2327 dixisset,
2482 2261 2700 2329 Nescio,
2733 2263 2808 2318 ait
2838 2281 2852 2318 :
2890 2262 3001 2318 νοω
3037 2266 3300 2335 sanguinis
3341 2267 3518 2334 fratris

1929 2351 2001 2404 tui
2021 2352 2205 2406 clamat
2233 2353 2301 2406 ad
2327 2369 2404 2406 me
2429 2354 2493 2407 de
2519 2363 2650 2407 terra
2675 2353 2828 2427 (Gen.
2855 2356 2908 2409 4.
2933 2355 2987 2410 9.
3012 2357 3122 2426 10).
3150 2357 3300 2426 Ιρετε,
3326 2359 3515 2428 inquit,

1930 2456 2016 2495 res
2064 2442 2350 2511 prmdicant
2401 2453 2453 2498 te
2501 2443 2789 2499 homicidio
2829 2445 3181 2516 inquinatum.
3217 2447 3353 2514 Quid
3389 2449 3516 2503 ille?

1930 2533 2105 2604 Majas
2132 2545 2203 2588 est
2226 2548 2485 2605 peccatum
2514 2553 2700 2604 meum,
2731 2555 2883 2607 quant
2911 2549 2964 2592 ut
2993 2541 3115 2593 mihi
3138 2541 3440 2607 remittatur,
3467 2551 3516 2596 ct

1927 2625 1972 2678 si
2019 2626 2193 2695 ejicias
2235 2644 2314 2680 me
2358 2628 2420 2681 de
2467 2639 2622 2695 terra,
2665 2630 2815 2682 etiam
2859 2647 2891 2682 a
2934 2632 3066 2700 facie
3103 2640 3190 2685 tua
3229 2633 3516 2687 occultabor

1932 2715 2090 2787 (Ibid.
2118 2733 2165 2771 υ.
2197 2719 2280 2772 15.
2317 2719 2424 2790 14).
2461 2719 2626 2789 llujus
2646 2721 2910 2776 sermonis
2931 2723 3192 2778 sententia
3219 2724 3294 2777 sic
3316 2724 3473 2779 habet
3500 2742 3513 2778 :

1927 2811 2172 2880 graviora
2200 2811 2411 2880 quidem
2439 2815 2704 2877 commisi,
2740 2829 2896 2883 quam
2939 2824 2998 2869 ut
3025 2817 3233 2870 veniam
3266 2832 3512 2872 mercan-

1931 2911 2034 2968 tur,
2058 2912 2151 2956 aut
2177 2905 2420 2958 excusari
2454 2907 2660 2975 possint
2687 2916 2779 2960 aut
2802 2908 3152 2963 condonanda
3175 2911 3313 2972 sint;
3346 2912 3436 2964 sed
3468 2911 3516 2966 si

1926 2996 2061 3049 velis
2103 2995 2281 3050 ulcisci
2325 2995 2467 3065 quod
2509 2995 2707 3050 factum
2746 3007 2857 3064 est,
2889 2999 3137 3052 omnilms
3164 2999 3388 3066 objiciar
3426 3011 3516 3053 tuo

1927 3085 2126 3139 auxilio
2147 3084 2454 3141 destitutus.
2482 3085 2618 3152 Quid
2648 3087 2806 3156 igitur
2833 3088 3009 3142 Deus?
3033 3087 3154 3142 Non
3182 3091 3275 3152 sic,
3307 3090 3512 3160 inquit;

1924 3175 2146 3245 quisquis
2179 3176 2416 3230 occiderit
2445 3177 2593 3243 Cain,
2615 3187 2806 3248 septem
2843 3179 3090 3232 vindictas
3140 3181 3382 3249 persolvet
3407 3181 3514 3253 (Ib.

1924 3279 1973 3316 υ.
2013 3267 2125 3337 15).
2160 3267 2237 3323 Νε
2263 3277 2490 3333 metuas,
2519 3270 2710 3340 inquit,
2735 3270 2874 3336 hoc;
2906 3273 3054 3325 vives
3076 3271 3288 3342 longam
3315 3274 3511 3340 vitam,

1929 3373 1993 3414 ac
2032 3359 2078 3414 si
2111 3359 2230 3428 quis
2260 3368 2310 3414 te
2337 3360 2620 3426 occiderit,
2662 3361 2922 3416 obnoxius
2949 3362 3052 3416 erit
3091 3363 3272 3418 multis
3313 3364 3515 3434 suppli-

1928 3452 2046 3506 ciis.
2085 3451 2218 3506 Nam
2245 3454 2580 3522 septenarius
2605 3470 2862 3510 numerus
2892 3455 2944 3508 in
2973 3454 3261 3526 Scripturis
3294 3457 3513 3512 infinita:

1931 3543 2287 3598 multitudinis
2331 3544 2772 3613 significationem
2818 3546 2996 3601 habet.
3044 3547 3306 3612 Quoniam
3351 3548 3514 3618 igitur

1929 3632 2057 3688 Cain
2090 3635 2268 3690 multis
2298 3636 2572 3706 suppliciis
2605 3637 2867 3693 obnoxius
2900 3648 3015 3693 erat
3037 3679 3051 3704 ,
3083 3640 3336 3694 anxietati
3357 3680 3372 3704 ,
3405 3649 3514 3695 trc-

1930 3727 2063 3781 mori
2087 3770 2102 3793 ,
2140 3729 2406 3797 suspiriis,
2449 3731 2690 3795 maerori,
2721 3732 3058 3787 dissolutioni
3099 3737 3341 3804 corporis
3373 3753 3388 3791 :
3422 3738 3514 3806 qui

1929 3819 2206 3889 occiderit,
2232 3821 2421 3892 inquit,
2452 3832 2526 3888 te,
2549 3833 2603 3878 et
2630 3825 2697 3880 ab
2725 3825 2828 3880 illis
2847 3827 3072 3882 vinculis
3104 3828 3360 3894 liberarit,
3394 3831 3510 3900 ipse

1930 3912 1984 3966 in
2021 3929 2080 3968 se
2108 3914 2366 3970 vindictas
2389 3927 2648 3971 accersat.
2680 3919 2756 3971 Ac
2790 3919 3000 3974 videtur
3037 3920 3252 3989 quidem
3284 3922 3336 3976 id
3363 3923 3506 3993 quod

1929 4007 2141 4072 dicitur,
2166 4011 2515 4066 vehementer
2539 4019 2689 4066 atrox
2725 4025 2864 4078 esse,
2906 4027 3026 4067 cum
3054 4022 3238 4066 contra
3279 4014 3513 4070 declaret

1929 4100 2140 4155 Domini
2171 4101 2616 4157 benevolentiam.
2647 4101 2855 4157 Etenim
2887 4103 3026 4156 Deus
3059 4103 3242 4158 volens
3268 4113 3512 4173 posteros

1929 4190 1996 4246 ad
2025 4193 2428 4263 temperantiam
2457 4191 2743 4260 adducere,
2767 4193 2873 4247 tale
2893 4193 3139 4263 supplicii
3161 4210 3327 4264 genus
3354 4210 3514 4250 exco-

1927 4286 2134 4356 gitavit,
2171 4285 2312 4354 quod
2341 4286 2470 4340 Cain
2501 4302 2529 4339 a
2566 4295 2786 4356 peccato
2816 4295 2998 4356 posset
3027 4286 3276 4342 liberare.
3307 4287 3437 4341 Nam
3467 4289 3512 4342 si

1930 4377 2170 4445 protinus
2191 4375 2341 4430 illum
2366 4375 2736 4442 interfecisset,
2761 4376 2979 4432 abiisset
2999 4376 3212 4446 quidem
3239 4387 3511 4446 peccatum

1930 4466 1982 4519 in
2029 4481 2148 4521 sese
2202 4474 2399 4521 tectum
2449 4465 2651 4530 ferens,
2699 4481 2871 4536 neque
2915 4467 3146 4534 posteris
3197 4467 3308 4521 ullo
3359 4477 3513 4538 pacto

1931 4556 2120 4612 fuisset
2144 4559 2406 4628 cognitus.
2436 4559 2586 4612 Nunc
2623 4566 2800 4614 autem
2839 4561 3132 4628 permissus
3177 4562 3341 4616 multo
3373 4570 3510 4617 tem-

1931 4665 2060 4718 pore
2089 4651 2270 4705 vivere
2291 4650 2343 4704 in
2373 4650 2465 4704 illo
2496 4658 2750 4714 tremore,
2777 4649 2958 4705 docuit
2978 4651 3164 4706 obvios
3185 4666 3372 4706 omnes
3396 4653 3512 4721 ipso

1929 4753 2166 4812 aspectu,
2185 4743 2625 4814 vacillationeque
2645 4746 2842 4812 carnis,
2867 4744 3178 4812 exhortans,
3209 4761 3274 4801 ne
3300 4747 3512 4816 quando

1930 4837 2118 4892 similia
2147 4837 2424 4903 auderent,
2453 4853 2522 4892 ne
2549 4838 2742 4893 similia
2772 4846 3100 4908 paterentur,
3133 4837 3289 4893 simul
3319 4849 3371 4892 et
3399 4840 3512 4908 ipse

1929 4928 2168 4984 redditus
2189 4937 2271 4984 est
2299 4928 2506 4984 melior.
2536 4928 2666 4983 Nam
2695 4937 2897 4984 tremor
2921 4937 2975 4984 et
3003 4929 3159 4983 timor
3179 4944 3240 4984 ac
3264 4930 3368 4982 vita
3389 4945 3510 4984 cum

1927 5022 2195 5076 anxietate
2227 5029 2459 5091 peracta,
2488 5023 2833 5093 corporisque
2871 5022 3172 5088 dissolutio,
3205 5022 3364 5077 veluti
3393 5024 3510 5075 vin-

1928 5116 2049 5168 culo
2109 5113 2357 5184 quopiam
2412 5115 2732 5169 constrinxit
2787 5114 2935 5167 illum
2969 5153 2985 5178 ,
3045 5129 3217 5183 neque
3272 5113 3509 5182 permisit

1927 5203 2103 5259 denuo
2127 5203 2193 5258 ad
2219 5203 2393 5258 simile
2429 5202 2636 5258 facinus
2662 5217 3029 5273 prorumpere,
3058 5212 3111 5258 et
3151 5203 3345 5272 prioris
3379 5203 3505 5258 assi-

1928 5297 2030 5351 due
2059 5295 2487 5361 commonefecit,
2527 5303 2582 5351 et
2621 5295 2831 5349 interim
2870 5296 3035 5364 ipsius
3062 5295 3292 5348 animam
3319 5295 3508 5350 mode-

1927 5390 2186 5445 rationem
2213 5387 2465 5443 reddidit.

1996 5481 2048 5535 5.
2091 5477 2193 5533 Cur
2225 5477 2350 5533 Cain
2381 5485 2636 5548 peccatum
2670 5492 2817 5530 suum
2838 5492 2937 5530 non
2969 5476 3144 5530 abluit.
3171 5504 3242 5514 —
3262 5475 3366 5530 Sed
3396 5475 3506 5533 ha-c

1928 5569 2160 5640 loquenti
2191 5567 2321 5622 mihi
2347 5567 2492 5622 venit
2519 5567 2573 5621 in
2601 5574 2853 5633 mentem,
2901 5576 2960 5621 ut
2997 5567 3047 5620 in
3073 5565 3306 5622 medium
3342 5567 3501 5622 addu-

1926 5675 2064 5726 cam,
2093 5673 2431 5731 qumramque
2463 5658 2808 5730 quamobrem
2835 5657 3067 5727 tandem,
3093 5673 3213 5714 cum
3235 5670 3502 5728 peccatum

1929 5767 2084 5809 suum
2127 5759 2268 5809 esset
2289 5748 2601 5822 confessus,
2629 5748 2933 5824 factumque
2961 5749 3286 5815 damnasset,
3315 5752 3509 5806 dicens
3550 5787 3556 5794 .
