4046 6146
501 328 599 385 931

500 460 563 502 se
589 447 788 515 majora
818 458 1085 516 peccasse,
1111 460 1268 517 quam
1296 457 1354 501 ut
1376 448 1584 503 veniam
1615 459 1930 516 mereretur,
1959 451 2078 505 nul-

503 537 662 606 laque
698 537 1041 592 excusatione
1073 552 1132 592 se
1159 538 1376 608 dignum
1415 554 1563 604 esse,
1599 555 1702 595 non
1737 542 1965 610 potuerit
1989 544 2082 597 ab-

502 627 654 681 luere
676 635 885 694 peccata
907 643 921 692 ;
952 641 1071 681 cum
1105 628 1359 696 propheta
1384 629 1523 683 dicat
1548 646 1560 681 :
1595 629 1690 682 Dic
1717 641 1769 684 tu
1796 633 2081 699 iniquitates

502 724 615 768 tuas
640 717 800 786 prior,
825 725 881 769 ut
897 717 1193 787 justiﬁccris
1229 716 1380 789 (Isai.
1415 720 1502 772 43.
1543 720 1674 790 ‘26);
1702 721 1793 774 sed
1823 721 2080 776 condem-

499 815 658 860 natus
687 804 883 860 fuerit?
912 806 1169 871 Quoniam
1212 821 1316 861 non
1341 808 1491 870 dixit,
1524 817 1578 862 ut
1611 809 1771 878 jussit
1801 810 2077 881 propheta.

505 893 614 948 Non
642 895 784 948 cnim
824 896 1136 964 simpliciter
1161 896 1315 964 dixit,
1345 898 1432 952 dic
1472 899 1772 969 iniquitates
1803 908 1952 955 tuas:
1985 902 2080 957 sed

501 982 665 1051 quid?
690 982 783 1038 Dic
804 995 856 1037 tu
877 986 1017 1056 prior
1033 987 1318 1056 iniquitates
1337 997 1469 1042 tuas.
1497 989 1646 1056 Quod
1669 993 1943 1059 quaeritur,
1976 992 2080 1048 hoc

502 1083 620 1137 est;
654 1090 758 1128 non
784 1077 1096 1145 simpliciter
1114 1093 1236 1133 esse
1263 1079 1533 1144 dicendas,
1565 1081 1658 1135 sed
1689 1082 1830 1150 prius
1856 1097 1974 1137 esse
1997 1083 2080 1137 di-

498 1167 696 1221 cendas
719 1185 734 1222 :
758 1185 860 1222 nun
883 1170 1292 1237 exspectandam
1315 1171 1740 1240 redargutionem
1762 1175 2077 1228 accusantis.

501 1255 598 1310 Hic
622 1267 797 1312 autem
826 1274 930 1312 non
959 1260 1091 1312 dixit
1115 1260 1280 1329 prior,
1295 1261 1387 1320 sed
1406 1262 1746 1330 exspectavit,
1769 1263 1939 1318 donec
1960 1264 2083 1318 red-

498 1357 810 1417 argueretur
852 1364 884 1403 a
928 1350 1038 1404 Deo
1080 1367 1095 1403 :
1145 1351 1271 1418 quin
1309 1351 1520 1420 potius,
1572 1353 1664 1407 illo
1706 1354 2076 1424 redarguente,

497 1439 726 1506 negavit.
760 1438 1048 1507 Postquam
1069 1447 1245 1494 autem
1270 1443 1436 1495 semel
1478 1441 1670 1496 factum
1699 1452 1781 1498 est
1805 1454 2081 1513 peccatum

498 1528 693 1593 palam,
727 1536 836 1582 tum
868 1529 999 1582 dixit
1024 1543 1320 1598 peccatum,
1344 1547 1460 1601 qua:
1486 1533 1698 1602 quidem
1732 1551 1834 1588 non
1865 1546 1944 1591 est
1968 1536 2078 1606 jam

497 1618 784 1672 confessio.
831 1619 1059 1675 Proinde
1105 1630 1158 1675 tu
1198 1638 1429 1693 quoque,
1473 1623 1685 1691 dilecte,
1732 1641 1850 1680 cum
1889 1641 2078 1696 pecca-

497 1711 672 1775 veris,
727 1726 793 1766 ne
840 1713 1197 1781 exspectaris,
1249 1724 1306 1768 ut
1357 1715 1425 1769 ab
1474 1715 1581 1771 alio
1636 1718 1933 1784 accuset-is;
1985 1719 2080 1774 sed

497 1801 801 1871 priusquam
827 1804 1096 1859 accuseris
1120 1819 1183 1859 ac
1211 1805 1492 1872 deferaris;
1523 1815 1580 1860 tu
1619 1807 1917 1864 condemua
1961 1825 2079 1880 quae

497 1889 630 1944 facta
660 1902 803 1950 sunt.
851 1893 982 1948 Nam
1015 1895 1060 1949 si
1099 1896 1215 1966 quis
1242 1896 1379 1950 alius
1415 1897 1608 1953 deinde
1639 1907 1690 1953 te
1727 1899 2074 1970 redarguerit,

496 1997 602 2036 non
625 1982 734 2052 jam
767 1993 870 2038 tua:
896 1986 1248 2042 confessionis
1278 1998 1360 2042 est
1398 1988 1630 2044 officium
1651 2030 1666 2056 ,
1699 1991 1792 2046 sed
1820 1991 1961 2046 illius
1987 1992 2078 2062 qui

495 2083 706 2128 accusat
731 2077 1014 2132 correctio.
1055 2078 1389 2148 Quapropter
1429 2088 1483 2134 et
1516 2080 1652 2134 alius
1689 2083 1949 2152 quispiam
1992 2084 2077 2138 in-

493 2165 638 2234 quit,
666 2164 846 2219 Justus
891 2168 970 2220 sui
1008 2168 1169 2236 ipsius
1211 2179 1475 2223 accusator
1493 2179 1563 2223 est
1592 2173 1646 2224 in
1684 2175 1930 2244 principio
1974 2191 2079 2228 ser-

494 2256 656 2307 monis
686 2255 863 2325 (Prov.
905 2258 990 2312 l8.
1023 2257 1132 2329 17).
1163 2259 1342 2328 Itaque
1378 2275 1481 2314 non
1514 2261 1616 2316 hoc
1646 2272 1728 2317 est
1765 2265 1904 2334 quod
1933 2281 2078 2334 qua:-

495 2345 647 2412 ritur,
681 2354 735 2399 ut
762 2361 980 2402 accuses
1019 2349 1243 2416 tcipsum
1267 2391 1282 2413 ,
1312 2350 1404 2404 sed
1447 2360 1502 2404 ut
1525 2353 1674 2420 prior
1727 2355 1952 2425 tcipsum
1989 2372 2077 2412 ac-

494 2448 670 2501 cuses,
700 2451 800 2490 nec
828 2446 1077 2506 expectes
1098 2439 1166 2493 ab
1194 2439 1314 2494 aliis
1340 2441 1786 2512 redargutionem.

564 2525 748 2582 Petrus
774 2531 1022 2599 quomodo
1045 2531 1201 2585 abluit
1222 2545 1479 2601 peccatum
1495 2553 1642 2589 suum
1660 2554 1680 2602 ;
1698 2538 1742 2590 ei
1762 2539 1894 2593 orbis
1911 2548 2076 2595 terrea

491 2633 606 2672 rum
641 2620 956 2689 commissus.
979 2622 1258 2676 —Petrus
1298 2624 1474 2692 itaque
1521 2635 1639 2695 post
1677 2643 1890 2696 gravent
1931 2628 2072 2687 illam

495 2710 854 2778 negationem,
889 2712 1137 2779 quoniam
1162 2714 1407 2768 celeriter
1427 2731 1578 2770 suum
1609 2718 1774 2788 ipsius
1795 2731 2070 2790 peccatum

492 2798 802 2854 recordatus
843 2811 955 2867 est,
987 2804 1237 2873 nulloque
1273 2817 1557 2863 accusante
1601 2810 1740 2865 dixit
1775 2824 2068 2883 peccatum,

492 2889 742 2961 flevitque
780 2907 1000 2948 amare:
1046 2895 1122 2950 sic
1166 2897 1334 2951 abluit
1373 2898 1517 2954 illam
1547 2900 1971 2972 abnegationem,
2013 2915 2074 2961 ut

490 2983 648 3036 etiam
671 2983 872 3052 primus
885 2986 1246 3054 apostolorum
1262 2989 1418 3044 fuerit
1435 2989 1624 3060 factus,
1645 2993 1800 3064 eique
1815 3004 1954 3050 totus
1972 3004 2079 3052 ter-

491 3088 668 3128 rarum
690 3075 836 3130 orbis
855 3079 1172 3134 commissus
1192 3078 1370 3135 fuerit.
1389 3081 1492 3138 Sed
1511 3085 1648 3153 quod
1667 3085 1909 3141 dicebam
1926 3088 2070 3158 (nam

489 3175 703 3237 Oportet
726 3168 793 3222 ad
815 3169 866 3224 id
893 3171 1032 3240 quod
1059 3174 1387 3243 propositum
1417 3184 1500 3231 est
1515 3177 1731 3248 reverti)
1756 3179 1886 3234 satis
1915 3179 2070 3236 nobis

492 3275 560 3315 ex
605 3260 687 3315 his
731 3261 1164 3330 demonstratur,
1206 3282 1313 3320 non
1360 3277 1609 3337 oportere
1654 3269 1848 3326 fratres
1891 3272 2069 3341 lapsos

491 3353 780 3422 negligere,
814 3370 988 3426 neque
1009 3367 1378 3424 contemnere,
1407 3375 1590 3415 verum
1617 3364 1922 3433 prOSpicere
1946 3366 2067 3435 qui-

487 3443 609 3498 dem
650 3445 752 3499 illis
776 3457 900 3502 ante
923 3457 1217 3518 peccatum,
1252 3459 1506 3506 cazterum
1540 3453 1699 3508 etiam
1729 3463 1850 3524 post
1877 3470 2067 3525 pecca-

488 3543 599 3589 tum
645 3537 864 3592 multam
903 3555 1025 3607 erga
1071 3539 1189 3593 illos
1220 3549 1473 3609 prmstare
1513 3558 1714 3597 curam.
1756 3544 1938 3599 Itidem
1976 3545 2063 3600 fa-

487 3627 636 3680 ciunt
663 3637 718 3682 et
743 3627 933 3682 medici
965 3647 978 3682 :
1008 3632 1356 3699 prmscribunt
1379 3635 1519 3689 enim
1546 3650 1609 3690 ac
1633 3637 1945 3706 prmcipiunt
1971 3639 2068 3693 ho-

488 3717 740 3782 minibus,
770 3733 887 3786 qua:
909 3730 1128 3788 possunt
1145 3722 1355 3778 illorum
1381 3725 1736 3781 valetudinem
1768 3729 1923 3794 tueri,
1949 3745 2066 3786 om-

487 3820 718 3874 nemque
746 3807 988 3863 morbum
1013 3811 1329 3868 excludere:
1352 3823 1603 3870 cartorum
1625 3816 1711 3872 ubi
1736 3819 2066 3890 neglexerint

484 3898 827 3968 praescripta,
855 3909 908 3955 et
951 3901 1002 3955 in
1040 3903 1397 3959 valetudinem
1441 3906 1723 3963 adversam
1760 3909 2059 3980 inciderint,

488 4001 594 4041 non
622 3989 898 4058 negligant
921 4004 1015 4045 eos
1057 3992 1179 4063 ipsi,
1207 3994 1301 4048 sed
1330 4003 1441 4050 tum
1469 3997 1698 4053 maxime
1727 4000 1944 4055 multam
1965 4002 2063 4057 ad-

484 4077 668 4134 hibent
714 4081 1145 4149 Sollicitudinem,
1177 4102 1286 4156 quo
1335 4089 1453 4145 illos
1506 4091 1698 4147 morbo
1737 4093 1929 4149 levent.
1971 4095 2061 4151 ld-

483 4170 655 4240 ipsum
674 4183 726 4226 et
744 4173 936 4228 Paulus
949 4175 1186 4248 fecit,qui
1201 4193 1319 4232 cum
1338 4181 1426 4249 qui
1443 4189 1683 4251 stuprum
1698 4187 2057 4253 commiserat,

481 4272 603 4332 post
633 4264 756 4319 illud
781 4276 1079 4335 peccatum,
1108 4270 1248 4339 quod
1276 4287 1343 4325 ne
1368 4270 1508 4326 inter
1526 4283 1712 4343 gentes
1737 4278 1947 4346 quidem
1976 4279 2058 4334 in-

484 4353 811 4420 veniebatur,
846 4371 952 4410 non
974 4361 1294 4429 contempsit
1322 4379 1336 4414 :
1372 4377 1550 4416 verum
1572 4365 1732 4418 etiam
1763 4365 1944 4422 frenos
1967 4383 2056 4424 rc-

481 4455 780 4514 spuentcm,
813 4462 913 4502 nec
941 4450 1257 4506 medicinam
1313 4454 1595 4510 admittere
1639 4457 1938 4524 volentem,
1981 4459 2058 4514 la-

477 4536 786 4591 scivientem
804 4553 865 4592 ac
889 4541 1233 4608 resilientem,
1256 4544 1464 4599 reduxit
1479 4546 1546 4600 ad
1566 4548 1879 4602 sanitatem:
1909 4559 1964 4604 et
1985 4550 2056 4605 ita

477 4629 718 4697 reduxit,
773 4641 831 4684 ut
891 4633 1238 4704 coniungeret
1279 4652 1486 4692 rursum
1543 4640 1753 4709 corpori
1803 4641 2054 4697 Ecclesiae

480 4720 528 4774 (Ι
555 4719 674 4775 Cor.
705 4721 784 4792 5).
809 4721 991 4793 Neque
1011 4723 1142 4779 dixit
1166 4726 1304 4793 apud
1323 4741 1439 4781 sese
1463 4745 1475 4780 :
1505 4729 1629 4798 qttid
1658 4729 1757 4784 hoc
1780 4732 2054 4800 proderit?

474 4828 594 4882 qua:
632 4813 758 4869 hinc
787 4813 1021 4869 utilitas?
1051 4823 1290 4885 stuprum
1313 4817 1598 4887 commisit,
1633 4831 1904 4890 peccatum
1931 4837 2053 4893 per-

474 4905 723 4974 petravit,
753 4921 853 4961 nec
893 4907 1006 4960 vult
1033 4906 1293 4962 desistere
1335 4924 1366 4963 a
1397 4909 1850 4976 lascivia;verum
1888 4923 1942 4969 et
1966 4915 2052 4971 in-

473 4997 631 5054 flatus
659 5007 763 5066 est,
792 5007 846 5053 et
867 4998 968 5053 sibi
996 4999 1188 5069 placet,
1215 5008 1271 5055 et
1298 5001 1683 5059 immedicabile
1707 5006 1898 5062 vulnus
1922 5007 2050 5062 red-

470 5091 550 5144 dit
577 5108 591 5144 :
621 5091 856 5146 sinamus
883 5091 1042 5162 igitur
1065 5092 1214 5147 illum
1243 5108 1304 5149 ac
1332 5093 1660 5151 deseramus.
1687 5097 1828 5153 Nihil
1855 5098 2048 5154 horum

469 5181 604 5236 dixit
628 5198 641 5235 :
673 5182 768 5237 sed
799 5192 1014 5252 propter
1041 5182 1144 5238 hoc
1170 5184 1342 5254 ipsum
1370 5186 1599 5242 maxime
1623 5189 1792 5243 multa
1817 5203 1942 5246 usus
1967 5202 2051 5250 est

465 5287 594 5343 erga
626 5273 771 5327 illum
801 5274 1158 5329 sollicitudine
1178 5316 1193 5340 ,
1221 5274 1360 5346 quod
1389 5275 1455 5330 ad
1483 5276 1762 5332 nefandam
1791 5281 2046 5335 malitiam

467 5363 672 5419 videret
697 5365 844 5419 illum
869 5381 988 5422 esse
1017 5366 1320 5437 delapsum,
1350 5384 1522 5439 neque
1558 5371 1784 5427 cessavit
1819 5381 2042 5442 terrere,

465 5454 679 5521 minari,
699 5457 887 5527 punire
913 5467 1024 5514 tum
1044 5474 1139 5530 per
1158 5475 1298 5524 sese,
1321 5468 1431 5516 tum
1455 5477 1550 5532 per
1570 5463 1702 5519 alios
1719 5465 2040 5534 complures,

469 5543 599 5597 nihil
629 5561 733 5601 non
761 5547 993 5617 faciens,
1024 5551 1157 5606 nihil
1186 5568 1292 5607 non
1322 5561 1562 5620 tentans,
1591 5554 1762 5612 donec
1796 5556 1944 5612 illum
1974 5556 2042 5612 ad

465 5637 786 5702 agnitionem
806 5644 1005 5709 peccati
1028 5645 1382 5714 perduxisset,
1404 5645 1470 5703 ad
1485 5661 1700 5703 sensum
1725 5647 2038 5719 iniquitatis,

463 5735 737 5797 postremo
775 5731 946 5787 donec
987 5734 1160 5803 ipsum
1203 5737 1480 5794 liberasset
1524 5739 1590 5794 ab
1629 5741 1773 5795 omni
1812 5742 2036 5797 macula.

1196 326 1254 386 S.
1291 329 1569 387 JOANNIS
1605 331 2082 391 CllRYSOSTOMl
2120 337 2442 394 AllClllEP.
2481 339 3006 401 CONSTANTINOP.

3653 357 3763 412 952

2192 453 2304 509 Hoc
2329 470 2460 509 sane
2486 455 2643 510 facito
2675 469 2727 512 tu
2759 475 2969 530 quoque
2997 477 3011 515 :
3050 462 3258 518 imitare
3281 463 3670 525 Samaritanum
3700 471 3769 527 il-

2187 546 2317 612 lum,
2345 548 2432 617 qui
2463 549 2513 602 in
2547 549 2830 620 Evangelio
2862 561 3069 608 tantam-
3095 568 3217 624 erga
3247 556 3582 614 vulneratum
3629 563 3771 619 hunc

2188 639 2432 705 prmstitit
2452 641 2860 718 sollicitudinem
2880 645 2918 697 ³.
2936 645 3142 698 Etenim
3159 645 3264 700 illic
3282 649 3535 716 praeteriit
3553 651 3734 706 Levila
3749 693 3771 718 ,

2187 731 2440 797 praeteriit
2470 713 2796 800 Phariszcits,
2825 750 2888 790 ac
2913 744 3102 792 neuter
3135 713 3352 794 deflexit
3376 740 3442 793 ad
3474 713 3768 811 iacentem,

2187 823 2282 877 sed
2329 824 2677 879 inclementer
2718 827 3108 899 crudeliterque
3144 830 3330 885 relicto
3371 832 3462 886 illo
3498 834 3768 891 abierunt.

2186 915 2550 972 Samaritanus
2579 926 2752 973 autem
2781 921 3038 988 quispiam
3061 962 3075 986 ,
3103 921 3192 991 qui
3233 922 3375 976 nulla
3419 941 3482 978 ex
3513 935 3662 994 parte
3692 925 3768 982 illi

2186 1009 2500 1076 conjunctus
2527 1019 2662 1075 erat,
2694 1025 2799 1063 non
2829 1012 3202 1078 prmtercurrit',
3231 1012 3323 1067 sed
3356 1028 3642 1068 accurrcns
3665 1016 3770 1069 mi-

2186 1108 2359 1153 sertus
2379 1107 2480 1162 cst,
2512 1100 2786 1154 instillavit
2811 1101 2983 1154 oleum
3012 1116 3074 1155 ac
3101 1103 3300 1167 vinum,
3326 1103 3576 1172 imposuit
3595 1105 3764 1169 asino,

2186 1188 2334 1242 duxit
2361 1189 2424 1242 ad
2461 1190 2834 1253 diversorium,
2879 1192 3152 1259 pecuniam
3199 1192 3390 1262 partim
3431 1193 3578 1247 dedit
3626 1209 3768 1264 pra:-

2187 1293 2414 1348 scntcm,
2461 1283 2650 1350 partim
2683 1283 2946 1351 pollicitus
2989 1293 3068 1337 est
3097 1299 3193 1354 pro
3235 1285 3371 1354 ejus,
3403 1286 3492 1355 qui
3537 1285 3670 1341 nihil
3702 1286 3766 1342 ad

2189 1373 2357 1442 ipsum
2399 1374 2714 1442 pertinebat,
2746 1375 3020 1429 curatione
3058 1374 3205 1444 (Luc.
3235 1375 3321 1430 lO.
3355 1376 3443 1430 50.
3470 1378 3631 1447 θείῳ),
3665 1393 3767 1431 nec

2185 1464 2315 1517 dixit
2342 1465 2478 1531 apud
2517 1479 2636 1518 sese
2666 1481 2678 1517 :
2710 1479 2828 1534 qua:
2873 1466 3000 1520 mihi
3046 1481 3169 1520 cura
3198 1475 3280 1521 est
3320 1467 3509 1522 istius?
3534 1468 3766 1522 Samari-

2187 1563 2340 1608 tanus
2381 1569 2533 1619 sum;
2563 1555 2694 1608 nihil
2735 1556 2863 1609 mihi
2906 1571 3024 1610 cum
3074 1557 3200 1623 illo;
3237 1559 3415 1626 procul
3455 1558 3768 1613 absumusa

2184 1646 2416 1712 civitate,
2443 1658 2496 1702 et
2519 1647 2609 1701 ille
2630 1663 2696 1702 ne
2718 1648 2918 1718 ingredi
2941 1649 3152 1718 quidem
3187 1661 3379 1720 potest.
3407 1651 3538 1719 Quid
3561 1660 3763 1718 autem,

2185 1740 2228 1793 si
2263 1741 2397 1794 ferre
2442 1755 2546 1794 non
2593 1741 2762 1809 possit
2791 1741 2888 1795 via:
2936 1741 3338 1811 longitudinem,
3388 1755 3654 1797 mortuum
3684 1744 3766 1798 af-

2183 1831 2389 1886 feram?
2414 1833 2702 1904 capicndus
2745 1849 2859 1888 sum
2887 1835 2955 1889 ob
2981 1835 3212 1900 caedem,
3244 1835 3505 1890 obnoxius
3545 1852 3639 1891 ero
3670 1836 3765 1890 ho-

2181 1924 2436 1978 micidio?
2459 1925 2551 1978 llis
2578 1940 2705 1978 sane
2733 1924 2800 1978 dc
2829 1927 3003 1979 causis
3027 1925 3177 1983 multi
3207 1941 3348 1996 smpe
3375 1935 3764 1995 praetereuntes

2185 2031 2248 2070 ac
2277 2015 2518 2070 videntes
2547 2014 2790 2072 homines
2817 2017 3125 2072 vulneratos
3155 2018 3503 2088 palpitantes,
3535 2028 3760 2088 praster-

2181 2114 2328 2171 eunt,
2368 2121 2474 2160 non
2504 2107 2642 2176 quod
2672 2118 2960 2176 graventur
2992 2109 3202 2175 tollere,
3243 2111 3594 2181 pecuniisque
3638 2128 3762 2182 par-

2181 2206 2325 2261 cant,
2357 2197 2450 2252 sed
2493 2206 2808 2263 metuentes,
2837 2215 2904 2254 ne
2933 2211 2986 2254 et
3015 2201 3115 2270 ipsi
3143 2202 3517 2270 perlrahantur
3545 2202 3597 2255 in
3622 2202 3765 2271 judi-

2179 2287 2340 2352 cium,
2395 2295 2644 2357 tanquam
2687 2289 2848 2343 caedis
2893 2289 3005 2355 rei;
3047 2306 3232 2345 verum
3272 2290 3534 2346 humanus
3577 2293 3666 2346 ille
3703 2307 3764 2348 ac

2179 2381 2321 2435 mitis
2347 2381 2480 2434 nihil
2509 2381 2698 2436 horum
2718 2384 2923 2447 metuit,
2951 2383 3045 2438 sed
3067 2383 3149 2438 his
3170 2385 3416 2439 omnibus
3441 2386 3763 2454 contemptis

2179 2471 2431 2542 imposuit
2457 2487 2579 2528 eum
2608 2473 2779 2541 asino,
2812 2482 2867 2529 et
2896 2474 2948 2527 in
2973 2474 3325 2529 diversorium
3352 2475 3637 2544 perduxit:
3668 2493 3761 2531 nc-

2177 2577 2281 2632 que
2309 2563 2596 2634 quidquam
2625 2563 2810 2618 harum
2839 2580 3016 2619 rerum
3045 2565 3422 2620 reformidabat
3441 2608 3456 2631 ,
3489 2581 3595 2620 non
3624 2568 3764 2635 peri-

2177 2655 2379 2721 culum,
2413 2671 2518 2709 non
2545 2657 2890 2724 pecuniarum
2924 2656 3281 2724 impendium,
3325 2673 3430 2710 non
3459 2657 3602 2712 aliud
3625 2674 3762 2729 pra:-

2177 2753 2320 2800 terea
2347 2745 2652 2816 quidquam.
2692 2746 2845 2813 Quod
2869 2747 2912 2801 si
2949 2748 3312 2802 Samaritanus
3334 2748 3468 2803 adeo
3495 2749 3759 2813 humanus

2175 2839 2425 2910 mitisque
2447 2839 2546 2894 fuit
2570 2855 2693 2910 erga
2727 2841 2994 2896 hominem
3026 2841 3264 2911 ignotum
3291 2860 3304 2896 :
3331 2857 3488 2913 quam
3525 2842 3755 2898 habituri

2175 2946 2362 2986 sumus
2389 2945 2487 2985 nos
2520 2933 2760 3000 veniam,
2790 2933 2835 2987 si
2864 2934 3106 3003 proprios
3136 2932 3329 2988 fratres
3368 2935 3759 3004 neglexerimus

2175 3020 2228 3074 in
2254 3022 2410 3077 malis
2451 3024 2823 3093 gravioribus?
2852 3023 2980 3078 Nam
3009 3033 3063 3078 ct
3106 3024 3214 3092 isti,
3245 3025 3335 3094 qui
3370 3039 3513 3081 nunc
3548 3024 3756 3095 jejuna~

2175 3121 2396 3176 verunt,
2429 3113 2730 3168 inciderunt
2769 3114 2820 3168 in
2853 3113 3130 3184 praedones
3166 3113 3409 3182 Judacos,
3441 3115 3550 3169 imo
3577 3116 3756 3168 verius

2173 3203 2421 3258 omnibus
2464 3205 2804 3273 prmdonibus
2850 3204 3136 3272 sa'viores,
3185 3205 3382 3274 quique
3421 3205 3756 3274 gravioribus

2169 3296 2328 3350 malis
2351 3296 2588 3350 afficiunt
2615 3312 2734 3363 eos,
2762 3298 2851 3367 qui
2880 3297 2931 3352 in
2967 3311 3061 3352 eos
3090 3297 3351 3352 incidunt.
3378 3296 3562 3368 Neque
3603 3298 3746 3352 enim

2169 3397 2347 3442 vestes
2376 3387 2584 3442 illorum
2628 3389 2960 3455 lacerarunt,
2989 3404 3162 3458 neque
3187 3389 3399 3458 corpori
3445 3387 3751 3444 indixerunt

2169 3483 2428 3549 vulnera,
2482 3491 2540 3536 ut
2582 3483 2659 3536 illi
2710 3491 2834 3536 tunc
2885 3481 3147 3547 fecerant;
3196 3481 3289 3536 sed
3345 3483 3576 3536 animam
3628 3496 3754 3535 sau-

2169 3575 2423 3642 ciarunt,
2485 3574 2806 3643 infinitisque
2856 3574 2953 3643 ipsi
3003 3574 3313 3628 vulneribus
3360 3573 3614 3636 inflictis,
3673 3573 3753 3627 sic

2169 3666 2414 3721 abierunt
2477 3667 2596 3721 illos
2665 3666 3028 3736 relinquentes
3108 3666 3162 3721 in
3243 3665 3393 3720 fovea
3461 3665 3753 3735 impietatis

2160 3756 2422 3828 jacentcs.

2240 3851 2294 3904 4.
2323 3850 2400 3905 Ne
2429 3849 2586 3920 igitur
2607 3849 3001 3905 dissimulemus
3027 3851 3184 3906 talem
3210 3850 3545 3921 tragtediam,
3577 3865 3751 3919 neque

2167 3953 2547 4012 praetereamus
2570 3943 3030 3998 inclementertam
3049 3945 3348 3999 miserabile
3363 3945 3746 4014 spectaculum.

2165 4033 2302 4102 Quin
2325 4033 2530 4088 etiamsi
2553 4035 2642 4088 alii
2665 4034 2766 4088 hoc
2794 4035 3033 4101 fecerint,
3056 4045 3109 4090 tu
3132 4052 3198 4090 ne
3223 4037 3430 4090 feceris.
3451 4034 3526 4091 Ne
3547 4035 3748 4088 dixeris

2165 4126 2305 4197 apud
2336 4127 2690 4197 temetipsum,
2727 4129 2886 4182 homo
2920 4143 3036 4182 sum
3083 4129 3412 4194 mundanus,
3442 4144 3663 4182 uxorem
3694 4137 3747 4180 et

2164 4217 2361 4273 liberos
2391 4217 2596 4285 habeo,
2629 4220 2728 4274 ista
2754 4219 3087 4274 sacerdotum
3119 4228 3262 4285 sunt,
3305 4220 3403 4273 ista
3449 4218 3746 4273 monacho-

2161 4323 2304 4362 rum.
2333 4307 2515 4378 Neque
2549 4310 2691 4364 enim
2729 4310 3096 4365 Samaritanus
3127 4311 3213 4366 ille
3237 4310 3352 4364 hmc
3379 4311 3611 4374 diccbat,
3657 4311 3744 4367 tthi

2163 4415 2306 4454 nunc
2335 4400 2679 4456 sacerdotes?
2702 4401 2788 4456 ubi
2834 4417 2976 4456 nunc
3001 4401 3290 4457 l’harisazi?
3321 4402 3406 4456 ubi
3433 4401 3741 4455 .lutlu‘urttm

2161 4489 2452 4546 doctores?
2498 4491 2592 4547 sed
2644 4492 2863 4562 perinde
2924 4493 3075 4562 quasi
3125 4502 3372 4548 venatum
3437 4494 3743 4564 quempiam

2160 4585 2451 4638 maximum
2497 4595 2683 4640 nactus
2721 4594 2884 4650 esset,
2931 4585 3001 4640 ita
3046 4585 3250 4640 lucrum
3295 4585 3536 4654 arripuit.
3577 4586 3644 4639 Et
3692 4594 3746 4640 tu

2160 4675 2320 4746 igitur
2383 4691 2503 4731 cum
2568 4677 2765 4731 videris
2825 4677 3054 4746 aliquem
3115 4687 3358 4746 egentem
3423 4677 3739 4740 curatione,

2159 4768 2243 4822 vel
2289 4767 2562 4836 corporis,
2618 4767 2702 4822 vel
2759 4769 2986 4833 animm,
3049 4783 3116 4822 ne
3169 4768 3330 4823 dicito
3387 4769 3528 4838 apud
3602 4769 3740 4837 tcip-

2158 4872 2307 4922 sum,
2339 4874 2503 4928 quare
2546 4861 2634 4914 ille
2673 4869 2725 4914 ct
2773 4860 2860 4915 ille
2909 4876 3029 4915 eum
3076 4877 3180 4915 non
3232 4863 3598 4916 curaverunt?
3644 4860 3740 4915 sed

2156 4965 2186 5004 a
2217 4953 2405 5007 morbo
2437 4953 2638 5007 libera:
2675 4967 2847 5022 neque
2889 4954 3122 5007 rationes
3161 4953 3342 5023 exigas
3387 4953 3456 5008 ab
3495 4953 3602 5006 illis
3645 4969 3736 5005 ne-

2155 5045 2441 5116 gligentize.
2472 5045 2530 5100 Si
2557 5046 2823 5100 inveneris
2844 5060 3030 5098 aurum
3051 5045 3258 5115 jacens,
3284 5060 3412 5099 num
3436 5043 3570 5099 dicis
3599 5041 3735 5113 apud

2157 5139 2406 5207 tcipsum,
2435 5151 2600 5207 quare
2627 5137 2717 5192 ille
2741 5145 2832 5191 aut
2861 5137 2948 5191 ille
2976 5137 3077 5191 hoc
3101 5151 3206 5191 non
3245 5137 3615 5190 sustulerunt?
3644 5134 3734 5188 scd

2155 5230 2374 5286 festinas
2399 5239 2525 5286 ante
2550 5231 2683 5286 alios
2708 5231 2930 5300 rapere?
2958 5229 3144 5284 ltidem
3171 5239 3226 5286 et
3249 5229 3317 5284 de
3343 5228 3597 5284 fratribus
3626 5228 3732 5284 col-

2154 5322 2316 5392 lapsis
2336 5324 2528 5392 cogita,
2547 5332 2835 5392 putatoque
2858 5331 2908 5376 te
2930 5321 3231 5376 thesaurum
3253 5321 3517 5390 reperisse
3532 5363 3547 5385 ,
3574 5321 3722 5375 nimi.

2152 5429 2270 5468 rum
2303 5430 2483 5469 curam
2516 5415 2744 5469 illorum.
2791 5415 2999 5470 Etenim
3033 5413 3080 5468 si
3116 5413 3456 5468 instillaveris
3486 5414 3560 5468 illi
3591 5414 3728 5467 velut

2150 5507 2328 5563 oleum
2352 5509 2613 5562 sermonis
2629 5508 2940 5574 doctrinam,
2965 5508 3010 5562 si
3031 5507 3277 5579 ligaveris
3300 5505 3724 5570 mansuetudine,

2214 5689 2230 5719 ²
2267 5688 2340 5737 sic
2359 5687 2506 5738 Editio
2526 5687 2662 5736 savil.
2680 5695 2732 5736 ct
2754 5685 2890 5736 multi
2915 5694 3021 5738 Mss.
3045 5687 3206 5738 Μαι-ει.
3225 5698 3375 5738 vero:
3399 5690 3586 5735 Tantam
3603 5695 3715 5747 erga

2152 5749 2349 5800 vulnera
2370 5749 2592 5813 prwstitit
2615 5749 3000 5801 sollicitudinem.
