4046 6146
235 382 331 435 931
802 342 816 357 ’
1405 371 1779 457 Αῡκξκῐιευδ

1925 369 2121 425 LEOS.
2158 367 2292 423 VIII.

231 497 425 571 δεμιάς
461 493 758 562 ἀπολογίας
790 490 937 558 ἄξιος
985 489 1147 555 εἶναι,
1184 493 1285 546 οὐκ
1344 490 1566 563 ἴσχυσεν
1615 490 1807 546 ἀπονί-

228 578 436 653 ψασθαι
466 577 535 631 τά
564 578 972 648 ἁμαρτήματα·
1000 576 1201 646 (καίτοι
1218 592 1279 646 γε
1304 576 1637 647 ὁπροφήτης
1654 574 1805 644 φησί·

231 664 379 732 Λέγε
402 661 485 716 σὺ
514 662 621 726 τὰς
641 660 893 729 ἀνομίας
913 674 1030 713 σου
1056 658 1308 727 πρῶτος,
1333 659 1435 712 ἵνα
1448 656 1806 724 δικαιωθῇς),

229 745 366 801 ἀλλά
400 745 495 799 καὶ
521 741 856 813 κατεκρίθη;
887 743 1009 795 Ὅτι
1043 744 1144 795 οὐκ
1165 739 1337 807 εἶπεν,
1361 742 1438 807 ὡς
1468 744 1498 795 6
1525 742 1813 813 προφήτης

228 829 532 884 ἐκέλευσεν.
565 826 640 880 Οὐ
669 825 777 897 γὰρ
810 824 996 889 ἁπλῶς
1023 822 1176 879 εἶπεν
1201 828 1230 880 6
1254 827 1560 898 προφήτης,
1582 825 1722 894 Λέγε
1745 827 1810 878 σὺ

229 913 327 976 τάς
349 911 581 981 ἀνομίας
621 926 737 975 σου,
768 908 903 963 ἀλλά
955 908 1039 974 τίς
1078 908 1228 979 Λέγε
1258 908 1340 963 σὺ
1369 907 1623 975 πρῶτος,
1655 907 1809 977 φησὶ,

231 995 337 1061 τὰς
363 995 615 1063 ἀνομίας
645 1008 781 1047 σου.
820 991 894 1045 Τὸ
924 991 1254 1063 ζητούμενον
1269 990 1431 1046 τοῦτό
1462 992 1631 1045 ἐστιν’
1665 991 1725 1043 οὐ
1752 988 1813 1042 τὸ

230 1080 405 1133 είπεῖν
433 1076 640 1140 ἁπλῶς,
659 1075 794 1132 ἀλλά
806 1075 868 1129 τὸ
892 1075 1111 1148 πρῶτον
1128 1077 1325 1142 εἰπεῖν,
1339 1075 1401 1129 τὸ
1430 1073 1504 1147 μὴ
1524 1075 1812 1143 ἀναμεῖναι

229 1162 322 1215 τὸν
348 1160 638 1231 ἐλέγχοντα
666 1160 762 1213 καὶ
790 1156 1223 1230 κατηγοροῦντα.
1255 1150 1423 1220 Οὗτος
1461 1156 1521 1209 δὲ
1552 1155 1654 1208 οὐκ
1688 1149 1811 1208 εἷπε

230 1244 469 1316 πρῶτος,
504 1243 642 1299 ἀλλά
672 1243 955 1314 ἀνέμεινεν
998 1241 1322 1314 ἐλεγχθῆναι
1354 1239 1506 1312 παρὰ
1531 1238 1625 1293 τοῦ
1651 1237 1808 1303 Θεοῦ,

233 1329 439 1401 μᾶλλον
457 1328 514 1382 δέ
542 1329 637 1382 καὶ
665 1328 982 1399 ἐλέγχοντος
1006 1329 1243 1398 ⁴ἠρνεῖτο.
1274 1325 1421 1401 ,Ἀλλ’
1450 1324 1638 1396 ἐπειδὴ
1665 1322 1812 1391 ἅπαξ

230 1400 400 1476 ἔδειξε
438 1412 500 1465 τὸ
523 1411 817 1482 γενόμενον
852 1407 1124 1481 φανερῶς,
1167 1400 1291 1462 τότε
1326 1403 1449 1462 εἷπε
1484 1407 1584 1479 τὴν
1633 1408 1813 1478 ἀμαρ-

228 1495 375 1556 τίαν,
414 1494 554 1565 ὅπερ
595 1494 696 1547 οὐκ
736 1493 887 1547 ἐστιν
937 1491 1326 1563 ἐξομολόγησις
1371 1489 1574 1545 λοιπόν.
1607 1490 1716 1544 Καὶ
1747 1490 1812 1542 σὺ

228 1577 431 1641 τοίνυν,
467 1578 740 1649 ἀγαπητὰ
779 1577 999 1631 ἐπειδάν
1035 1577 1309 1649 ἁμάρτῃς,
1349 1576 1423 1647 μὴ
1454 1574 1693 1645 ἀνάμενε
1715 1572 1813 1645 τήν

229 1663 362 1732 παρ’
374 1660 561 1732 ἐτέρου
580 1660 936 1733 κατηγορίαν,
957 1659 1093 1715 ἀλλά
1121 1661 1248 1732 πρὶν
1276 1658 1342 1713 ἀν
1366 1659 1401 1730 ἢ
1429 1655 1814 1730 κατηγορηθῇς

229 1748 327 1801 καὶ
373 1745 692 1817 διαϐληθῇς,
730 1747 797 1799 σὺ
843 1746 1224 1814 καταγίνωσκε
1264 1744 1374 1798 τῶν
1403 1741 1812 1817 γεγενημένων,

227 1830 308 1894 ὡς
343 1829 437 1883 ἐάν
466 1812 655 1903 ἕτερος
688 1828 885 1903 ἐλέγξῃ
924 1812 1142 1893 λοιπὸν,
1183 1828 1284 1882 οὐκ
1321 1812 1424 1881 ἔτι
1461 1812 1562 1898 τῆς
1594 1812 1691 1897 σῆς
1724 1824 1814 1890 ἐξ·

228 1913 614 1986 ομολογήσεως
627 1913 691 1968 τὸ
706 1913 1041 1986 κατόρθωμα
1059 1913 1289 1983 γίνεται,
1321 1911 1455 1966 ἀλλά
1483 1910 1583 1981 τῆς
1605 1910 1814 1964 ἐκείνου

231 1998 571 2070 κατηγορίας
602 2001 635 2069 ή
671 1997 980 2070 διόρθωσις.
1022 1996 1126 2051 Διά
1155 1996 1314 2051 τοῦτο
1367 1997 1464 2051 καὶ
1513 1996 1673 2058 ἀλλος
1732 1995 1815 2060 τίς

232 2100 390 2152 φησι,
430 2083 667 2149 Δίκαιος
701 2082 919 2138 ἑαυτοῦ
964 2081 1295 2152 κατήγορος
1319 2081 1389 2135 ἐν
1420 2070 1812 2149 πρωῖολογίᾳ.

234 2167 400 2220 Ὥστε
445 2169 505 2220 οὐ
549 2166 709 2221 τοῦτό
743 2169 860 2221 ἐστι
901 2167 963 2221 τὸ
1010 2166 1363 2239 ζητούμενον,
1396 2165 1457 2218 τὸ
1486 2166 1815 2236 κατηγορεῖν

233 2249 452 2314 ἐαυτοῦ,
491 2249 629 2304 ἀλλά
670 2250 732 2303 τὸ
765 2249 981 2323 πρῶτον
1008 2249 1204 2304 ἐαυτοῦ
1233 2251 1585 2320 κατηγορεῖν,
1622 2247 1718 2299 καὶ
1756 2245 1816 2299 τὸ

237 2333 314 2404 μὴ
341 2332 634 2403 ἀναμένειν
660 2333 789 2397 τοὺς
827 2334 959 2405 παρ’
993 2332 1196 2403 ἐτέρων
1222 2330 1500 2402 ἐλέγχους.

320 2416 379 2467 ὐ
413 2414 548 2484 γοῦν
597 2414 805 2486 Πέτρος
854 2415 993 2486 μετὰ
1043 2414 1143 2486 τὴν
1186 2413 1416 2484 ἀρνησιν
1474 2412 1689 2482 ἐκείνην
1718 2412 1817 2483 τὴν

232 2498 499 2569 χαλεπὴν,
528 2497 716 2571 ἐπειδὴ
753 2498 966 2569 ταχέως
996 2498 1190 2552 ἐαυτὸν
1212 2498 1485 2568 ἀνέμνησε
1512 2496 1613 2565 τῆς
1643 2498 1818 2568 ἁμαρ-

231 2582 376 2647 τίας,
408 2582 504 2636 καὶ
537 2581 765 2653 μηδενὸς
797 2580 1236 2652 κατηγοροῦντος
1265 2580 1419 2647 ἔλεγε
1453 2580 1596 2650 τὴνδ
1631 2579 1817 2650 πλημ-

235 2664 482 2737 μέλειαν,
513 2665 606 2720 καὶ
633 2664 862 2720 έκλαυσε
897 2664 1135 2737 πικρῶς,
1164 2664 1336 2728 οὕτως
1376 2664 1679 2734 ἀπενίψατο
1716 2664 1816 2735 τὴν

232 2748 463 2819 ἄρνησιν
495 2749 735 2820 ἐκείνην,
781 2749 858 2812 ὡς
887 2749 981 2803 καὶ
1014 2748 1230 2819 πρῶτος
1258 2747 1509 2817 γενέσθαι
1541 2747 1651 2802 τῶν
1681 2749 1817 2802 ἀπο-

235 2833 465 2895 στόλων,
515 2834 611 2886 καὶ
642 2831 742 2904 τὴν
774 2831 1102 2903 οἰκουμένην
1137 2831 1547 2901 ἐγχειρισθῆναι
1574 2830 1814 2887 ἃπασαν.

246 2913 388 2968 Ἀλλ’
410 2914 748 2986 ὄπερέλεγον
782 2914 885 2982 (δεῖ
917 2914 1028 2986 γάρ
1054 2914 1147 2967 ἐπὶ
1182 2914 1245 2967 τὸ
1273 2914 1634 2986 προκείμενον
1652 2915 1817 2968 ἐπαν-

233 2997 431 3068 ελθεῖν)
497 2998 694 3064 ἱκανῶς
728 3001 863 3070 ἡμῖν
894 2998 1144 3054 ἐντεῦθεν
1169 2998 1450 3065 ἀπέδειξεν
1478 3000 1506 3052 6
1526 2998 1703 3068 λόγος,
1733 3000 1815 3054 δτι

232 3085 548 3138 πιπτόντων
569 3085 632 3138 οὐ
661 3082 768 3155 χρὴ
792 3082 902 3138 τῶν
931 3083 1179 3154 ἀδελφῶν
1219 3082 1466 3154 ἀμελεῖν,
1502 3082 1623 3137 οὐδέ
1654 3100 1818 3137 κατα-

233 3169 478 3238 φρονεῖν,
533 3166 649 3221 ἀλλ’
692 3164 1091 3237 ἀσφαλίζεσθαι
1148 3167 1247 3237 μὲν
1301 3166 1500 3230 αὐτοὺς
1553 3165 1662 3238 πρὸ
1715 3168 1816 3240 τῆς

233 3252 534 3324 ἀμαρτίας,
572 3250 774 3323 πολλὴν
815 3250 874 3304 δέ
908 3251 1005 3305 καὶ
1055 3251 1194 3322 μετά
1234 3250 1333 3322 τὴν
1377 3250 1650 3321 ἁμαρτίαν
1686 3252 1815 3323 περὶ

234 3338 434 3400 αὐτοὺς
479 3335 885 3390 ἐπιδείκνυσθαι
930 3335 1265 3407 ἐπιμέλειαν.
1312 3334 1468 3388 υῦτω
1503 3334 1596 3389 καὶ
1639 3334 1814 3406 ίατροὶ

235 3419 483 3474 ποιοῦσι·
523 3417 744 3487 λέγουσι
799 3419 899 3489 μὲν
946 3419 1056 3490 γὰρ
1086 3419 1181 3471 καὶ
1217 3419 1524 3485 ὑγιαίνουσι
1561 3421 1674 3481 τοῖς
1721 3420 1816 3471 ἀν·-

234 3502 476 3574 θρῶποις
519 3502 556 3556 ἀ
589 3501 813 3556 δύναται
849 3492 1179 3573 διατηρῆσαι
1217 3500 1316 3572 τὴν
1359 3501 1571 3569 ὑγίειαν
1606 3502 1811 3565 αὐτοῖς,

234 3585 332 3640 καὶ
372 3587 556 3639 πᾶσαν
594 3582 1043 3656 ἀποκρούσασθαι
1096 3584 1279 3638 νόσον’
1321 3583 1703 3656 ἀμελήσαντας
1756 3585 1814 3639 δὲ

234 3669 343 3725 τῶν
400 3671 812 3741 ἐπιταγμάτων,
851 3671 945 3723 καὶ
980 3662 1262 3742 ἀρρωστίᾳ
1319 3669 1719 3741 περιπεσόντας
1752 3670 1812 3722 οὐ

234 3753 574 3825 παρορῶσιν,
632 3752 768 3806 ἀλλά
798 3754 894 3806 καὶ
938 3753 1142 3824 πολλὴν
1182 3752 1416 3824 μάλιστα
1456 3752 1577 3805 τότε
1609 3751 1814 3805 ἐπιδεί-

233 3852 464 3890 κνυνται
524 3836 804 3908 πρόνοιαν,
863 3837 1012 3901 ὅπως
1049 3838 1247 3900 αὐτοὺς
1308 3836 1657 3901 ἀπαλλάξωσι
1707 3834 1815 3889 τῶν

232 3919 580 3991 νοσημάτων.
631 3919 787 3974 Οῦτω
820 3921 914 3974 καὶ
955 3923 983 3974 6
1016 3918 1228 3983 Παῦλος
1261 3921 1486 3992 ἐποίησε
1508 3936 1521 3949 ’
1558 3919 1649 3973 τὸν
1683 3919 1814 3987 γοῦν

233 4002 646 4074 πεπορνευκότα
679 4003 818 4074 μετά
845 4004 947 4076 τὴν
969 4004 1245 4076 ἁμαρτίαν
1278 4003 1514 4073 ἐκείνην,
1551 4002 1691 4073 μετά
1716 4001 1815 4073 τὴν

234 4089 586 4158 παρανομίαν
613 4088 711 4160 τὴν
763 4088 1026 4160 χαλεπὴν,
1063 4089 1158 4160 τὴν
1186 4088 1306 4142 οὐδέ
1353 4090 1409 4141 ἐν
1440 4090 1553 4151 τοῖς
1605 4086 1815 4140 ἔθνεσιν

234 4173 661 4243 εὐρισκομένην,
685 4172 746 4225 οὐ
770 4174 1047 4244 παρεῖδεν,
1076 4173 1209 4227 ἀλλά
1231 4173 1325 4227 καὶ
1350 4172 1685 4244 ἀφηνιῶντα,
1722 4171 1816 4224 καὶ

237 4258 314 4328 μὴ
348 4256 676 4327 βουλόμενον
693 4255 953 4320 δέξασθαι
977 4256 1075 4327 τὴν
1105 4256 1478 4326 ἰατρείαν,καὶ
1508 4255 1816 4326 σκιρτῶντα

233 4340 330 4394 καὶ
358 4337 754 4410 ἀποπηδῶντα,
781 4341 1127 4409 ἐπανήγαγεν
1143 4342 1235 4392 ἐπὶ
1262 4338 1361 4410 τὴν
1388 4337 1818 4411 θεραπείαν,καὶ

232 4423 411 4488 οὓτως
451 4423 797 4493 ἐπανήγαγεν
822 4461 837 4487 ,
890 4420 1034 4475 ὥστε
1085 4421 1282 4475 ἐνῶσαι
1320 4421 1395 4493 τῷ
1432 4421 1646 4492 σώματι
1716 4422 1817 4492 τῆς

246 4506 579 4580 Ἐκκλησίας
613 4506 795 4562 πάλιν.
825 4506 936 4560 Καὶ
973 4505 1074 4560 οὐκ
1097 4502 1219 4559 εἷπε
1254 4506 1389 4577 πρὸς
1416 4505 1636 4559 ἑαυτόνσ
1667 4506 1733 4558 Τί
1759 4505 1818 4557 δέ

233 4595 295 4648 τὸ
326 4595 489 4649 πλέον
513 4610 528 4660 ;
561 4594 614 4646 τί
642 4593 699 4647 δὲ
723 4593 783 4646 τὸ
814 4591 1037 4661 δφελος;
1066 4589 1380 4661 ἐπόρνευσε,
1415 4589 1514 4659 τὴν
1543 4587 1818 4659 ἁμαρτίαν

234 4677 554 4749 εἰργάσατο,
584 4676 705 4730 οὐδέ
730 4675 1034 4747 ἀποστῆναι
1080 4671 1329 4744 βούλεται
1380 4672 1480 4742 τῆς
1510 4670 1817 4741 ἀσελγείας,

232 4759 372 4814 ἀλλά
405 4761 501 4813 καὶ
533 4760 894 4829 πεφυσίωται,
927 4759 1024 4812 καὶ
1058 4758 1202 4829 μέγα
1231 4759 1438 4828 φρονεῖ,
1470 4755 1562 4808 καὶ
1598 4754 1820 4809 ἀνίατον

229 4845 294 4898 τὸ
313 4843 472 4907 ἕλκος
485 4843 781 4915 ἐργάζεται
801 4860 815 4875 '
839 4843 1067 4915 ἀφῶμεν
1101 4842 1282 4896 τοίνυν
1314 4841 1498 4905 αὐτὸν,
1531 4841 1625 4895 καὶ¹
1653 4842 1820 4909 ἐγκα-

229 4928 605 4998 ταλείψωμεν.
641 4928 807 4983 Οὐδὲν
834 4927 1040 4982 τούτων
1061 4923 1214 4980 εἶπεν
1233 4943 1247 4956 ·
1283 4924 1421 4980 ἀλλά
1465 4925 1532 4980 δι’
1563 4925 1695 4979 αὐτὸ
1719 4923 1818 4994 μὲν

228 5007 329 5068 οὖν
364 5012 523 5067 τοῦτο
554 5012 788 5084 μάλιστα
826 5011 995 5084 πολλῇ
1019 5011 1142 5065 τότε
1172 5011 1445 5082 ἐχρήσατο
1471 5012 1535 5082 τῇ
1568 5008 1816 5081 προνοίᾳ,

232 5097 426 5168 ἐπειδὴ
460 5097 597 5169 πρὸς
635 5097 842 5165 ἄφατον
879 5095 1040 5150 αὐτὸν
1065 5092 1174 5149 εἶδε
1213 5097 1411 5150 κακίαν
1444 5094 1819 5166 ἐξολισθήσαν-

231 5201 326 5248 τα,
363 5185 459 5236 καὶ
486 5184 586 5237 οὐκ
636 5182 848 5255 ἀπέστη
894 5183 1096 5252 φοόῶν,
1133 5182 1396 5247 ἀπειλῶν,
1424 5183 1689 5248 κολάζων,
1723 5181 1818 5236 καὶ

231 5267 303 5321 δι’
343 5265 537 5321 ἐαυτοῦ
576 5266 670 5321 καὶ
697 5266 765 5320 δι’
792 5264 995 5336 ἐτέρων
1025 5265 1238 5319 πολλῶν
1264 5264 1413 5338 [678]
1449 5265 1626 5320 πάντα
1648 5263 1818 5318 ποιῶν

233 5353 335 5407 καὶ⁵
384 5350 930 5422 πραγματευόμενος,
980 5349 1084 5414 ἕως
1108 5351 1175 5404 ἀν
1207 5350 1368 5403 αὐτὸν
1408 5353 1487 5414 εἰς
1520 5350 1817 5418 ἐπίγνωσιν

234 5436 436 5505 ήνεγκε
463 5434 561 5504 τῆς
585 5434 884 5505 ἁμαρτίας,
914 5433 995 5497 εἰς
1023 5432 1275 5505 αἴσθησιν
1306 5434 1407 5504 τῆς
1449 5432 1814 5505 παρανομίας,

247 5517 340 5571 καὶ
352 5518 535 5572 τέλεον
557 5517 718 5571 αὐτὸν
741 5515 1015 5588 ἀπήλλαξε
1040 5517 1138 5588 τῆς
1163 5516 1374 5588 κηλῖδος
1392 5518 1629 5589 ἀπάσης.
1646 5516 1818 5573 Τοῦτο

304 5734 321 5755 ·
353 5718 583 5782 Quinque
606 5731 719 5767 mss.
742 5718 797 5767 τὸ
820 5719 1095 5783 ἀμᾶρτῃμα.

301 5787 329 5827 b
350 5780 576 5844 Quinqhe
596 5794 712 5844 mss:
737 5780 1107 5844 κατηγοροῦντος
1126 5781 1304 5844 ἐπέγνω
1322 5783 1423 5839 τήν.

305 5858 326 5887 c
346 5840 431 5893 Sic
453 5840 574 5899 edit.
604 5840 752 5892 SaviI.
797 5850 850 5891 et
871 5840 1027 5893 ‘m'ulti
1071 5857 1181 5892 mss.
1222 5840 1395 5893 Morel.
1420 5856 1539 5897 vero
1578 5840 1816 5901 τοσαύτην

464 5969 469 5973 ·
532 5939 797 5999 Parnm.
845 5936 961 5996 Gn.
1011 5935 1291 5997 XLVIII.

3397 364 3504 417 9232

1918 500 1982 573 δὴ
2013 504 2108 556 καὶ
2145 502 2211 556 σύ
2242 490 2471 572 ποίησον
2498 517 2512 531 ο
2564 499 2804 572 μίμησαι
2837 498 2928 551 τὸν
2962 496 3313 568 Σαμαρείτην
3362 497 3507 550 ἐκείη

1917 601 2028 651 νον,
2063 585 2155 638 τὸν
2179 588 2236 639 ἐν
2274 584 2353 656 τῷ
2377 583 2696 654 Εὐαγγελίῳ
2745 581 3016 652 τοσαύτην
3057 581 3185 651 περὶ
3214 579 3305 632 τὸν
3330 594 3506 651 τραυ-

1922 669 2120 739 ματίαν
2155 670 2360 722 ἐκεῖνον
2391 665 2800 735 ἐπιδειξάμενον
2854 662 3111 735 πρόνοιαν
3146 673 3192 716 ο.
3241 663 3350 716 Καὶ
3395 661 3507 735 γάρ

1917 755 2036 805 ἐκεῖ
2080 751 2326 823 παρῆλθε
2360 750 2617 819 Λευίτης,
2669 747 2914 819 παρῆλθε
2945 749 3040 801 καὶ
3062 748 3374 818 Φαρισαῖος,
3411 745 3508 800 καὶ

1918 835 2198 904 οὐδέτερος
2235 831 2567 903 ἐπεκάμφθη
2606 831 2745 902 πρὸς
2780 833 2873 884 τὸν
2921 830 3194 899 κείμενον,
3229 828 3345 882 ἀλλ’
3376 825 3509 898 ἀνηὲ

1918 916 2055 980 λεῶς
2090 917 2187 969 καὶ¹
2208 914 2376 986 ὠμῶς
2402 915 2633 982 ἀφέντες
2660 914 2843 975 αὐτὸν,
2873 912 3137 983 ἀπῆλθον.
3160 911 3510 983 Σαμαρείτης

1918 1001 1976 1055 δέ
2002 1018 2108 1064 τις,
2133 999 2285 1054 οὐδὲν
2316 998 2464 1068 αὐτῷ
2481 998 2776 1069 προσήκων
2803 996 3125 1068 οὐδαμόθεν,
3149 996 3210 1049 οὐ
3235 994 3511 1067 παρέδρα-

1923 1100 2042 1155 μεν,
2084 1083 2201 1137 ἀλλ⁹
2232 1081 2464 1145 ἐπιστὰς
2501 1081 2829 1151 κατηλέησε,
2876 1082 2972 1134 καὶ
3001 1080 3300 1145 ἐπέσταξεν
3329 1079 3514 1134 ἔλαιον

1920 1167 2017 1220 καὶ
2052 1161 2194 1221 οἶνον
2214 1183 2229 1197 ο
2259 1165 2527 1234 ἐπέθηκεν
2553 1165 2645 1217 ἐπί
2673 1163 2765 1217 τὸν
2798 1162 2919 1216 ὄνον
2941 1161 2993 1228 ἀ,
3024 1163 3234 1234 ἢγαγεν
3256 1165 3337 1226 εἰς
3371 1179 3510 1216 πανο

1919 1249 2147 1320 δοχεῖον,
2189 1250 2282 1304 καὶ¹
2316 1247 2581 1321 ἀργύριον
2613 1247 2674 1300 τὸ
2700 1246 2799 1318 μὲν
2841 1245 3033 1308 ἔδωκε,
3065 1246 3128 1300 τὸ
3153 1246 3210 1299 δέ
3241 1244 3513 1317 ὑπέσχετο

1922 1334 2063 1407 ὑπὲρ
2087 1337 2188 1406 τῆς
2232 1333 2328 1389 τοῦ
2377 1333 2544 1406 μηδὲν
2589 1330 2737 1403 αὐτῷ
2765 1332 3138 1402 προσήκοντος
3183 1330 3523 1403 θεραπείας.

1920 1418 2032 1472 Καὶ
2081 1418 2180 1471 οὐκ
2225 1411 2347 1471 εἶπε
2391 1416 2528 1487 πρὸς
2577 1414 2799 1480 ἑαυτὸν,
2840 1413 2904 1467 Τί
2930 1413 2987 1468 δέ
3039 1431 3131 1485 μοι
3187 1414 3338 1484 μέλει
3375 1414 3508 1483 περί⁸

1920 1501 2139 1569 τούτου;
2197 1500 2550 1572 Σαμαρείτης
2604 1500 2742 1569 εἰμὶ,
2797 1497 2952 1551 οὐδὲν
3003 1497 3184 1551 κοινὸν
3219 1496 3328 1567 ἔχω
3373 1496 3514 1568 πρὸς

1920 1584 2111 1638 αὐτόν’
2150 1584 2343 1655 πόρρω
2372 1583 2476 1653 τῆς
2513 1580 2725 1645 πόλεώς
2748 1584 2937 1652 ἐσμεν,
2964 1581 3087 1633 οὐδέ
3113 1579 3327 1650 βαδίσαι
3351 1578 3515 1632 δύναο

1921 1686 2031 1723 ται.
2066 1669 2131 1722 Τί
2156 1668 2233 1733 δέ,
2268 1668 2366 1721 ἐάν
2395 1667 2469 1739 μὴ
2503 1667 2641 1737 πρὸς
2672 1665 2733 1719 τὸ
2766 1666 2944 1736 μῆκος
2976 1665 3198 1738 ἀρκέσῃ
3239 1664 3341 1735 τῆς
3377 1663 3515 1718 ὁδοι-

1923 1752 2145 1823 πορίας,
2189 1751 2371 1823 μέλλω
2398 1751 2588 1823 νεκρὸν
2619 1748 3011 1820 ἐπιφέρεσθαι,
3064 1747 3243 1818 μέλλω
3296 1748 3514 1816 σφαγῆς

1923 1836 2261 1901 ἁλίσκεσθαι,
2297 1833 2477 1905 μέλλω
2503 1830 2599 1887 τοῦ
2651 1831 2811 1902 φόνου
2868 1830 3167 1894 ὑπεύθυνος
3201 1826 3374 1897 εἶναι;
3400 1830 3514 1883 Καὶ

1922 1920 2032 1992 γὰρ
2058 1919 2243 1973 πολλοὶ
2270 1918 2536 1982 πολλάκις
2598 1915 2889 1987 παριόντες
2919 1915 3015 1969 καὶ
3041 1914 3276 1985 ὁρῶντες
3297 1914 3395 1969 ἀνθ
3405 1912 3513 1986 ρώ-

1924 2021 2061 2068 πους
2105 2003 2462 2074 πεπληγότας
2510 2001 2604 2056 καὶ
2637 1999 2991 2072 σπαίροντας,
3037 1998 3127 2053 διά
3147 1998 3309 2052 τοῦτο
3341 2014 3513 2069 παρα·

1921 2088 2229 2160 τρέχουσιν,
2257 2088 2358 2142 οὐκ
2385 2085 2674 2149 ὀκνοῦντες
2712 2083 3022 2148 ἀνελέσθαι,
3066 2082 3190 2137 οὐδὲ
3213 2083 3517 2155 χρημάτων

1924 2172 2250 2244 φειδόμενοι,
2283 2170 2422 2225 ἀλλά
2440 2169 2761 2234 δεδοικότες,
2796 2168 2872 2239 μὴ
2906 2168 3002 2222 καὶ
3035 2167 3191 2221 αὐτοὶ⁴
3238 2169 3319 2231 εἰς
3361 2166 3515 2219 δικα-

1925 2257 2149 2327 στήριον
2170 2253 2530 2319 ἐλκυσθῶσιν,
2555 2251 2631 2317 ὡς
2653 2253 2751 2324 τῆς
2781 2250 3000 2322 σφαγῆς
3027 2248 3341 2305 ὑπεύθυνοι.
3372 2247 3514 2301 Ἀλλ’

1923 2341 2131 2403 ἐκεῖνος
2160 2339 2312 2392 οὐδὲν
2334 2336 2541 2391 τούτων
2563 2336 2767 2390 ἔδεισεν
2795 2337 2823 2389 ὁ
2851 2336 3059 2407 ἥμερος
3084 2334 3182 2388 κα)⁸
3209 2332 3517 2404 φιλάνθρω-

1926 2439 2047 2487 πος,
2078 2420 2217 2475 ἀλλά
2244 2420 2417 2474 ταῦτα
2450 2419 2631 2474 πάντα
2663 2418 2936 2490 ὑπεριδὼν
2985 2417 3257 2488 ἐπέθηκεν
3294 2416 3389 2469 ἐπὶ
3422 2414 3516 2471 τὸν

1923 2505 2062 2570 ὄνον,
2097 2506 2193 2559 καὶ
2222 2507 2303 2570 εἰς
2329 2504 2648 2576 πανδοχεῖον
2677 2505 2916 2574 ήγαγεν⁶
2951 2501 3103 2556 οὐδὲν
3131 2501 3338 2555 τούτων
3364 2501 3515 2554 ὑπεί-

1923 2589 2067 2653 δετο,
2092 2590 2155 2642 οὐ
2188 2589 2458 2655 κίνδυνον,
2513 2590 2573 2643 ού
2614 2589 2917 2661 χρημάτων
2956 2586 3227 2656 δαπάνην,
3254 2585 3356 2639 οὐκ
3386 2584 3517 2640 ἄλλο

1923 2672 2096 2726 οὐδέν.
2130 2672 2194 2725 Εἰ
2244 2672 2301 2726 δέ
2335 2675 2363 2726 ό
2398 2672 2747 2745 Σαμαρείτης
2797 2670 2939 2724 οὕτω
2994 2668 3376 2742 φιλάνθρωπος
3421 2669 3516 2721 καὶ

1922 2754 2132 2825 ἥμερος
2186 2755 2379 2825 γέγονε
2434 2756 2567 2828 περὶ
2616 2755 2905 2828 ἄνθρωπον
2954 2754 3256 2823 ἄγνωστον,
3296 2751 3419 2804 τίνα
3447 2749 3515 2805 ἀν

1923 2838 2143 2911 ἔχοιμεν
2173 2838 2718 2910 συγγνώμηνυήμεῖς,
2750 2838 2858 2894 τῶν
2880 2837 3126 2907 ἀδελφῶν
3161 2832 3512 2890 τῶνοίκείων

1924 2919 2255 2992 ἀμελοῦντες
2285 2921 2379 2974 ἐπὶ
2409 2921 2621 2992 μείζοσι
2650 2923 2871 2986 κακοῖς;
2900 2921 3011 2974 Καὶ
3041 2920 3149 2990 γὰρ
3182 2918 3277 2972 καὶ
3297 2913 3442 2972 οὗτοι
3467 2918 3516 2970 οἱ

1923 3003 2018 3057 νῦν
2043 3004 2440 3075 νηστεύσαντες
2480 3004 2704 3075 λῃσταῖς
2721 3003 3049 3073 περιέπεσον
3072 3005 3186 3065 τοῖς
3219 3000 3514 3064 Ἰουδαίοις,

1925 3088 2127 3159 μᾶλλον
2159 3088 2217 3141 δὲ
2262 3086 2479 3161 λῃστῶν
2506 3086 2768 3141 ἁπάντων
2813 3085 3243 3157 χαλεπωτέροις,
3279 3084 3375 3137 καὶ
3406 3082 3516 3154 μείω

1924 3172 2052 3239 ζονα
2102 3174 2232 3236 τοὺς
2294 3173 2376 3236 είς
2429 3171 2630 3235 αὐτοὺς
2678 3170 3057 3242 ἐμπίπτοντας
3120 3167 3517 3241 ἐργαζομένοις

1922 3257 2088 3311 κακά.
2119 3256 2194 3309 Οὐ
2226 3256 2336 3327 γὰρ
2384 3255 2456 3309 τὰ
2512 3254 2707 3326 ἱμάτια
2740 3254 2921 3309 αὐτῶν
2952 3253 3350 3327 περιέρρηξαν,
3391 3249 3517 3306 οὐδέ

1920 3338 2000 3409 τῷ
2028 3337 2238 3409 σώματι
2269 3337 2486 3409 πληγὰς
2518 3339 2821 3408 ἐπήγαγον,
2841 3337 3098 3408 καθάπερ
3122 3338 3324 3391 ἐκεῖνοι
3367 3334 3515 3397 τότε,

1921 3423 2057 3476 ἀλλά
2080 3422 2178 3494 τὴν
2201 3422 2377 3494 ψυχὴν
2412 3422 2784 3493 κατέτρωσαν,
2818 3422 2914 3476 καὶ
2945 3420 3115 3492 μυρία
3158 3420 3294 3491 αὐτῇ
3349 3417 3515 3488 τραύ-

1926 3522 2074 3577 ματα
2101 3506 2304 3572 δόντες,
2339 3504 2518 3568 οὕτως
2544 3504 2809 3575 ἀπῆλθον,
2861 3504 3093 3573 ἀφέντες
3122 3505 3180 3556 ἐν
3215 3503 3293 3574 τῷ
3324 3502 3514 3571 λάκκῳ

1920 3589 2021 3659 τῆς
2046 3588 2301 3653 ἀσεϐείας
2341 3587 2653 3658 κειμένους.
3364 3610 3367 3617 ί

1989 3755 2038 3813 δι
2080 3755 2173 3826 Μὴ
2200 3754 2265 3826 δὴ
2286 3754 2599 3827 παρίδωμεν
2626 3754 2934 3826 τραγῳδίαν
2956 3753 3232 3825 τοιαύτην,
3254 3753 3390 3826 μηδέ
3407 3768 3514 3809 πα-

1926 3840 2289 3912 ραδράμωμεν
2318 3838 2563 3908 ἀνηλεῶς
2587 3838 2731 3892 οῦτω
2762 3837 2943 3909 θέαμα
2971 3838 3223 3903 ἐλεεινὸν,
3251 3837 3388 3891 ἀλλά
3408 3837 3514 3892 κᾶν

1921 3926 2098 3995 ἕτεροι
2131 3923 2290 3976 τοῦτο
2325 3922 2538 3980 ποιῶσι.
2578 3923 2643 3975 σὺ
2672 3922 2747 3992 μὴ
2775 3923 3036 3993 ποιήσῃς·
3079 3922 3152 3992 μὴ
3182 3922 3343 3994 εῖπῃς
3373 3921 3517 3992 πρὸς

1925 4007 2170 4071 σεαυτὸν,
2200 4004 2471 4075 Κοσμικός
2504 4006 2619 4076 εἰμι
2650 4003 2810 4076 ἀνὴρ,
2836 4007 3070 4073 γυναῖκα
3113 4003 3220 4073 έχω
3250 4004 3344 4057 καὶ
3387 4005 3514 4056 παῖ-

1922 4093 2055 4157 δας,
2101 4090 2276 4145 ταῦτα
2307 4091 2416 4143 τῶν
2459 4089 2649 4161 ἱερέων
2687 4089 2840 4152 ἐστὶ,
2880 4084 3055 4141 ταῦτα
3096 4086 3207 4140 τῶν
3238 4084 3509 4157 μοναχῶν.

1923 4176 2058 4230 Οὐδέ
2082 4174 2191 4247 γάρ
2220 4177 2248 4228 6
2280 4173 2628 4247 Σαμαρείτης
2655 4174 2863 4235 ἐκεῖνος
2899 4168 3073 4224 ταῦτα
3100 4164 3242 4223 εἶπε.
3276 4168 3385 4222 Ποῦ
3417 4167 3512 4221 νῖν

1924 4261 1975 4313 οί
2003 4260 2204 4331 ίερεῖς;
2248 4257 2352 4311 ποῦ
2392 4257 2487 4312 νῦν
2517 4257 2567 4308 οί
2601 4257 2922 4327 Φαρισαῖοι;
2955 4251 3059 4306 ποῦ
3084 4251 3192 4305 τῶν
3235 4251 3511 4307 Ἰουδαίων

1923 4346 1975 4397 οί
2014 4340 2358 4405 διδάσκαλοις
2387 4340 2501 4394 ἀλλ’
2532 4339 2721 4410 ῶσπερ
2754 4356 2806 4391 τι
2846 4336 3072 4409 θήραμα
3115 4336 3373 4407 μέγιστον
3424 4337 3511 4388 εὑ-

1929 4426 2059 4498 ρὼν,
2084 4425 2259 4488 οῦτως
2287 4425 2503 4497 ἥρπασε
2528 4423 2591 4477 τὸ
2625 4421 2840 4492 κέρδος.
2876 4421 2989 4474 Καὶ
3023 4420 3088 4473 σύ
3120 4418 3324 4484 τοίνυν,
3378 4418 3512 4477 ὅταν

1930 4510 2045 4583 ἴδῃς
2060 4507 2182 4563 τινὰ
2197 4508 2449 4579 δεόμενον
2480 4506 2780 4578 θεραπείας
2806 4503 2840 4575 ἢ
2860 4503 3179 4575 σωματικῆς
3200 4501 3233 4575 ἦ
3251 4503 3509 4575 ψυχικῆς,

1930 4594 2004 4665 μὴ
2032 4593 2159 4671 λέγε
2180 4594 2317 4665 πρὸς
2347 4592 2561 4646 ἑαυτόν·
2588 4589 2744 4650 Τίνος
2766 4588 2955 4642 ἐνεκεν
3034 4586 3183 4642 δεῖνα
3209 4587 3302 4642 καὶ
3322 4588 3512 4645 όδείνα

1928 4670 2218 4730 αὐτὸνούκ
2245 4674 2620 4747 ἐθεράπευσεν
2646 4690 2661 4739 ;
2695 4672 2810 4726 ἀλλ’
2857 4670 3168 4736 ἀπάλλαξον
3195 4671 3297 4741 τῆς
3328 4671 3512 4743 ἀρρω-

1930 4761 2106 4825 στίας,
2135 4760 2228 4814 καὶ
2251 4760 2324 4831 μὴ
2351 4758 2568 4812 ἀπαίτει
2584 4757 2829 4821 ἐκείνους
2849 4755 3079 4820 εὐθύνας
3102 4753 3206 4826 τῆς
3225 4753 3508 4826 ἀμελείας.

1926 4845 2056 4897 Ἐὰν
2072 4842 2239 4916 εὕρῃς
2261 4842 2502 4913 χρυσίον,
2517 4840 2637 4896 είπέ
2658 4857 2768 4911 μοι,
2783 4839 3057 4910 κείμενον,
3075 4838 3149 4910 μὴ
3167 4837 3348 4906 λέγεις
3364 4835 3504 4909 πρὸς

1930 4926 2336 4990 σεαυτὸν,Ἰ“ίνος
2364 4924 2550 4979 ἕνεκεν
2565 4924 2593 4976 ὁ
2618 4924 2764 4978 δεῖνα
2791 4924 2884 4976 καὶ
2897 4923 2925 4974 ὁ
2944 4922 3089 4976 δεῖνα
3102 4920 3235 4975 αὐτὸ
3254 4920 3357 4974 οὐκ
3373 4916 3515 4973 ἀνεί⁶

1926 5013 2099 5077 λοντο,
2116 5008 2228 5064 ἀλλ’
2242 5009 2303 5063 οὐ
2335 5018 2359 5046 θ
2393 5006 2715 5072 σπουδάζεις
2754 5005 2860 5079 πρὸ
2890 5005 3001 5059 τῶν
3028 5004 3202 5059 ἀλλων
3231 5002 3511 5074 ἀρπάσαι;

1929 5093 2087 5147 Οὕτω
2110 5093 2202 5146 καὶ
2230 5091 2322 5145 ἐπὶ
2340 5090 2450 5145 τῶν
2472 5091 2841 5145 πεπτωκότων
2870 5088 3116 5158 ἀδελφῶν
3137 5085 3379 5155 λογίζου,
3412 5085 3511 5140 καὶ

1928 5176 2079 5250 1679]
2107 5174 2293 5247 νόμιζε
2327 5174 2600 5247 θησαυρὸν
2625 5175 2918 5246 εὑρηκέναι
2941 5174 3040 5244 τὴν
3061 5170 3379 5242 ἐπιμέλειαν
3410 5171 3509 5241 τὴν

1927 5261 2281 5315 ἐκείνων.“Αν
2301 5259 2410 5331 γὰρ
2429 5258 2726 5332 ἐπιστάξῃς
2752 5256 2900 5328 αὐτῷ
2933 5255 3182 5327 καθάπερ
3207 5254 3383 5309 ἔλαιον
3409 5251 3508 5307 τοῦ

1926 5345 2083 5414 λόγου
2101 5345 2200 5414 τὴν
2216 5343 2588 5406 διδασκαλίαν,
2607 5342 2673 5396 ἂν
2693 5341 2897 5412 καταδή
2906 5356 3004 5414 σῃς
3020 5343 3084 5412 τῇ
3102 5339 3422 5412 προσηνείᾳ,
3441 5337 3510 5392 ἂν

1929 5431 2275 5504 θεραπεύσῃς
2309 5434 2377 5503 τῇ
2427 5429 2717 5501 καρτερίᾳ,
2775 5426 3051 5499 θησαυροῦ
3100 5426 3300 5490 παντὸς
3343 5425 3507 5478 εὐπο-

1926 5660 2266 5731 έπιδειξᾴμενον
2285 5659 2361 5707 ἐπὶ
2382 5659 2478 5731 τῶν
2508 5655 2787 5731 τραυμάτων
2801 5654 3047 5731 πρόνοιανέ

1988 5723 2014 5764 ἀ
2037 5715 2239 5784 Αἰὶᾁυοι
2263 5720 2479 5784 [πει-ἐπὶ
2498 5715 2593 5784 τῶν
2612 5715 2776 5784 ᾤμων,
2800 5715 2880 5784 hii}
2897 5722 2951 5784 eg
2975 5715 3113 5784 iqfra.

1986 5788 2006 5809 ⁶
2030 5773 2149 5833 εενί
2168 5784 2248 5831 καὶ
2281 5783 2354 5841 οὐ,
2381 5780 2553 5831 Montf.
2604 5773 2743 5834 ἀλλά.
2766 5773 2902 5829 unde
2924 5778 3131 5829 fecimus
3153 5777 3257 5827 ἀλλ’
3276 5775 3350 5827 οὐ.
3390 5773 3507 5824 και

1919 5846 2117 5910 quidam
2145 5845 2416 5911 διαρπάσαι.
2442 5844 2577 5894 Enlr.
3073 5912 3151 5972 26
