4046 6146
529 360 633 413 953

533 475 670 546 ρὼτε
678 473 771 546 ρόν
787 491 844 528 σε
867 467 1020 539 οὗτος
1036 474 1346 547 ἐργάσεται.
1366 478 1428 531 '0
1444 479 1553 550 γὰρ
1573 478 1882 551 ἐξαγαγὼν
1893 481 2105 551 τίμιον,

531 558 717 629 φησὶν,
746 556 815 622 ἐξ
845 557 1122 623 ἀναξίου,
1153 558 1233 625 ὡς
1260 562 1456 629 στόμα
1472 580 1591 631 μου
1612 563 1803 618 ἔσται.
1826 563 1890 618 Τί
1917 565 2109 619 τούτου

530 642 729 710 γένοιτ’
760 641 826 694 ἂν
856 641 1004 706 ἴσον;
1040 641 1219 713 Ὅπερ
1246 643 1366 697 ούδέ
1392 646 1632 715 νηστεία,
1659 646 1780 700 οὐδὲ
1817 648 2110 719 χαμευνία,

528 725 653 779 οὐδὲ
692 725 1032 796 παννυχίδες,
1065 727 1166 779 οὐκ
1210 727 1338 781 ἄλλο
1387 746 1439 782 τι
1486 729 1705 783 δύναται
1748 732 2107 803 ἐργάσασθαι,

529 808 744 880 τοῦτοή
776 809 869 862 τοῦ
897 809 1126 879 ἀδελφοῦ
1152 812 1398 884 σωτηρία
1429 817 1590 869 ποιεῖ.
1610 815 1891 886 Ἐννόησόν
1921 834 2013 870 σου
2052 818 2113 871 τὸ

532 892 709 961 στόμα
744 892 886 946 πόσα
930 892 1191 958 πολλάκις
1220 896 1461 968 ἥμαρτες
1491 898 1634 952 πόσα
1680 899 1982 968 ἐφθέγξατο
2028 904 2109 955 al-

532 977 673 1047 σχρά
718 977 962 1048 ῥήματα,
1009 977 1183 1041 πόσας
1221 977 1591 1052 βλασφημίας,
1632 983 1802 1049 πόσας
1843 984 2113 1055 λοιδορίας

530 1058 775 1124 ἐξέϐαλε,
803 1061 896 1114 καὶ
942 1061 1161 1126 πάντως
1188 1063 1457 1137 ἀντιλήψῃ
1503 1066 1604 1135 τῆς
1642 1067 1737 1120 τοῦ
1764 1069 2114 1132 πεπτωκότος

529 1145 788 1215 προνοίας
804 1161 818 1175 ⁸
848 1144 938 1199 διά
959 1146 1069 1218 γάρ
1098 1147 1217 1212 ἐνὸς
1235 1146 1426 1201 τούτου
1450 1149 1543 1204 τοῦ
1567 1150 1989 1222 κατορθώματος
2015 1154 2115 1207 πᾶ-

531 1245 630 1282 σαν
678 1228 983 1304 ἐκκαθᾶραι
1015 1230 1221 1304 δυνήσῃ
1265 1232 1364 1301 τὴν
1413 1233 1604 1304 κηλῖδα
1650 1235 1883 1308 ἐκείνην.
1922 1238 2032 1292 Καὶ
2058 1236 2114 1290 τί

529 1312 673 1381 λέγω
697 1313 1034 1385 ἐκκαθᾶραι;
1062 1313 1138 1377 ὡς
1167 1315 1340 1386 στόμα
1366 1315 1460 1370 τοῦ
1484 1318 1618 1372 Θεοῦ
1646 1320 1894 1391 ποιήσεις
1926 1337 2021 1373 σου
2053 1320 2114 1374 τὸ

531 1397 728 1467 στόμα.
754 1396 820 1450 Τί
839 1396 1046 1469 ταύτης
1072 1397 1270 1465 γένοιτ’
1303 1396 1371 1453 ἀν
1400 1398 1512 1453 ῐσον
1537 1401 1637 1472 τῆς
1660 1404 1854 1475 τιμῆς;
1883 1404 1975 1476 Μὴ
2004 1403 2113 1475 γὰρ

533 1478 646 1548 ἐγὼ
677 1480 850 1534 ταῦτα
873 1480 1278 1552 ἐπαγγέλλομαι
1301 1497 1315 1547 ;
1345 1482 1507 1547 αὐτὸς
1534 1486 1562 1538 ό
1590 1484 1723 1550 Θεὸς
1752 1485 1910 1540 τοῦτο
1936 1482 2110 1554 εἶπεν,

528 1563 617 1618 ὅτι
645 1562 762 1618 Κᾶν
803 1563 900 1617 ἕνα
941 1564 1064 1619 τινά
1106 1563 1399 1639 ἐξαγάγῃς,
1433 1569 1617 1639 φησὶν,
1645 1569 1721 1633 ὡς
1766 1570 1938 1641 στόμα
1988 1587 2113 1641 μου,

533 1649 685 1731 ἐσται
712 1646 773 1699 τὸ
806 1648 981 1719 στόμα
1018 1667 1111 1703 σου
1144 1648 1404 1721 καθαρὸν,
1438 1652 1612 1722 ἅγιον.
1644 1654 1736 1726 Μὴ
1776 1656 1955 1713 τοίνυν
1982 1660 2114 1731 ἀμε-

530 1730 714 1802 λῶμεν
741 1730 850 1786 τῶν
874 1732 1138 1803 ἀδελφῶν,
1166 1734 1301 1805 μηδὲ
1331 1737 1634 1809 περιιόντες
1661 1738 1929 1812 λέγωμεν,
1949 1730 2112 1798 Πόσοι

527 1815 880 1887 ἐνήστευσαν,
908 1815 1063 1871 πόσοι
1108 1817 1534 1897 παρεσύρησαν;
1580 1821 1694 1876 ἀλλ’
1723 1824 2112 1897 ἐπιμελώμεθα

529 1898 731 1955 αὐτῶν.
762 1898 883 1955 Κᾶν
904 1899 1090 1956 πολλοὶ⁵
1119 1893 1255 1957 ὦσιν
1286 1902 1336 1958 οί
1364 1904 1780 1975 νηστεύσαντες,
1822 1893 1887 1962 σὺ
1922 1893 1997 1981 μή
2029 1911 2114 1964 ἐκ·

529 1981 890 2065 πομπεύσῃς,
938 1984 1212 2056 ἀγαπητέ,
1269 1987 1405 2059 μηδὲ
1456 1988 1963 2064 παραδειγματίσῃς
2012 1996 2112 2065 τῆς

542 2063 869 2138 Ἐκκλησίας
918 2068 1020 2137 τὴν
1064 2069 1371 2139 συμφορὰν,
1419 2070 1559 2125 ἀλλά
1607 2063 1965 2144 θεράπευσον.
1994 2063 2112 2129 Κάν

527 2149 659 2221 εῖπῃ
688 2166 795 2214 τις,
829 2150 912 2203 ὅτι
945 2150 1140 2206 Πολλοὶ
1179 2153 1534 2225 ἐνήστευσαν,
1564 2155 1936 2227 ἐπιστόμισον,
1969 2157 2112 2212 ὥστε

531 2232 609 2301 μὴ
635 2231 888 2300 γενέσθαι
910 2234 1077 2305 δήλην
1105 2235 1204 2306 τὴν
1231 2237 1440 2307 φήμην,
1475 2237 1569 2290 καὶ
1597 2239 1717 2292 εἰπὲ
1751 2240 1889 2311 πρὸς
1918 2241 2107 2296 αὐτόν’

542 2314 683 2381 Ἐγὼ
704 2316 802 2385 μὲν
830 2315 1018 2370 οὐδένα
1050 2312 1197 2371 οῐδαο
1231 2319 1825 2393 ὴπάτησαι,ἄνθρωπε,
1850 2324 1944 2377 καὶ
1973 2324 2110 2394 ψεύ-

525 2394 592 2467 δῃ
609 2414 620 2426 ο
656 2396 721 2450 ἂν
739 2397 834 2451 δύο
864 2400 957 2452 καὶ
983 2404 1134 2471 τρεῖς
1156 2401 1273 2474 ἴδῃς
1297 2404 1737 2475 παρασυρέντας,
1763 2406 1992 2471 πολλοὺς
2016 2408 2114 2460 αύ-

529 2481 654 2545 τοὺς
689 2475 828 2537 εἶναι
862 2482 1063 2552 λέγεις.
1099 2486 1210 2539 Καὶ
1253 2486 1345 2539 τὸν
1392 2486 1491 2556 μὲν
1534 2489 1947 2561 κατηγοροῦντα
1972 2493 2111 2545 ἐπι-

532 2564 807 2633 στόμισον,
841 2567 948 2620 τῶν
991 2567 1048 2622 δὲ
1089 2569 1518 2640 Μρασυρὲντων
1567 2571 1641 2643 μὴ
1687 2572 1983 2645 ἀμελήσῃς,
2027 2576 2114 2629 ἵνα

531 2648 872 2719 ἑκατέρωθεν
906 2650 1075 2722 πολλὴ
1120 2654 1187 2723 τῇ
1222 2649 1519 2724 Ἐκκλησία
1549 2655 1818 2724 ἀσφάλεια
1864 2658 2110 2729 γένηται,

531 2730 641 2782 ἀπό
664 2745 723 2783 τε
752 2732 844 2785 τοῦ
868 2731 964 2803 τὴν
983 2734 1171 2805 φήμην
1203 2735 1278 2807 μὴ
1309 2736 1777 2806 ἐκπομπεύεσθαι,
1803 2740 1911 2793 ἀπό
1938 2758 1997 2795 τε
2018 2743 2111 2796 τοῦ

531 2813 658 2875 τοὺς
700 2816 1117 2887 παρασυρέντας
1171 2818 1369 2884 αὐτοὺς
1405 2820 1538 2891 πρὸς
1574 2820 1672 2889 τὴν
1714 2823 1866 2892 ἱερὰν
1911 2825 2112 2895 ἀγέλην

530 2895 762 2963 ἄγεσθαι
789 2898 975 2954 πάλιν.

600 2980 691 3050 Μή
708 2982 888 3036 τοίνυν
909 2982 1210 3053 περιιόντες
1235 2985 1666 3058 λέγωμεν,Τίνες
1681 2991 1957 3062 ﬂuam-0v;
1978 2992 2114 3048 ἀλλά

531 3064 945 3137 σπουδάσωμεν,
972 3067 1121 3132 ὅπως
1164 3067 1549 3140 διορθώσωμεν
1574 3073 1700 3137 τοὺς
1725 3075 2113 3146 ἡμαρτηκότας

532 3146 713 3229 μόνον.
732 3149 843 3201 Καὶ
863 3150 971 3221 γὰρ
994 3150 1166 3204 δεινὸν
1190 3150 1335 3217 ἔθος,
1364 3153 1537 3208 δεινὸν
1563 3155 1625 3209 τὸ
1653 3161 1982 3229 κατηγορεῖν
2003 3158 2112 3213 τῶν

528 3228 774 3299 ἀδελφῶν
825 3232 1007 3301 μόνον,
1036 3234 1172 3289 ἀλλὰ
1225 3234 1301 3307 μὴ
1344 3237 1759 3308 ἐπιμελεῖσθαν
1793 3228 2110 3312 τὸέκπομ-

530 3312 717 3367 πεύειν
763 3314 834 3367 τά
874 3315 1024 3370 κακὰ
1061 3317 1171 3372 τῶν
1212 3318 1605 3387 ἀσθενούντων,
1633 3323 1769 3378 ἀλλά
1819 3325 1896 3395 μὴ
1951 3325 2113 3395 θερα-

531 3395 736 3450 πεύειν.
757 3396 1058 3468 ’Λνέλωμεν
1086 3399 1262 3455 τοίνυν
1288 3401 1446 3457 τοῦτο
1466 3404 1527 3457 τὸ
1557 3405 1792 3477 πονηρὸν
1816 3406 1958 3471 ἔθος,
1984 3408 2116 3476 ἀγα-

532 3479 693 3548 πητοί
712 3498 723 3509 ·
750 3481 870 3534 οὐδὲ
894 3481 1002 3553 γὰρ
1028 3482 1232 3554 μικρὰν
1258 3483 1437 3557 λύμην
1465 3487 1625 3541 τοῦτο
1661 3488 1985 3560 ἐργάζεται·
2021 3494 2115 3545 καὶ

531 3562 668 3626 πῶς,
711 3563 821 3631 ἐγὼ
847 3564 1260 3631 λέγω.Ἤκουσέ
1288 3586 1372 3632 τις
1402 3571 1554 3640 παρὰ
1597 3572 1691 3625 σοῦ
1736 3573 2003 3641 λέγοντος,
2030 3575 2114 3629 ὅτι

532 3645 717 3698 πολλοὶ
749 3647 1081 3716 ἐνήστευσαν
1116 3649 1252 3719 μετά
1295 3651 1566 3705 Ἰουδαίων
1600 3656 1695 3707 καὶ
1741 3655 1906 3725 μηδὲν
1937 3656 2115 3721 ἐξετά-

535 3746 635 3813 σας
664 3728 958 3813 εἰςᾼὲτερον
989 3730 1051 3783 τὸ
1080 3732 1230 3801 ῥῆμα
1260 3732 1520 3803 ἐξήνεγκε
1541 3753 1554 3767 ’
1579 3737 1741 3790 πάλιν
1767 3740 1973 3804 ἐκεῖνος
2009 3759 2115 3813 μη-

530 3811 621 3863 δὲν
671 3809 1224 3888 πολυπραγμονήσας,
1273 3817 1445 3888 ἑτέρῳ
1495 3818 1653 3873 τοῦτο
1700 3820 1947 3887 ἐξεῖπεν*
1997 3809 2113 3880 εἶτα

531 3896 673 3948 κατὰ
708 3894 904 3966 μικρὸν
938 3896 1038 3966 τῆς
1070 3900 1312 3971 πονηρᾶς
1356 3901 1561 3973 ταύτης
1602 3902 1977 3977 αὐξανομένης
2010 3910 2115 3978 φή-

533 3995 641 4049 μης
678 3978 813 4033 πολὺ
841 3980 941 4049 μὲν
971 3985 1038 4053 τῇ
1090 3983 1387 4056 Ἐκκλησία
1405 3998 1430 4024 ιι
1461 3984 1664 4049 ὄνειδος
1691 3989 2115 4044 κατασκεδάννυο

527 4078 638 4125 ται,
672 4064 787 4126 τοῖς
835 4064 893 4118 δὲ
939 4066 1275 4122 ἀπολωλόσιν
1303 4068 1456 4122 οὐδὲν
1501 4068 1693 4138 ὄφελος
1721 4071 1950 4140 γίνεται,
1978 4073 2115 4128 ἀλλά

530 4147 627 4200 καὶ
658 4146 856 4217 βλάϐος
888 4150 984 4205 καὶ
1015 4150 1223 4216 τούτοις
1255 4152 1349 4205 καὶ
1379 4152 1588 4224 ἐτέροις
1622 4154 1859 4221 πολλοῖς.
1894 4157 2015 4210 Κάν
2052 4175 2113 4211 τε

529 4229 639 4303 γάρ
664 4231 833 4299 ὀλίγοι
862 4225 1016 4298 ὦσιν,
1043 4236 1203 4306 ήμεῖς
1236 4236 1433 4301 αὐτοὺς
1454 4239 1575 4301 ταῖς
1605 4239 1817 4310 φήμαις
1842 4243 1962 4305 ταῖς
1986 4241 2113 4295 πολ-

528 4313 649 4378 λαῖς
683 4315 913 4380 πολλοὺς
946 4316 1229 4388 ποιοῦμεν,
1261 4320 1503 4384 καὶτοὺς
1524 4320 1765 4387 ἑστῶτας
1794 4322 2109 4379 ἀσθενεστέ-

530 4415 658 4470 ρους
679 4399 1047 4472 ἐργαζόμεθα,
1084 4404 1181 4457 καὶ
1212 4403 1338 4469 τοὺς
1368 4404 1662 4475 μέλλοντας
1695 4407 1915 4462 πίπτειν
1942 4408 2113 4463 ὠθοῦ-

530 4497 651 4552 μεν.
669 4481 728 4534 ’0
753 4483 863 4554 γὰρ
887 4484 1117 4555 ἀδελφὸς
1141 4486 1404 4556 ἀκούσας,
1435 4489 1516 4543 ὅτι
1552 4488 1737 4543 πολλοὶ
1762 4491 2109 4563 ἐνήστευσαν,

527 4565 623 4619 καὶ
665 4565 828 4630 αὐτὸς
876 4568 1247 4643 ρᾳθυμότερος
1299 4571 1474 4637 ἔσται,
1514 4573 1609 4627 καὶ
1657 4573 1826 4628 ταῦτα
1871 4574 2032 4629 πάλιν
2084 4578 2112 4630 ὁ

527 4647 761 4720 ἀσθενὴς
795 4650 1054 4715 ἀκούσας,
1088 4653 1380 4725 δραμεῖται
1416 4656 1513 4709 ἐπὶ
1554 4655 1615 4709 τὸ
1644 4656 1846 4728 πλῆθος
1874 4658 1982 4712 τῶν
2016 4675 2113 4712 πε-

528 4732 844 4789 πτωκότων.
868 4734 960 4806 Μὴ
985 4736 1162 4789 τοίνυν
1196 4738 1331 4809 μηδὲ
1352 4738 1446 4792 ἐπὶ
1475 4738 1669 4811 τούτῳ,
1696 4740 1832 4812 μηδὲ
1861 4742 1946 4795 ἐπ’
1967 4742 2114 4815 ἄλλῳ

525 4815 907 4888 ⁴ιτονηρεύματι
939 4821 1349 4892 συγχαίρωμεν,
1376 4821 1480 4876 κᾶν
1503 4822 1691 4877 πολλοὶ
1714 4816 1847 4879 ὦσιν
1866 4826 1916 4879 οἱ
1938 4826 2115 4898 ἀμαρ-

526 4899 801 4965 τάνοντες,
828 4900 970 4955 ὥστε
1000 4903 1372 4975 ἐκπομπεύειν
1394 4905 1592 4971 αὐτοὺς
1621 4908 1717 4961 καὶ
1743 4907 1923 4977 λέγειν
1939 4909 1990 4974 ιι,
2029 4910 2111 4966 ὅτι

527 4983 738 5049 πολλοὶ,
782 4984 898 5040 ἀλλ’
933 4987 1373 5060 ἐπιστομίζωμεν
1416 4988 1571 5063 [680]
1622 4992 1716 5046 καὶ
1767 4992 2108 5065 κατέχωμεν.

526 5070 619 5143 Μή
662 5087 754 5141 μοι
786 5069 932 5139 λέγε,
964 5072 1045 5125 δτι
1079 5072 1265 5126 πολλοὶ
1310 5073 1667 5145 ἐνήστευσαν,
1703 5075 1840 5131 ἀλλά
1883 5076 2113 5149 διόρθω-

528 5171 620 5208 σαι
651 5156 778 5219 τοὺς
803 5156 1050 5221 πολλούς.
1073 5157 1149 5211 Οὐ
1196 5157 1285 5212 διὰ
1327 5157 1488 5212 τοῦτο
1521 5158 1808 5225 τοσούτους
1858 5160 2112 5234 ἀνήλωσα

526 5236 738 5306 λόγους,
773 5239 861 5292 ἵνα
885 5241 1269 5314 κατηγορήσῃς
1301 5240 1409 5295 τῶν
1445 5239 1675 5310 πολλῶν,
1717 5242 1829 5295 ἀλλ’
1858 5243 1943 5297 ἵνα
1987 5246 2108 5310 τοὺς

526 5321 760 5385 πολλοὺς
807 5324 1043 5397 ποιήσῃς
1077 5324 1311 5393 ὀλίγους,
1352 5325 1550 5397 μᾶλλον
1594 5325 1650 5380 δὲ
1701 5326 1836 5396 μηδὲ
1873 5326 2107 5395 ὀλίγους,

528 5403 668 5458 ἀλλά
708 5406 802 5459 καὶ
824 5408 1035 5478 ,αὐτοὺς
1075 5408 1418 5483 διασώσῃςσ.
1453 5410 1547 5482 Μὴ
1578 5410 1757 5463 τοίνυν
1794 5410 2110 5481 ὲκπόμπευε

589 5533 822 5603 {Novem
847 5550 966 5603 mss,
985 5544 1069 5595 τῆς
1093 5539 1364 5603 ἐκκλησίας,
1389 5554 1502 5603 qua;
1540 5542 1689 5589 lectio
1710 5553 1808 5590 non
1831 5542 1956 5592 mala
1997 5556 2107 5593 cum

529 5595 1152 5666 νρνιιρηκατασκεδάςρυται.
1175 5595 1298 5666 Ιιιΐνε
1320 5595 1533 5665 ᾁύᾱιυοι·
1550 5604 1779 5659 mss.ra'ic
1802 5606 1975 5666 φήμαις
1996 5607 2111 5654 ταύ-

527 5672 629 5718 ταις
649 5658 818 5715 (Sa\'i|.
842 5662 1027 5717 κακαῖς)
1050 5663 1267 5718 πολλούς,
1339 5658 1353 5665 ’
1770 5658 1775 5659 ν
1812 5658 1820 5666 .
1854 5658 1878 5666 -.
1962 5658 1973 5662 -
2088 5672 2091 5675 _

568 5717 620 5788 ab
642 5720 859 5792 Qu‘a‘lu‘og
880 5724 1148 5792 1η88.-ἆ.λλῳ
1175 5717 1367 5792 πονηρῷ
1392 5727 1565 5792 ῥήματι
1598 5726 1749 5792 ταῦτα
1771 5731 2107 5792 συγχωρῶμεν,

528 5780 618 5887 ἴξιν
641 5780 807 5825 πολλοὶ
834 5780 949 5827 ὦσιν
968 5786 1011 5829 οἱ
1036 5780 1403 5846 ἁμαρτάνοντες,
1508 5788 1818 5849 ἐκπομπεύειν
1839 5780 2105 5847 αὖτοὺςκαί

559 5855 694 5887 ενειν.

559 5855 694 5896 εγειν.

594 5905 615 5931 ⁸
647 5900 848 5950 Plurimi
871 5915 985 5951 mss.
1018 5904 1186 5958 αὐτοὺς
1208 5906 1399 5963 τούτους
1419 5909 1675 5971 διασώσῃς.

1250 360 1306 416 S.
1346 362 1632 418 JOANNIS
1671 361 2157 422 CIIRYSOSTOMI
2203 363 2522 423 ARCHIEP.
2562 366 3110 426 CONSTANTINOP.

3685 367 3798 424 93‘

2216 482 2287 538 τὰ
2331 484 2724 557 ἁμαρτήματα,
2759 484 2895 538 ἀλλά
2945 480 3454 554 θεράπευε.Ὢσπερ
3481 478 3590 553 γὰρ
3624 482 3673 534 οῖ
3702 482 3797 537 ἐκ·

2214 568 2609 638 πομπεύοντες,
2644 570 2738 623 καὶ
2777 571 2857 632 εἰς
2890 567 3048 621 τοῦτο
3083 564 3242 637 μόνον
3289 563 3664 634 ἐσχολακότες,
3693 566 3800 620 κᾶν

2213 650 2381 720 ὀλίγοι
2427 644 2559 704 ὦσιν
2606 654 2655 705 οί
2711 649 3114 722 ἡμαρτηκότες.
3147 646 3376 711 πολλοὺς
3408 646 3607 709 αὐτοὺς
3637 648 3797 718 νομί-

2215 732 2403 798 ζεσθαι
2438 733 2716 788 ποιοῦσινο
2763 732 2937 797 οὕτως
2983 732 3034 785 οἱ
3083 731 3481 795 συστέλλοντες,
3531 731 3626 786 καὶ
3668 734 3801 799 τοὺς

2162 852 2176 875 -.
2214 816 2664 887 ἐκπομπεύοντας
2712 815 3174 887 ἐπιστομίζοντες,
3217 815 3310 868 καὶ
3352 812 3461 867 τῶν
3509 816 3801 869 πεπτωκό-

2213 914 2322 953 των
2354 898 2794 970 ἐπιμελούμενοι,
2832 897 2934 953 κᾶν
2957 897 3141 951 πολλοὶ
3170 890 3326 961 ὦσιν,
3354 895 3551 960 αὐτούς
3570 914 3630 949 τε
3653 899 3801 951 ἐκεί-

2214 999 2338 1047 νους
2382 982 2719 1052 διορθοῦνται
2770 982 2986 1054 ῥᾳδίως,
3019 982 3114 1035 καὶ
3155 980 3347 1034 οὐδένα
3381 980 3566 1051 ἕτερον
3600 981 3665 1034 ἐκ
3702 982 3801 1053 τῆς

2214 1064 2417 1119 τούτων
2443 1066 2637 1134 ἀφιᾶσι
2679 1064 3095 1137 παραϐλαϐῆναι
3144 1064 3354 1134 φήμης.
3401 1063 3515 1116 Οὐκ
3559 1065 3803 1134 ἧκουσας

2214 1147 2296 1200 ὅτι
2322 1147 2538 1220 θρηνῶν
2568 1149 2660 1202 τὸν
2698 1148 2871 1203 Σαοὺλ
2903 1150 2933 1201 ὁ
2974 1146 3133 1201 Δαυτδ
3173 1147 3328 1214 ἔλεγε
3348 1163 3363 1177 ο
3399 1144 3533 1212 Πῶς
3572 1148 3806 1204 ἔπεσον

2215 1231 2464 1286 δυνατοί
2485 1249 2505 1297 ;
2536 1231 2635 1301 Μὴ
2658 1231 3051 1301 ἀναγγείλητε
3080 1233 3168 1298 εἰς
3196 1228 3336 1294 Γὲθ,
3358 1230 3518 1299 μηδὲ
3550 1233 3803 1302 εὐαγγε-

2212 1315 2477 1384 λίσησθε
2507 1315 2578 1370 ἐν
2612 1314 2747 1382 ταῖς
2779 1314 2942 1381 ὁδοῖς
2984 1313 3378 1380 Ἀσκάλωνος,
3408 1313 3569 1382 ὅπως
3590 1318 3681 1385 μὴ
3705 1319 3808 1372 εὑ-

2214 1397 2522 1467 φρανθῶσι
2572 1397 2890 1470 θυγατέρες
2932 1398 3321 1467 ἀλλοφύλων,
3362 1397 3518 1468 μηδὲ
3555 1398 3808 1469 γαυριά-

2215 1495 2371 1536 σωσι
2399 1482 2720 1552 θυγατέρες
2754 1481 3185 1551 ἀπεριεμήτων.
3207 1482 3271 1534 Εἰ
3293 1480 3349 1534 δὲ
3381 1482 3615 1552 πρᾶγμα
3641 1500 3808 1551 φανε-

2217 1565 2310 1636 ρὸν
2342 1566 2442 1620 οὐκ
2475 1566 2726 1620 ἐόούλετο
2757 1564 3227 1636 ἐκπομπεύεσθαι,
3259 1564 3400 1618 ὥστε
3444 1566 3519 1636 μὴ
3544 1566 3810 1633 γενέσθαι

2213 1653 2327 1714 τοῖς
2352 1650 2618 1714 ἐναντίοις
2644 1649 2861 1722 ήδονὴν,
2894 1650 3048 1720 πόσῳ
3076 1648 3275 1721 μᾶλλον
3301 1647 3476 1704 ταῦτα
3510 1650 3572 1702 ού
3598 1650 3682 1703 δεῖ
3705 1653 3808 1706 ἐκ-

2215 1734 2403 1805 φέρειν
2433 1735 2513 1796 είς
2540 1735 2637 1796 τάς
2681 1732 2880 1801 ἔξωθεν
2913 1732 3104 1800 ἀκοὰς,
3134 1731 3335 1804 μᾶλλον
3362 1733 3420 1786 δὲ
3448 1732 3569 1786 οὐδὲ
3599 1734 3684 1797 εἰς
3705 1735 3809 1798 τάς

2216 1819 2350 1888 παρ’
2382 1818 2515 1887 ἡμῖν
2530 1816 2580 1883 ἀ,
2628 1816 2715 1871 ἵνα
2748 1817 2883 1888 μήτε
2908 1817 2957 1869 οί
2989 1815 3176 1889 ἐχθροὶ¹
3206 1815 3495 1880 ἀκούοντες
3539 1817 3805 1889 χαίρωσι,

2218 1900 2356 1970 μήτε
2388 1900 2436 1954 οί
2459 1900 2649 1954 οίκεῖοι
2675 1899 3036 1970 μανθάνοντες
3077 1899 3520 1967 καταπίπτωσιν,
3546 1899 3687 1954 ἀλλὰ
3712 1917 3807 1953 συ-

2218 1982 2453 2036 στέλλειν
2483 1983 2578 2038 καὶ
2606 1982 3001 2055 περιφράσσειν
3027 1981 3382 2053 πανταχόθεν.
3406 1983 3498 2055 Μή
3532 2000 3625 2055 μοι
3646 1982 3810 2054 λέγε,

2214 2064 2296 2118 ὃτι
2338 2065 2428 2135 Τῷ
2474 2065 2605 2121 δεῖνι
2649 2063 2834 2120 εἷπονο
2877 2065 3030 2138 παρά
3074 2064 3255 2136 σαυτῷ
3288 2064 3487 2136 κάτεχε
3517 2066 3581 2120 τὸ
3622 2067 3804 2137 ῥῆμα.

2216 2145 2428 2219 Ὠσπερ
2452 2149 2560 2221 γὰρ
2588 2148 2651 2201 σὺ
2678 2149 2779 2203 οὐκ
2808 2150 3185 2222 ἐκαρτέρησας
3218 2148 3462 2219 σιγῆσαι,
3485 2148 3660 2213 οὕτως
3679 2148 3809 2205 οὐδέ

2216 2231 2423 2295 ἐκεῖνος
2455 2230 2726 2298 ἀνέξεται.

2285 2312 2537 2369 ε’.Ταῦτα
2553 2315 2612 2368 ού
2628 2316 2754 2387 περὶ
2769 2316 2870 2387 τῆς
2886 2316 3166 2389 παρούσης
3182 2316 3436 2387 νηστείας
3452 2316 3594 2385 λέγω
3609 2316 3809 2386 μόνον,

2214 2396 2351 2450 ἀλλά
2372 2399 2465 2452 καὶ
2491 2415 2559 2451 πε
2567 2398 2619 2470 ρί
2639 2398 2814 2453 ἄλλων
2839 2400 3047 2471 μυρίων
3068 2400 3500 2471 ἁμαρτημάτων.
3523 2400 3615 2471 Μή
3637 2400 3814 2453 τοῦτο

2218 2482 2509 2554 σκοπῶμεν
2559 2483 2739 2554 μόνον,
2773 2486 2821 2538 εί
2861 2484 3048 2537 πολλοὶ
3083 2486 3133 2538 οἱ
3164 2484 3629 2557 παρασυρόμενοι,
3663 2483 3814 2538 ἀλλὰ

2215 2567 2392 2620 ἐκεῖνο
2439 2568 2824 2638 σκοπήσωμεν,
2854 2568 3005 2631 ὅπως
3036 2567 3233 2631 αὐτοὺς
3276 2567 3671 2637 ἀπαγάγωμεν.
3704 2568 3814 2639 Μὴ

2216 2649 2531 2720 ἐπαίρωμεν
2561 2650 2631 2704 τὰ
2656 2650 2765 2703 τῶν
2790 2650 3085 2721 πολεμίων,
3112 2651 3208 2705 καὶ
3234 2649 3305 2704 τὰ
3326 2650 3570 2723 ἡμέτερα
3596 2650 3814 2705 καθαι-

2220 2732 2436 2802 ρῶμεν·
2489 2733 2565 2805 μὴ
2603 2734 2856 2805 ἰσχυροὺς
2906 2733 3149 2797 ἐκείνους
3195 2732 3605 2805 ἀποφαίνωμεν,
3639 2733 3710 2787 τὰ
3748 2733 3817 2787 δὲ

2216 2816 2460 2886 ἡμέτερα
2497 2815 2698 2888 ἀσθενῆ
2719 2832 2733 2845 ’
2766 2815 2903 2871 ἀλλά
2936 2816 3246 2871 τούναντίον
3290 2819 3438 2872 ἀπαν
3475 2816 3818 2889 ἐργασώμε-

2217 2899 2302 2953 θα.
2335 2895 2456 2953 Οἵδε
2482 2900 2578 2953 καὶ
2604 2901 2677 2971 φή
2689 2917 2762 2972 μη
2791 2899 3052 2964 πολλάκις
3080 2901 3328 2955 καθελεῖν
3372 2901 3467 2954 καὶ⁴
3494 2900 3820 2970 ἀναστῆσαι

2213 2981 2412 3055 ψυχὴν,
2443 2982 2538 3036 καὶ
2578 2981 2678 3055 τὴν
2720 2983 2820 3037 ούκ
2858 2979 3025 3038 οὖσαν
3058 2983 3369 3056 προθυμίαν
3396 2983 3674 3055 ἐμϐαλεῖν,
3705 2986 3820 3038 καὶ

2214 3066 2314 3137 τὴν
2343 3063 2509 3120 οὖσαν
2540 3065 2841 3122 καταλῦσαι
2875 3067 3057 3123 πάλιν.
3086 3066 3187 3120 Διά
3222 3066 3379 3122 τοῦτο
3405 3066 3658 3138 παραινῶ
3696 3068 3819 3133 τὰς

2216 3153 2404 3223 φήμας
2448 3148 2633 3216 αὔξειν
2683 3150 2920 3215 ἐκείνας,
2951 3150 3007 3204 αἳ
3040 3149 3110 3203 τά
3133 3149 3379 3221 ήμέτερα
3407 3151 3622 3222 αἴρουσι
3654 3152 3821 3221 πρά.

2214 3250 2421 3305 γματα,
2448 3234 2544 3288 καὶ
2577 3233 2789 3305 μεγάλα
2816 3232 3029 3287 ποιοῦσι
3059 3233 3343 3303 φαίνεσθαι
3367 3250 3381 3264 ⁸
3406 3233 3542 3287 ἀλλὰ
3561 3234 3636 3304 μὴ
3658 3234 3823 3288 ἐκεί-

2214 3335 2330 3382 νας,
2359 3317 2415 3371 αἶ
2444 3317 2539 3371 τοῦ
2569 3317 2751 3371 κοινοῦ
2778 3316 2887 3372 τῶν
2917 3315 3163 3387 ἀδελφῶν
3192 3317 3546 3388 καταχέουσιν
3567 3315 3816 3382 ὄνειδος.

2214 3402 2334 3456 Κᾶν
2372 3401 2470 3472 μὲν
2501 3399 2823 3472 ἀκούσωμέν
2844 3418 2896 3454 τι
2924 3400 3181 3472 χρηστὸν,
3214 3402 3294 3464 εἰς
3315 3400 3522 3465 πάντας
3544 3400 3818 3471 ἐκφέρω-

2218 3502 2318 3554 μεν
2336 3502 2348 3514 ·
2390 3484 2455 3538 ἂν
2493 3483 2551 3537 δέ
2574 3501 2627 3537 τι
2654 3483 2857 3554 φαῦλον
2888 3485 2980 3537 καὶ
3006 3483 3263 3556 πονηρὸν,
3300 3485 3428 3555 παρ’
3455 3486 3666 3547 ἑαυτοῖς
3694 3501 3819 3539 κα.-

2212 3567 2601 3639 τακρύψωμεν,
2634 3568 2726 3622 καὶ
2757 3568 2904 3632 ὅπως
2950 3567 3226 3638 ἀνέλωμεν
3255 3568 3386 3623 αὐτὸ
3418 3569 3592 3623 πάντα
3634 3570 3817 3641 ποιή-

2216 3667 2417 3721 σωμεν.
2449 3652 2560 3704 Kal
2584 3649 2679 3704 νῦν
2700 3649 2878 3704 τοίνυν
2908 3650 3303 3723 περιέλθωμεν,
3334 3650 3818 3722 πολυπραγμονή-

2216 3749 2418 3804 σωμεν,
2461 3732 2658 3804 ἴδωμεν
2705 3735 2832 3798 τοὺς
2884 3733 3168 3799 πεσόντας,
3209 3733 3311 3788 κᾶν
3356 3734 3436 3797 είς
3478 3732 3654 3786 οἰκίαν
3699 3734 3818 3808 δέῃ

2215 3815 2499 3882 εἰσελθεῖν,
2533 3816 2609 3888 μὴ
2664 3818 3110 3888 κατοκνήσωμεν.
3146 3817 3208 3871 Et
3255 3817 3311 3870 δέ
3365 3817 3636 3886 ἄγνωστος
3684 3819 3815 3890 εἴη,

2214 3900 2308 3953 xal
2339 3898 2651 3971 μηδαμόθεν
2674 3915 2755 3951 σοι
2785 3901 3079 3972 προσήκων
3099 3902 3129 3953 ό
3152 3898 3476 3963 πεπτωκὼς,
3504 3900 3823 3971 περιέργαο

2215 3999 2305 4035 σαι
2330 3982 2424 4036 καὶ
2453 3982 3002 4055 πολυπραγμόνησον,
3023 3983 3145 4036 τίνα
3169 3982 3282 4052 ἔχει
3311 3982 3464 4051 φίλον
3491 3983 3585 4035 καὶ
3604 3983 3819 4055 ἐπιτῄ-

2213 4064 2376 4129 δειον,
2418 4066 2511 4117 καὶ
2555 4063 2660 4116 τίνι
2710 4065 2947 4134 μάλιστα
2994 4065 3260 4128 πείθεται,
3293 4067 3543 4120 κάκεῖνον
3584 4064 3815 4131 λαϐὼν,

2215 4146 2422 4202 εἴσελθε
2450 4149 2529 4211 εἰς
2559 4148 2658 4219 τὴν
2686 4149 2863 4202 οἰκίαν
2888 4166 2900 4178 ’
2935 4149 3009 4220 μὴ
3035 4148 3349 4220 αἰσχυνθῇς,
3382 4149 3518 4221 μηδέ
3542 4148 3821 4221 ἐρυθριά-

2217 4247 2338 4306 σῃς.
2367 4232 2430 4284 Εἰ
2464 4230 2562 4302 μὲν
2586 4230 2697 4303 γὰρ
2722 4233 2983 4304 χρήματα
3012 4234 3215 4304 είσῄεις
3261 4235 3521 4302 αἰτήσων,
3561 4231 3597 4304 ἢ
3632 4234 3816 4305 χάριν

2213 4314 2337 4367 τινὰ
2365 4313 2669 4386 ληψόμενος
2696 4317 2825 4387 παρ’
2852 4314 3039 4381 αὐτοῦ,
3068 4316 3215 4380 εἰκὸς
3240 4312 3308 4388 ἦν
3335 4314 3687 4388 αἰσχύνεσθαι
3705 4333 3722 4347 ·
3758 4319 3815 4371 εἰ

2213 4398 2272 4452 δὲ
2302 4399 2443 4469 ὑπὲρ
2465 4398 2567 4469 τῆς
2592 4399 2802 4453 ἐκείνου
2837 4399 3114 4471 σωτηρίας
3141 4401 3375 4472 τρέχεις,
3405 4402 3438 4472 ή
3462 4401 3558 4470 τῆς
3584 4400 3812 4455 εἰσόδου

2215 4482 2490 4553 πρόφασις
2534 4481 2787 4537 ἁπάντων
2815 4483 3113 4538 ἀπαλάττει
3153 4500 3213 4536 σε
3252 4484 3360 4538 τῶν
3406 4482 3810 4554 ἐγκλημάτων.

2216 4565 2619 4637 Παρακάθισον”
2648 4566 2746 4638 δὴ,
2796 4566 2892 4620 καὶ
2944 4567 3065 4620 είπέ
3108 4567 3243 4640 πρὸς
3295 4567 3480 4632 αὑτὸν,
3527 4567 3810 4637 ἑτέρωθεν

2216 4649 2584 4721 ποιησάμενος
2626 4648 2727 4721 τὴν
2773 4650 2968 4722 ἀρχὴν,
2996 4649 3135 4704 ὥστε
3189 4650 3497 4705 ἀνύποπτον
3539 4651 3809 4720 γενέσθαι

2214 4730 2314 4802 τὴν
2346 4732 2651 4804 διόρθωσιν.
2671 4732 2962 4797 Ἐπαινεῖς,
3006 4734 3125 4788 εἰπέ
3174 4751 3281 4805 μοι,
3317 4735 3443 4799 τοὺς
3482 4734 3805 4800 Ἰουδαίους,

2214 4814 2294 4868 ὃτι
2342 4815 2434 4869 τὸν
2482 4815 2715 4886 Χριστὸν
2742 4816 3114 4888 ἐσταύρωσαν,
3147 4817 3240 4871 xal
3268 4816 3688 4888 βλασφημοῦσιν
3722 4820 3809 4882 εἰς

2213 4897 2378 4952 αὑτὸν
2412 4897 2526 4963 νῦν,
2560 4899 2655 4952 καλ⁵
2686 4900 3002 4971 παράνομον
3050 4901 3215 4954 αὑτὸν
3263 4899 3521 4966 καλοῦσι;
3570 4900 3809 4965 Πάντως

2212 4981 2313 5034 ούκ
2339 4980 2610 5047 ἀνέξεται,
2655 4981 2804 5054 [681]
2839 4983 2934 5037 ἐάν
2963 4981 2996 5058 ᾖ
3026 4984 3370 5056 Χριστιανὸς,
3400 4983 3505 5038 κᾶν
3535 4986 3811 5056 μυριάκις

2216 5064 2475 5137 ίουδαῖζῃ,
2505 5067 2605 5119 ούκ
2646 5066 2894 5134 ἀνέξεται
2938 5070 3112 5122 εἰπεῖν
3137 5070 3219 5124 ὅτι
3259 5067 3530 5122 Ἐπαινῶ·
3560 5068 3677 5122 ἀλλ’
3706 5072 3806 5140 ἐμ-

2214 5149 2408 5221 φράξει
2448 5149 2546 5220 τὴν
2592 5150 2762 5223 ἀκοὴν
2792 5154 2883 5204 καὶ
2912 5152 3028 5223 ἐρεῖ
3054 5152 3192 5225 πρὸς
3219 5153 3299 5216 σέ,
3331 5152 3423 5224 Μὴ
3447 5152 3683 5221 γένοιτο,
3711 5152 3808 5206 εῦο

2213 5235 2404 5303 φήμει,
2439 5231 2711 5304 ἄνθρωπε.
2748 5230 2881 5288 Εἶτα
2904 5236 3032 5290 ὅταν
3062 5236 3225 5290 αὐτοῦ
3253 5235 3424 5308 λάϐῃς
3451 5235 3552 5306 τήν
3583 5254 3806 5306 συγκα-

2211 5315 2451 5380 τάθεσιν,
2478 5316 2638 5370 πάλιν
2663 5318 2995 5387 ὲπανάλαόε,
3025 5320 3118 5374 καὶ¹
3148 5321 3268 5374 είπέ
3286 5338 3297 5350 ·
3341 5319 3467 5383 Πῶς
3495 5314 3590 5373 οὗν
3608 5321 3806 5383 αὐτοῖς

2213 5402 2507 5464 κοινωνεῖς,
2554 5401 2673 5454 εἰπέ
2700 5418 2818 5472 μοι;
2854 5403 2971 5468 πῶς
3011 5404 3259 5475 μετέχεις
3285 5404 3384 5476 τῆς
3421 5403 3637 5477 ἑορτῆς,
3676 5403 3805 5467 πῶς

2215 5485 2333 5554 μετ’
2362 5483 2585 5538 ἐκείνων
2634 5485 2948 5557 νηστεύεις;
3001 5484 3135 5542 Εἶτα
3185 5487 3563 5561 κατηγόρησον
3612 5486 3805 5539 αὐτῶν

2212 5567 2310 5636 τῆς
2341 5566 2730 5639 ἀγνωμοσύνης
2750 5585 2764 5599 ·
2796 5570 2914 5623 είπὲ
2953 5570 3052 5642 τὴν
3087 5571 3431 5642 παρανομίαν
3464 5570 3689 5624 ἃπασαν
3728 5570 3802 5639 ἢν

2213 5653 2271 5703 ἐν
2303 5653 2422 5713 ταῖς
2452 5651 2758 5722 ἔμπροσθεν
2786 5654 3019 5726 ἡμέραις
3047 5655 3262 5726 διῆλθον
3288 5655 3422 5726 πρὸς
3449 5654 3553 5725 τήν
3590 5652 3798 5724 ὑμετέο

2214 5751 2313 5804 ραν
2352 5736 2590 5807 ἀγάπην,
2619 5738 2716 5809 τὴν
2763 5739 2870 5792 ἀπὸ
2896 5739 2991 5793 τοῦ
3023 5740 3211 5805 τόπου,
3237 5738 3335 5810 τὴν
3380 5736 3490 5791 ἀπὸ
3530 5736 3630 5790 τοῦ
3674 5751 3799 5789 και·-

2278 5847 2305 5925 εξ
2328 5850 2673 5925 Seplegp‘mss.
2700 5856 2764 5925 εἰς
2798 5855 3053 5925 τοὺςλταςμ
3089 5856 3216 5918 ἡμῖν.
3248 5852 3396 5906 Paulo
3415 5861 3544 5917 post.
3572 5865 3793 5925 quatuor

2213 5923 2325 5959 mss.
2358 5916 2627 5962 συστέλλειν
2647 5918 2723 5963 καὶ
2750 5918 2933 5979 περικαὶ
2943 5916 3116 5965 ὑπτειν.
