4046 6146
267 402 368 453 933

262 520 589 577 sisanaveris
619 519 935 574 tolerantia:
979 519 1064 574 ille
1109 527 1158 572 te
1185 517 1337 573 faciet
1358 518 1597 572 ditiorem
1641 518 1827 587 quovis

258 613 525 669 thesauro.
563 611 663 677 Qui
688 612 818 665 enim
847 610 1074 665 eduxerit
1105 612 1377 680 pretiosum
1407 628 1436 662 (ι
1468 611 1571 673 vili,
1595 619 1830 679 umquam

261 721 313 758 os
342 718 509 756 meum
537 703 634 756 erit
671 700 802 772 (Jer.
825 699 1042 771 15.19),
1080 702 1247 771 inquit
1275 702 1383 756 ille.
1413 701 1549 769 Quid
1592 701 1712 755 huic
1741 717 1832 769 po-

252 792 378 846 terit
403 792 753 862 wquiparari?
782 791 931 857 Quod
960 806 1131 862 neque
1154 792 1415 861 jejunium
1437 834 1451 859 ,
1481 808 1652 862 neque
1688 792 1831 844 humi

256 892 485 953 peractae
517 883 860 949 cubatioues,
905 898 1078 954 neque
1122 885 1430 953 pervigilia,
1480 900 1651 953 neque
1690 884 1832 939 aliud

257 977 522 1047 quidpiam
554 984 729 1045 potest
769 975 1017 1043 efficere,
1060 977 1111 1031 id
1139 976 1305 1031 efficit
1346 976 1524 1031 fratris
1553 988 1831 1046 procurata

257 1070 420 1124 salus.
465 1069 650 1140 Cogita
681 1084 838 1139 quam
878 1069 1039 1123 multa
1082 1078 1229 1124 tuum
1268 1085 1329 1124 os
1375 1068 1679 1139 frequenter
1714 1084 1835 1139 pec-

258 1162 477 1227 caverit,
504 1176 662 1229 quam
690 1162 853 1215 multa
879 1160 1044 1216 verba
1067 1161 1318 1218 obscmna
1348 1161 1646 1231 protulerit,
1677 1175 1833 1231 quam

260 1251 424 1309 multa
446 1251 685 1305 convicia
706 1290 722 1316 ,
745 1266 904 1320 quam
923 1251 1091 1306 multa
1118 1251 1397 1307 maledicta
1421 1252 1723 1307 evomuerit
1741 1294 1754 1319 ,
1783 1260 1837 1306 et

259 1344 481 1398 omnino
503 1343 765 1413 suscipies
800 1343 1019 1413 collapsi
1061 1358 1265 1399 curam.
1300 1343 1431 1398 Nam
1461 1344 1560 1398 hoc
1602 1358 1709 1397 uno
1744 1343 1837 1397 bc-

258 1432 469 1489 nefacto
492 1449 707 1490 omnem
736 1434 879 1488 illam
898 1434 1077 1489 delere
1100 1434 1359 1489 maculam
1382 1434 1600 1503 poteris.
1625 1433 1692 1487 Et
1711 1432 1836 1502 quid

261 1524 383 1579 dico
408 1523 621 1578 delere?
644 1524 833 1581 Facies
857 1532 915 1579 ut
934 1525 1003 1579 sit
1031 1539 1091 1579 os
1119 1532 1267 1579 tuum
1300 1525 1436 1579 sicut
1465 1539 1525 1579 os
1553 1524 1668 1579 Dei.
1699 1524 1835 1592 Quid

262 1613 387 1668 huic
435 1613 623 1667 honori
673 1616 841 1684 possit
877 1614 1229 1687 aequiparari?
1258 1614 1372 1668 Non
1400 1615 1541 1669 enim
1592 1630 1691 1685 ego
1738 1615 1835 1669 ista

259 1704 548 1771 polliceor;
574 1704 687 1773 ipse
728 1705 868 1759 Deus
894 1705 997 1760 hoc
1038 1705 1187 1761 dixit.
1234 1705 1291 1760 Si
1331 1721 1491 1760 unum
1536 1707 1837 1776 quempiam

262 1797 529 1863 eduxeris,
562 1797 751 1867 inquit,
782 1806 840 1853 ut
879 1813 940 1853 os
984 1813 1194 1865 meum,
1226 1800 1327 1855 erit
1355 1814 1417 1854 os
1460 1808 1605 1853 tuum
1649 1814 1838 1867 purum

262 1898 631 1959 sanctumque.
674 1888 753 1943 Ne
806 1889 965 1958 igitur
1007 1890 1338 1959 negligemus
1389 1891 1613 1956 fratres,
1669 1906 1840 1960 neque

262 1978 656 2032 circumeuntes
685 1978 942 2044 dicamus,
971 1994 1129 2048 quam
1155 1979 1305 2033 multi
1333 1980 1658 2049 jejunarunt,
1680 1997 1838 2051 quam

262 2066 415 2121 multi
457 2067 729 2136 intercepti
759 2076 912 2135 sunt,
942 2068 1035 2122 sed
1065 2082 1245 2123 curam
1282 2069 1577 2125 habeamus
1605 2070 1834 2125 illorum.

263 2157 485 2210 Etiamsi
534 2158 683 2211 multi
712 2158 817 2211 sint
851 2159 940 2227 qui
969 2158 1317 2228 jejuuarunt:
1365 2169 1452 2225 tu,
1499 2160 1725 2228 dilecte,
1774 2178 1839 2215 nc

261 2250 479 2319 evulges
497 2249 901 2319 ignominiaeque
922 2264 1156 2319 exponas
1175 2250 1428 2306 Ecclesiae
1449 2252 1836 2319 calamitatem;

262 2340 358 2395 sed
387 2340 603 2394 medere
641 2342 835 2409 potius.
865 2340 932 2395 Et
970 2342 1013 2395 si
1044 2343 1162 2412 quis
1200 2342 1414 2406 dixerit,
1453 2344 1601 2399 multi
1632 2344 1842 2414 jejuna-

262 2440 408 2495 runt,
432 2432 619 2485 obtura
646 2432 718 2485 illi
745 2446 826 2497 os,
852 2448 918 2487 ne
946 2432 1087 2487 fama
1115 2433 1431 2505 divulgetur,
1456 2437 1610 2505 eique
1631 2436 1792 2490 dicito
1824 2456 1836 2491 :

264 2535 363 2591 ego
391 2520 659 2576 nemiuem
685 2523 841 2588 uovi;
871 2522 1123 2592 deceptus
1152 2539 1211 2579 es
1230 2566 1245 2591 ,
1278 2525 1458 2591 homo,
1490 2525 1793 2597 fallerisque
1824 2547 1836 2581 :

262 2627 491 2683 cumque
538 2630 701 2668 unum
749 2624 912 2684 atque
960 2616 1182 2670 alterum
1223 2617 1568 2687 interceptum
1610 2621 1836 2686 videris,

264 2704 402 2758 dicis
438 2704 554 2759 illos
583 2720 705 2760 esse
744 2707 962 2761 multos.
1005 2709 1081 2762 Ac
1120 2708 1344 2763 delatori
1385 2711 1597 2780 quidem
1629 2713 1840 2781 impone

260 2796 530 2850 silentium
561 2814 574 2850 :
603 2806 858 2853 czeterum
899 2814 993 2854 eos
1029 2800 1120 2870 qui
1163 2801 1440 2872 intercepti
1482 2812 1606 2858 sunt
1648 2820 1716 2859 ne
1746 2819 1841 2859 ne-

260 2885 511 2955 glexeris,
560 2896 619 2941 ut
646 2888 893 2959 utrinque
935 2891 1097 2945 multa
1133 2894 1388 2948 securitas
1430 2896 1701 2967 contingat
1740 2895 1843 2951 Ec-

258 2977 460 3040 clesite,
495 2987 604 3033 tum
650 2994 716 3034 ex
753 2994 819 3035 eo
854 2981 995 3051 quod
1034 2983 1173 3051 fama
1210 2998 1314 3038 non
1360 2985 1431 3040 sit
1465 2986 1695 3057 vulgata,
1730 2997 1840 3042 tum

260 3068 404 3138 quod
445 3085 542 3126 eos
586 3071 731 3141 ipsos
770 3071 1093 3144 interceptas
1129 3075 1195 3131 ad
1241 3090 1451 3132 sacrum
1498 3095 1711 3150 gregem
1759 3096 1841 3135 re-

263 3159 501 3213 duxeris.

330 3249 549 3304 Peccata
568 3250 786 3320 fratrum
809 3254 1129 3326 corrigenda,
1151 3273 1251 3310 non
1273 3258 1546 3329 vulganda.
1566 3260 1723 3317 —Ne
1746 3263 1841 3333 igi-

257 3350 344 3395 tur
380 3341 782 3396 obambulantes
807 3344 1096 3400 referamus
1123 3347 1209 3416 qui
1235 3352 1598 3417 peccaverint;
1630 3353 1723 3406 sed
1764 3354 1842 3409 fe-

256 3431 518 3485 stinemus
533 3442 589 3485 ut
610 3446 703 3487 eos
719 3432 909 3499 solum,
935 3435 1024 3505 qui
1047 3444 1351 3505 peccaruut,
1375 3442 1716 3510 corrigamus.
1748 3443 1843 3498 Est

255 3521 401 3574 etiim
430 3536 587 3590 prava
609 3526 963 3593 consuetudo,
994 3534 1196 3581 tantum
1225 3544 1476 3586 accusare
1502 3531 1711 3600 fratres,
1743 3550 1843 3591 nec

257 3611 468 3665 illorum
497 3628 677 3668 curam
710 3614 940 3682 habere;
970 3617 1185 3688 vulgare
1206 3621 1343 3675 mala
1366 3622 1718 3691 infirmorum,
1740 3642 1840 3681 nec

256 3703 481 3759 mederi.
511 3705 824 3762 Auferamus
866 3708 1025 3778 igitur
1062 3710 1197 3764 hanc
1236 3726 1453 3781 pravam
1494 3717 1840 3771 consuetudi-

255 3809 404 3862 nem,
457 3798 715 3853 carissimi
744 3814 759 3852 :
791 3815 962 3870 neque
989 3801 1132 3855 enim
1163 3818 1226 3857 ea
1264 3804 1587 3861 mediocrem
1636 3818 1837 3876 pestem

257 3885 479 3940 invehit.
522 3887 592 3941 Et
622 3902 727 3958 quo
752 3899 925 3958 pacto,
956 3905 1056 3962 ego
1095 3893 1286 3948 dicam.
1316 3897 1531 3951 Audivit
1554 3898 1746 3969 aliquis
1775 3917 1840 3956 ex

257 3984 315 4030 te
354 3978 494 4046 quod
520 3981 673 4033 multi
721 3996 840 4035 cum
886 3982 1086 4038 Iudaeis
1130 3985 1534 4057 ieiunaverint;
1587 3992 1843 4065 nulloque

252 4070 536 4138 praemisso
572 4075 818 4128 examine
855 4075 943 4129 alii
983 4077 1035 4131 in
1081 4080 1299 4135 verbum
1344 4084 1552 4152 aperuit
1595 4098 1609 4138 :
1654 4101 1840 4143 rursus

251 4159 346 4216 ille
374 4176 560 4231 parum
588 4171 839 4231 attentus,
884 4166 1039 4222 alteri
1069 4168 1171 4224 hoc
1190 4171 1363 4240 ipsum
1387 4176 1667 4246 eloquutus
1710 4186 1793 4235 est
1822 4195 1837 4245 ;

252 4252 450 4309 deinde
479 4255 735 4323 paulatim
758 4255 857 4310 hac
885 4259 1022 4313 mala
1049 4259 1185 4314 fama
1211 4265 1560 4334 increscente,
1591 4286 1840 4341 magnum

254 4345 475 4414 quidem
503 4346 757 4414 probrum
780 4346 1072 4405 offunditur
1116 4353 1405 4411 Ecclesiae:
1453 4358 1538 4415 bis
1578 4377 1705 4419 vero
1748 4367 1839 4435 qui

251 4438 551 4507 perierunt,
583 4437 724 4491 nulla
753 4438 972 4494 affertur
998 4442 1217 4512 utilitas,
1248 4448 1377 4516 quin
1404 4452 1579 4519 potius
1624 4457 1831 4525 gravis-

252 4529 394 4584 sima
425 4545 585 4597 noxa,
620 4540 729 4585 tum
756 4531 859 4600 his,
910 4541 1022 4588 tum
1052 4535 1190 4590 aliis.
1236 4539 1457 4595 Etiamsi
1501 4545 1642 4599 enim
1685 4550 1839 4616 pauci

252 4620 475 4688 fuerint,
503 4636 603 4677 nos
632 4632 807 4679 tamen
839 4639 932 4680 eos
960 4628 1267 4685 rumoribus
1309 4631 1490 4688 multis
1527 4636 1721 4692 multos
1762 4638 1839 4693 fa-

256 4714 452 4778 cimus,
478 4724 533 4769 et
566 4730 659 4770 eos
684 4717 773 4786 qui
814 4726 975 4784 stant,
1016 4719 1389 4780 imbecilliores
1425 4727 1693 4784 reddimus
1722 4744 1737 4786 :
1785 4740 1840 4787 et

251 4817 350 4859 eos
374 4804 465 4874 qui
484 4805 549 4860 ad
575 4820 755 4862 casum
784 4810 1050 4878 proclives
1079 4821 1221 4881 sunt,
1269 4814 1612 4885 impellimus.
1647 4821 1839 4878 Frater

251 4898 399 4950 enim
420 4898 642 4953 audiens
666 4916 786 4957 esse
811 4904 1007 4960 multos
1034 4906 1121 4975 qui
1146 4905 1473 4979 jejunarunt,
1521 4914 1637 4984 ipse
1664 4918 1833 4986 negli-

248 4991 464 5060 gentior
486 4992 607 5046 erit.
639 4994 840 5051 Deinde
858 5013 1042 5053 rursus
1066 5000 1153 5069 qui
1181 5002 1439 5059 infirmior
1468 5016 1569 5075 est,
1602 5007 1704 5064 hoc
1734 5026 1834 5064 au-

252 5082 369 5136 dito
400 5096 640 5140 accurret
662 5086 729 5141 ad
753 5090 1145 5146 multitudinem
1166 5109 1373 5164 eorum,
1398 5100 1485 5169 qui
1504 5101 1831 5162 ceciderunt.

250 5171 331 5228 Ne
376 5174 533 5244 igitur
574 5177 656 5231 vel
694 5192 856 5248 super
902 5181 1021 5247 hoc,
1069 5184 1154 5238 vel
1180 5199 1344 5255 super
1378 5191 1482 5245 alio
1514 5194 1700 5261 quovis
1734 5195 1835 5249 im-

244 5265 424 5333 probo
448 5265 587 5321 facto
622 5271 964 5339 gaudeamus,
995 5275 1200 5331 etiamsi
1236 5280 1385 5333 multi
1420 5281 1614 5338 fuerint
1641 5301 1829 5354 pecca-

242 5364 416 5422 tores,
447 5359 516 5412 ita
543 5367 598 5412 ut
628 5358 963 5418 traducamus
988 5380 1105 5433 eos,
1127 5382 1189 5422 ac
1212 5369 1450 5429 dicamus
1476 5379 1671 5431 multos
1685 5393 1820 5445 esse,

238 5449 338 5502 sed
386 5449 561 5519 potius
603 5452 909 5510 obturemus
946 5471 1038 5523 os,
1085 5467 1139 5514 et
1172 5475 1531 5520 coerceamus.
1576 5468 1653 5523 Ne
1698 5471 1827 5527 mihi

235 5541 470 5606 dixeris,
502 5544 651 5598 multi
684 5555 807 5600 sunt
830 5548 918 5617 qui
942 5549 1282 5620 jejunarunt,
1330 5557 1424 5611 sed
1466 5560 1661 5615 multos
1709 5563 1829 5619 illos

238 5635 471 5703 corrige.
495 5634 608 5689 Non
631 5636 748 5691 ideo
769 5639 901 5702 mihi
920 5653 1289 5713 consumptum
1311 5658 1390 5702 est
1410 5657 1610 5705 tantum
1633 5655 1824 5708 verbo-
1878 5650 1901 5673 ³

235 5741 388 5793 rum,
414 5734 473 5782 ut
500 5744 718 5785 accuses
745 5733 980 5799 multos;
1009 5736 1102 5791 sed
1125 5746 1181 5791 ut
1210 5754 1274 5793 ex
1308 5742 1486 5797 multis
1508 5742 1670 5800 facias
1691 5760 1821 5809 pau-

230 5837 332 5876 eos
366 5837 378 5872 :
412 5820 520 5874 imo
551 5824 724 5890 potius
755 5840 820 5878 ne
850 5839 1047 5895 paucos
1068 5829 1277 5898 quidem
1299 5871 1317 5899 ,
1345 5833 1439 5888 sed
1466 5843 1519 5890 et
1549 5836 1646 5892 hos
1674 5837 1819 5908 ipsos

1451 404 1808 461 ADVERSUS
1846 403 2149 460 JUDIEOS.
2178 403 2313 458 Vill.

3405 402 3511 454 954

1940 517 2100 570 etiam
2125 531 2298 571 sanes.
2324 515 2397 570 Ne
2423 517 2596 585 itaque
2622 516 2835 586 evulges
2864 524 3094 585 peccata,
3114 516 3204 572 sed
3228 531 3373 571 sana.
3404 516 3521 572 Sic-

1942 618 1999 663 ut
2028 609 2168 664 enim
2200 610 2291 680 qui
2348 609 2614 680 evulgaut,
2665 619 2718 665 ct
2765 610 2888 665 huic
2924 618 3125 664 tantum
3168 609 3244 663 rei
3290 619 3514 664 vacant:

1941 699 2147 754 etiamsi
2164 700 2316 770 pauci
2331 700 2544 765 fuerint,
2562 702 2649 770 qui
2669 710 3039 770 peccaverunt,
3064 700 3263 755 faciunt
3277 710 3335 755 ut
3366 702 3518 755 mutli

1940 804 2059 844 esse
2085 800 2335 859 putentur
2363 806 2376 840 :
2415 791 2495 845 sic
2523 791 2610 859 qui
2636 792 2912 858 cohibent,
2953 807 3014 847 ac
3047 792 3312 847 silentium
3343 793 3488 861 impo

1942 891 2074 936 nunt
2090 883 2501 949 traductoribus,
2521 883 3082 954 lapsorumquecuram
3101 884 3317 952 habent,
3333 885 3521 939 ctiam-

1942 976 1986 1029 si
2027 975 2176 1029 multi
2208 974 2441 1041 fuerint;
2488 985 2543 1030 et
2568 990 2662 1031 eos
2720 976 2863 1046 ipsos
2897 978 3050 1032 facile
3076 977 3379 1047 corrigunt,
3420 992 3518 1031 nec

1949 1067 2247 1135 quempiam
2278 1067 2459 1121 sinunt
2483 1082 2547 1121 ex
2570 1067 2759 1121 horum
2790 1067 2929 1121 fama
2968 1068 3109 1122 ltrdi.
3142 1068 3255 1121 Non
3291 1068 3518 1132 audisti,

1941 1157 2092 1224 Quod
2122 1157 2284 1211 David
2311 1157 2591 1226 deplorans
2622 1156 2858 1223 Saﬁlem,
2882 1158 3014 1213 dixit
3040 1175 3054 1211 :
3089 1158 3353 1225 Quomodo
3382 1158 3514 1210 ccci-

1943 1249 2126 1302 derunt
2158 1249 2422 1320 potentes?
2466 1248 2549 1302 Ne
2591 1251 3016 1304 annunciaveritis
3058 1250 3113 1303 in
3157 1249 3320 1317 Getlt,
3366 1266 3523 1317 neque

1944 1340 2336 1409 pradicaveritis
2362 1340 2414 1393 in
2441 1338 2532 1393 viis
2554 1340 2817 1393 Ascalonis
2833 1357 2854 1404 ,·
2885 1356 2949 1394 ne
2975 1340 3206 1394 fatentur
3250 1340 3373 1407 ﬁliw
3398 1339 3523 1393 alie-

1944 1431 2274 1500 nigenarum,
2319 1446 2477 1499 neque
2525 1429 2771 1485 exsultent
2793 1430 2918 1498 ﬁlim
2939 1429 3402 1484 incircumcisorum
3430 1429 3520 1500 (9..

1946 1521 2074 1593 Reg.
2108 1523 2159 1575 1.
2196 1522 2283 1577 19.
2307 1521 2424 1594 20).
2473 1521 2625 1591 Quod
2661 1524 2706 1576 si
2738 1522 2827 1577 ille
2852 1537 2964 1577 rem
2992 1522 3323 1577 manifestam
3355 1522 3522 1576 uoluit

1945 1614 2203 1684 evulgari,
2233 1629 2300 1669 ne
2321 1614 2641 1669 adversariis
2667 1614 2902 1684 gigneret
2929 1615 3253 1683 voluptatem
3283 1631 3298 1667 :
3326 1625 3522 1685 quanto

1947 1704 2116 1774 magis
2144 1719 2250 1760 non
2277 1713 2487 1775 oportet
2513 1704 2628 1759 haac
2651 1704 2843 1761 efferre
2867 1705 2934 1759 ad
2961 1720 3118 1759 aures
3140 1706 3338 1760 alienas
3360 1720 3374 1758 :
3395 1706 3521 1775 quin

1945 1809 2045 1849 uec
2073 1794 2137 1848 ad
2170 1805 2472 1850 nostrorum
2497 1810 2654 1850 aures
2686 1812 2701 1850 :
2734 1805 2793 1850 ut
2816 1810 2987 1863 neque
3015 1795 3196 1850 hostes
3246 1796 3519 1867 audientes

1942 1885 2242 1954 gaudeant,
2288 1901 2457 1955 neque
2505 1885 2671 1940 nostri
2710 1900 2770 1941 re
2793 1886 3003 1956 cognita
3045 1885 3327 1940 concidant
3365 1900 3380 1938 :
3424 1886 3519 1939 sed

1943 1987 2151 2046 oportet
2168 1978 2422 2033 cohibere
2437 1993 2704 2033 rumorem
2721 1986 2776 2033 et
2790 1977 3137 2047 undequaque
3156 1991 3519 2047 compescere.

1944 2068 2022 2123 Ne
2042 2068 2172 2123 mihi
2198 2068 2419 2135 dixeris,
2451 2069 2555 2123 hoc
2590 2070 2666 2123 illi
2693 2068 2804 2123 dixi
2830 2084 2843 2120 :
2888 2067 3027 2138 apud
3056 2069 3281 2139 teipsum
3307 2068 3521 2123 contine

1945 2160 2184 2214 verbum.
2219 2159 2369 2215 Sicut
2389 2159 2529 2213 enim
2564 2168 2618 2214 tu
2646 2173 2749 2214 non
2778 2160 2992 2229 potuisti
3040 2168 3215 2214 tacere
3242 2199 3257 2225 ,
3307 2158 3379 2213 ita
3423 2173 3521 2212 nec

1945 2251 2035 2305 ille
2057 2251 2252 2320 poterit
2277 2250 2392 2306 haec
2416 2250 2556 2320 apud
2585 2265 2705 2307 sese
2726 2251 3021 2305 continere.

2015 2342 2069 2396 5.
2101 2341 2224 2395 Haec
2251 2356 2355 2396 non
2376 2342 2443 2396 de
2464 2342 2565 2395 hoc
2591 2349 2855 2411 prmsente
2896 2350 3098 2415 tantum
3122 2341 3326 2411 jejunio
3355 2341 3473 2396 dico
3506 2384 3519 2404 ,

1943 2434 2036 2489 sed
2058 2433 2125 2488 de
2146 2434 2354 2489 caeteris
2383 2434 2544 2489 etiam
2569 2433 3039 2489 innumerabilibus
3061 2437 3308 2504 peccatis.
3326 2432 3403 2490 Ne
3420 2432 3524 2487 hoc

1942 2525 2339 2581 consideremus
2361 2534 2584 2594 tantum,
2614 2540 2683 2580 an
2704 2525 2853 2580 multi
2875 2525 2980 2579 sint
3001 2526 3207 2595 abrepti
3231 2542 3244 2577 :
3276 2524 3371 2579 sed
3392 2524 3523 2578 illud

1942 2616 2361 2684 consideremus,
2381 2615 2647 2686 quomodo
2660 2616 2777 2670 illos
2793 2614 3129 2671 reducamus.
3146 2614 3223 2670 Ne
3235 2629 3523 2686 exaggere-

1943 2721 2062 2761 mus
2086 2722 2172 2761 res
2194 2706 2448 2775 hostium,
2472 2722 2536 2763 ac
2560 2715 2771 2763 nostras
2797 2707 3110 2778 dejiciamus
3140 2724 3153 2760 :
3186 2723 3253 2763 ne
3281 2708 3400 2763 illos
3421 2721 3521 2777 po-

1944 2806 2116 2853 tentes
2140 2798 2504 2865 ostendamus,
2532 2807 2743 2854 nostras
2770 2813 2897 2853 vero
2922 2814 3008 2854 res
3043 2798 3373 2864 imbecilles;
3425 2798 3523 2853 sed

1944 2889 2121 2943 omnia
2164 2889 2339 2959 potius
2366 2888 2420 2943 in
2474 2889 2799 2945 contrarium
2838 2888 3118 2944 faciamus.
3155 2889 3317 2945 Novit
3362 2890 3523 2945 etiam

1944 2977 2083 3034 fama
2109 2994 2251 3049 saepe
2276 2979 2359 3035 vel
2377 2979 2630 3049 dejicere,
2656 2980 2739 3035 vel
2770 2980 2974 3050 erigere
2999 2980 3233 3035 animum
3255 3021 3269 3045 ,
3320 2989 3375 3036 et
3409 2980 3524 3034 ala-

1944 3072 2207 3137 critatem,
2240 3086 2356 3139 quae
2385 3086 2492 3124 non
2532 3069 2658 3137 fuit,
2691 3070 2944 3141 injicere;
2972 3078 3027 3126 et
3067 3085 3184 3125 eam
3226 3084 3348 3141 quas
3390 3070 3521 3135 fuit,

1943 3176 2154 3216 rursum
2184 3161 2494 3217 dissolvere.
2521 3161 2749 3231 Ideoque
2773 3176 2985 3227 moneo,
3018 3170 3075 3215 ut
3116 3161 3237 3216 illos
3279 3177 3523 3217 rumores

1945 3268 2253 3323 augeamus,
2283 3254 2372 3322 qui
2401 3267 2487 3308 res
2518 3262 2726 3308 nostras
2752 3254 3034 3320 attollunt,
3075 3269 3401 3325 magnasque
3441 3255 3521 3309 vi-

1947 3345 2060 3400 deri
2090 3345 2291 3400 faciunt
2323 3364 2336 3400 :
2372 3361 2477 3401 non
2508 3358 2686 3401 autem
2714 3346 2835 3402 illos
2859 3347 2949 3417 qui
2981 3347 3077 3401 toti
3109 3346 3331 3401 fratrum
3360 3347 3520 3402 soda-

1947 3437 2077 3492 litati
2099 3437 2332 3492 dedecus
2347 3437 2642 3492 offundunt.
2659 3438 2811 3506 Quod
2827 3439 2869 3494 si
2888 3438 3014 3508 quid
3028 3438 3355 3494 audierimus
3374 3439 3521 3504 boni,

1948 3531 2087 3602 apud
2116 3545 2303 3587 omnes
2331 3530 2658 3594 proferamus
2684 3547 2699 3585 :
2731 3532 2776 3587 si
2804 3532 2929 3602 quid
2950 3546 3077 3587 vero
3095 3532 3220 3587 mali
3248 3533 3520 3601 pravique,

1947 3623 2087 3694 apud
2117 3638 2215 3678 nos
2243 3624 2389 3695 ipsos
2415 3624 2763 3692 occultemus,
2803 3625 2962 3695 idque
2987 3635 3045 3680 ut
3067 3626 3344 3693 tollamus,
3388 3624 3524 3682 nihil

1947 3732 2053 3771 non
2073 3715 2346 3770 faciamus.
2365 3715 3121 3787 Nuncigiturobambulemus,
3144 3719 3353 3775 curiose
3373 3735 3524 3774 scru-

1951 3815 2142 3873 temur,
2169 3808 2593 3877 contemplemur
2613 3824 2726 3874 eos,
2765 3810 2854 3880 qui
2880 3810 3013 3881 lapsi
3039 3818 3166 3867 sunt
3195 3831 3208 3866 :
3241 3812 3449 3867 etiamsi
3468 3814 3521 3867 in

1948 3898 2091 3953 aedes
2125 3908 2363 3968 oporteat
2390 3899 2614 3969 ingredi,
2657 3916 2724 3955 ne
2739 3916 3048 3968 gravemur.
3081 3902 3231 3969 Quod
3250 3904 3293 3958 si
3313 3905 3524 3973 ignotus

1946 3989 2126 4057 fuerit,
2155 4007 2254 4047 nec
2268 3992 2374 4046 ulla
2412 4007 2475 4046 ex
2500 4002 2649 4062 parte
2662 3994 2728 4049 ad
2750 4005 2799 4048 te
2816 3996 3104 4063 pertinens,
3129 3996 3173 4050 is
3193 3996 3281 4064 qui
3312 3996 3520 4061 cecidit,

1945 4091 2201 4149 scrutare,
2215 4091 2330 4140 esto
2347 4083 2605 4151 curiosus,
2623 4099 2779 4154 quem
2795 4084 2985 4140 habeat
2999 4087 3225 4141 amicum
3243 4098 3520 4144 autneccs-

1943 4176 2161 4240 sarium,
2198 4183 2251 4231 et
2275 4176 2359 4230 cui
2376 4177 2604 4231 maxime
2616 4175 2964 4246 obtemperet,
2985 4177 3085 4233 hoc
3100 4188 3393 4250 assumpto,
3435 4181 3518 4234 iu-

1944 4269 2166 4340 gredcre
2183 4269 2235 4323 in
2248 4270 2411 4337 mdes,
2430 4285 2497 4325 ne
2510 4278 2561 4324 te
2580 4270 2793 4340 pudeat,
2812 4285 2985 4340 neque
3012 4272 3318 4327 erubescas.
3346 4272 3403 4328 Si
3442 4275 3523 4329 in—

1943 4363 2240 4432 gredereris
2254 4364 2528 4433 pecuniam
2569 4363 3055 4432 postulaturus,aut
3087 4363 3402 4420 beneficium
3435 4380 3525 4421 aco

1942 4467 2192 4527 cepturus
2221 4456 2420 4523 abillo,
2439 4471 2646 4527 tequum
2665 4464 2779 4511 erat
2798 4456 3115 4512 erubescere
3134 4473 3147 4509 :
3167 4456 3214 4511 si
3257 4473 3388 4512 vero
3424 4472 3525 4529 pro

1943 4550 2085 4605 illius
2096 4552 2265 4605 salute
2277 4564 2481 4615 curras,
2501 4549 2712 4604 occasio
2725 4548 2971 4604 introitus
2982 4548 3127 4604 omni
3144 4557 3194 4604 te
3210 4549 3399 4605 liberat
3414 4552 3520 4606 cri-

1943 4641 2104 4697 mine.
2127 4642 2314 4697 Asside
2330 4656 2478 4711 sane,
2499 4642 2713 4711 loquere
2728 4656 2848 4697 cum
2870 4642 2979 4708 illo,
2998 4641 3117 4697 aliis
3128 4642 3194 4698 de
3210 4641 3368 4697 rebus
3384 4643 3525 4697 facto

1941 4735 2202 4791 sermonis
2221 4735 2460 4802 exordio,
2482 4748 2588 4805 quo
2606 4736 2867 4790 correctio
2886 4745 3064 4790 careat
3080 4735 3400 4805 suspicione.
3429 4735 3520 4789 Dic

1943 4831 2095 4898 mihi,
2128 4831 2382 4885 laudasne
2406 4830 2617 4885 Judazos
2632 4845 2711 4895 ,eo
2751 4829 2893 4901 quod
2921 4829 3191 4885 Christum
3237 4830 3518 4886 crucifise~

1940 4924 2065 4987 rint,
2093 4925 2341 4994 quodque
2369 4938 2491 4978 eum
2517 4923 2675 4979 hodie
2702 4923 2956 4978 conviciis
2985 4923 3217 4979 afﬁciant
3241 4965 3256 4991 ,
3287 4930 3344 4978 et
3382 4923 3517 4993 legis

1939 5024 2383 5085 transgressorem
2424 5014 2732 5085 appellent?
2770 5014 3016 5070 Profecto
3053 5030 3159 5071 non
3197 5014 3513 5081 sustinebit,

1937 5108 1982 5161 si
2012 5107 2171 5162 fuerit
2214 5106 2582 5171 Christianus,
2635 5106 2845 5162 etiamsi
2880 5106 3072 5161 millies
3106 5105 3371 5176 judaizet,
3412 5119 3518 5160 non

1936 5198 2441 5265 sustinebitdicere,
2473 5199 2631 5255 laudo
2658 5216 2672 5252 :
2702 5198 2798 5255 sed
2826 5198 3101 5255 obturabit
3128 5214 3307 5267 aures,
3339 5200 3512 5257 dlect-

1936 5307 2039 5361 que
2069 5292 2183 5359 tibi,
2214 5292 2381 5358 absit;
2416 5292 2555 5347 bona
2582 5291 2764 5356 verba,
2807 5305 3011 5361 quaeso.
3059 5292 3190 5346 Dein
3235 5308 3357 5348 cum
3389 5308 3513 5346 eum

1934 5381 2034 5436 hac
2077 5383 2127 5437 in
2172 5398 2229 5436 re
2256 5391 2431 5436 tecum
2466 5383 2885 5436 consentientem
2928 5384 3286 5452 compereris,
3330 5400 3516 5441 rursus

1933 5475 2209 5540 assumilo,
2242 5473 2424 5527 dicens
2452 5490 2466 5527 :
2496 5471 2763 5541 quomodo
2790 5472 2947 5542 igitur
2974 5487 3094 5527 cum
3116 5472 3342 5539 itlis,dic
3357 5475 3513 5543 mihi,

1931 5565 2326 5620 communicas?
2356 5563 2624 5633 quomodo
2652 5564 2917 5633 particeps
2943 5579 3002 5620 es
3058 5563 3217 5620 festi?
3246 5567 3519 5636 quomodo

1929 5672 2050 5713 cum
2097 5657 2202 5712 illis
2249 5655 2492 5726 jejunas?
2526 5654 2767 5709 Posthaec
2794 5671 2984 5712 accusa
3015 5658 3221 5712 illorum
3253 5658 3515 5729 improbi-

1930 5758 2116 5812 tatem,
2171 5764 2378 5818 expone
2400 5763 2610 5803 onmem
2644 5748 2998 5819 iniquitatem,
3031 5767 3188 5821 quam
3218 5753 3512 5821 superiori-

1930 5842 2028 5898 bus
2053 5840 2238 5896 diebus
2264 5840 2544 5897 narrabam
2567 5840 2703 5912 apud
2730 5852 2956 5898 vestram
2985 5859 3063 5899 cat
3080 5845 3282 5910 itatcm,
3313 5862 3339 5898 a
3370 5845 3515 5907 loco,
