4046 6146
488 379 590 433 9.35

494 536 521 574 a
544 528 808 588 tempore,
829 532 856 570 a
881 517 1102 588 templo,
1127 532 1154 570 a
1182 513 1523 586 praedictione
1552 508 1928 580 prephetarum
1950 505 2070 559 red—

495 614 665 682 argui.
706 609 940 667 Ostende
975 607 1241 681 quomodo
1270 607 1467 660 frustra
1496 613 1550 658 et
1601 603 1868 658 ineassum
1900 597 2076 653 omnia

501 702 700 758 faciunt
728 743 743 769 ,
800 717 897 756 nec
949 714 1200 771 umquam
1232 697 1298 753 ad
1326 697 1607 768 pristinum
1634 702 1830 748 statum
1858 687 2077 746 redituri

499 807 622 851 sunt
649 836 664 860 ,
718 794 963 866 quodque
1016 791 1097 848 fas
1145 791 1249 848 illis
1278 805 1385 846 non
1412 797 1492 844 est
1518 797 1665 843 extra
1691 783 2078 854 Jerosolymam

495 887 781 958 quidquam
823 886 926 940 tale
955 885 1154 941 facere.
1207 881 1287 938 Ad
1333 881 1449 935 hzec
1495 874 1938 934 commonefacias
1991 887 2083 941 ge-

501 983 714 1047 hennae,
767 978 1088 1034 formidandi
1120 975 1398 1033 tribunalis
1434 969 1680 1032 Domini,
1731 964 2079 1036 quaestionum

509 1090 628 1144 quae
659 1075 767 1129 illic
792 1073 1078 1140 habentur,
1124 1070 1375 1143 quodque
1399 1068 1609 1122 illorum
1639 1062 1878 1118 omnium
1905 1056 2075 1113 reddi-

505 1168 605 1222 turi
633 1182 819 1224 sumus
848 1168 1134 1232 rationem,
1163 1171 1218 1218 et
1244 1161 1375 1216 ultio
1405 1157 1645 1229 quaedam
1673 1169 1777 1210 non
1809 1165 1967 1223 parva
1995 1162 2083 1203 re-

507 1259 678 1328 posita
707 1271 788 1317 est
812 1261 929 1322 eis,
968 1258 1056 1327 qui
1103 1255 1228 1310 talia
1269 1251 1484 1308 audent.
1534 1243 1984 1304 Commonefacito
2033 1245 2088 1294 et

509 1351 657 1406 Pauli
685 1352 914 1406 dicentis
940 1347 1344 1418 :Quicumquein
1364 1345 1473 1415 lege
1492 1335 1874 1413 justiﬁcamiui,
1923 1331 2088 1404 gratia

509 1447 768 1498 excidistis
797 1442 936 1517 (Gal.
969 1445 1020 1498 5.
1062 1442 1121 1511 ⁸ιι)
1153 1457 1166 1494 :
1205 1447 1276 1494 ~et
1323 1451 1506 1493 rursus
1553 1428 1970 1487 comminantis:
2027 1422 2088 1478 Si

509 1516 962 1599 circuntcidamini,
993 1532 1226 1588 Christus
1247 1528 1377 1583 nihil
1395 1526 1531 1580 vobis
1556 1522 1779 1594 proderit
1804 1519 1909 1592 (Ib.
1938 1534 1984 1571 υ.
2002 1516 2086 1586 2).

511 1627 809 1697 Πίοἱιοειιιο.
843 1625 983 1696 (ιιιοά
1009 1621 1453 1696 quemadmodum
1503 1614 1872 1680 circumcisio,
1919 1612 1990 1666 ita
2038 1619 2092 1665 et

512 1721 763 1790 jejunium
783 1719 1058 1774 Judaicum
1087 1732 1118 1771 e
1149 1715 1292 1771 crelis
1307 1711 1527 1782 expellit
1536 1709 1881 1780 jejunantem,
1906 1703 2093 1757 etiam—

512 1810 556 1864 si
573 1809 815 1864 habuerit
829 1808 927 1862 alia
944 1803 1346 1862 innumerabilia
1360 1799 1656 1857 benefacta.
1673 1797 1767 1851 Dic
1782 1793 1922 1866 quod
1943 1791 2095 1846 Chr-i-

512 1901 671 1956 stiani
695 1910 909 1971 propter
931 1900 1030 1954 hoc
1047 1911 1298 1954 vocamur
1315 1904 1368 1950 et
1387 1907 1591 1956 sumus,
1611 1899 1668 1945 ut
1682 1888 1892 1945 Christo
1906 1899 2093 1956 parea-

513 2007 652 2056 mus,
676 2009 778 2046 non
801 2001 857 2046 ut
875 1991 940 2046 ad
965 1991 1144 2046 hostes
1161 2000 1458 2044 curramus.
1481 1983 1632 2053 Quod
1654 1982 1697 2036 si
1721 1987 1975 2051 prietexat
1998 1992 2094 2030 cu-

514 2084 748 2138 rationes
773 2084 998 2153 aliquas.
1022 2081 1268 2152 dicatque
1295 2080 1410 2143 tibi,
1440 2076 1756 2146 pollicentur
1776 2069 2092 2134 remedium,

516 2184 570 2226 et
599 2174 718 2228 ideo
748 2173 812 2229 ad
837 2174 1140 2228 illoscurro
1166 2191 1178 2225 :
1204 2169 1488 2242 patefacito
1514 2166 1725 2220 illorum
1753 2164 2093 2232 imposturas,

513 2264 922 2331 incantationes,
937 2257 1659 2332 aniuleta,veneficia.Neque
1671 2255 1811 2311 enim
1823 2253 1930 2307 alio
1940 2250 2099 2307 modo

520 2357 766 2412 videntur
796 2357 1017 2420 mederi,
1049 2370 1220 2425 neque
1249 2368 1373 2408 vere
1418 2350 1730 2413 medentur,
1777 2345 1930 2401 absit.
1964 2343 2098 2411 Quin

519 2465 620 2520 ego
649 2450 862 2519 quidem
893 2449 1018 2508 illud
1037 2449 1193 2518 longe
1215 2446 1507 2502 mirabilius
1528 2443 1721 2506 dicam,
1747 2438 1954 2495 etiamsi
1976 2451 2102 2492 vere

518 2554 790 2609 sanarent,
823 2543 990 2598 satius
1020 2550 1196 2596 tamen
1228 2555 1346 2595 esse
1369 2538 1558 2602 emori,
1591 2550 1748 2606 quam
1771 2532 1837 2587 ad
1857 2532 1950 2586 Dei
1981 2531 2103 2584 hos-

518 2643 600 2687 tes
616 2647 918 2698 accurrere,
937 2633 1116 2702 itaque
1141 2629 1337 2684 sanari.
1359 2627 1494 2696 Quid
1518 2626 1660 2681 enim
1688 2622 1902 2694 prodest
1917 2637 2038 2676 cura
2048 2636 2104 2676 re

519 2739 738 2793 corpus,
752 2724 926 2777 anima
945 2722 1234 2794 pereunte?
1249 2719 1386 2789 Quid
1401 2728 1575 2773 autem
1602 2715 1755 2780 lucri,
1769 2715 1814 2769 si
1833 2713 1958 2784 quid
1975 2712 2107 2766 sola-

521 2816 578 2869 tii
596 2817 677 2870 hic
689 2817 1078 2880 nauciscamur,
1094 2829 1215 2870 mox
1231 2811 1547 2883 conjiciendi
1565 2811 1615 2865 in
1633 2811 1806 2880 ignem
1821 2804 2106 2862 :eternum?

524 2904 679 2972 Nam,
701 2921 771 2961 ne
796 2905 1035 2962 dicerent
1061 2906 1180 2972 ista,
1209 2905 1329 2960 audi
1357 2903 1482 2974 quid
1508 2901 1636 2957 dicit
1665 2902 1804 2956 Deus
1825 2918 1838 2952 :
1859 2899 1919 2955 Si
1951 2898 2106 2952 exsti-

524 2996 640 3050 terit
665 2996 910 3066 propheta
929 2996 981 3050 in
1007 3006 1072 3059 te,
1100 2995 1470 3049 aut-somnium
1493 2993 1771 3056 somnians,
1797 2989 2109 3057 edideritque

522 3088 722 3158 signum
749 3088 1134 3159 «prodigium,
1167 3085 1707 3156 opertamque-signum
1733 3099 1793 3135 ac
1821 3081 2108 3151 prodigium

520 3179 659 3250 quod
684 3179 1016 3251 loquutus-est
1039 3222 1053 3245 ,
1084 3179 1364 3247 dixeritque
1394 3193 1412 3232 :
1439 3192 1612 3231 eamus
1638 3185 1683 3230 et
1711 3174 1983 3230 serviamus
2012 3173 2109 3225 diis

521 3267 640 3323 aliis
668 3287 687 3324 :
711 3287 813 3324 non
853 3269 1200 3324 auseultabitis
1237 3268 1496 3340 prophetae
1530 3266 1608 3320 illi
1638 3281 1657 3320 :
1691 3265 1929 3336 quoniam
1958 3269 2111 3316 tentet

523 3374 612 3416 nos
649 3359 900 3415 Dominus
941 3360 1216 3428 Deus,-an
1257 3359 1480 3430 diligatis
1514 3357 1789 3411 Dominum
1813 3354 1986 3408 Deum
2025 3369 2111 3406 ve-

525 3461 685 3506 strum
709 3469 773 3506 ea:
793 3461 894 3505 toto
919 3452 1070 3508 corde
1089 3460 1252 3505 vestro
1277 3459 1323 3504 el
1347 3466 1409 3504 ea:
1433 3458 1537 3502 tota
1561 3449 1730 3501 anima
1750 3455 1910 3500 vestra
1932 3444 2109 3516 (Deut.

526 3540 616 3596 i3.
646 3541 781 3612 L5).
805 3541 958 3607 Quod
982 3541 1130 3607 dicit,
1161 3539 1264 3594 tale
1289 3549 1374 3594 est
1400 3538 1477 3593 :si
1506 3539 1647 3607 quis,
1673 3537 1859 3608 inquit,
1884 3533 2115 3605 prephe-

528 3640 589 3686 ια
607 3632 822 3696 dixerit,
848 3647 1063 3700 possum
1089 3632 1321 3686 excitare
1350 3639 1639 3692 mortuum,
1667 3636 1758 3682 aut
1782 3625 1986 3682 mederi
2011 3640 2116 3680 cte-

526 3739 595 3780 co
627 3741 640 3777 :
672 3722 766 3778 sed
807 3723 1173 3793 obtemperate
1208 3721 1336 3776 mihi
1362 3763 1376 3785 ,
1409 3728 1463 3775 et
1492 3720 1773 3784 adoremus
1801 3719 2073 3772 daemones
2096 3757 2111 3780 ,

533 3824 627 3870 aut
657 3813 1198 3869 immolemusiidolis.
1234 3811 1436 3868 Deinde
1465 3811 1508 3866 si
1535 3852 1550 3877 ,
1580 3811 1668 3880 qui
1703 3811 1815 3864 lucc
1844 3809 2075 3880 loquitur
2097 3851 2112 3875 ,

533 3904 698 3976 possit
729 3905 930 3961 mederi
959 3920 1103 3962 casco
1123 3948 1138 3972 ,
1167 3913 1259 3960 aut
1282 3905 1526 3959 excitare
1555 3913 1818 3958 u'tortuum
1844 3943 1858 3966 ,
1891 3918 1987 3956 nec
2008 3902 2116 3955 ista

530 3998 801 4070 pmstanti
831 3996 1153 4061 credideris,
1181 3995 1372 4067 inquit,
1406 3994 1535 4049 cur?
1561 3994 1638 4048 Eo
1662 3993 1804 4063 quod
1835 3993 1972 4048 Deus
1998 4002 2116 4047 ten-

533 4100 654 4144 tans
681 4097 752 4155 te,
788 4088 1027 4157 permisit
1054 4094 1111 4141 ut
1134 4087 1221 4141 ille
1246 4086 1347 4141 hoc
1373 4085 1535 4154 possit
1563 4101 1576 4138 :
1605 4098 1709 4138 non
1735 4082 1874 4153 quod
1899 4082 1986 4137 ille
2011 4099 2120 4138 non

534 4190 719 4238 nosset
745 4191 892 4236 tuum
919 4181 1174 4246 animum,
1205 4179 1301 4235 sed
1328 4186 1386 4234 ut
1411 4179 1503 4233 tibi
1533 4177 1858 4248 probationis
1884 4177 2123 4232 occasio-

535 4291 657 4332 nem
700 4274 1004 4339 exhiberet,
1037 4289 1104 4327 an
1141 4287 1266 4329 vere
1303 4271 1551 4341 diligeres
1591 4269 1905 4323 Deum.-Est
1942 4276 2118 4323 autem

535 4367 764 4422 amantis
789 4408 804 4433 ,
833 4366 992 4421 etiam
1028 4365 1073 4420 si
1111 4364 1387 4420 exanimes
1415 4362 1481 4417 ad
1509 4362 1670 4416 vitam
1711 4368 1963 4416 revocent
1985 4403 1999 4424 ,
2031 4361 2121 4431 qui

534 4475 636 4515 nos
657 4469 920 4525 conantur
944 4458 1012 4514 ab
1038 4466 1214 4512 amato
1241 4456 1559 4521 distrahere,
1587 4469 1916 4524 nequaquam
1944 4462 2120 4507 tamen

539 4552 606 4607 ab
633 4561 811 4607 amato
841 4551 1091 4608 deficere.
1143 4549 1294 4618 Quod
1321 4550 1366 4604 si
1397 4549 1510 4604 hare
1537 4547 1670 4602 dixit
1695 4546 1924 4610 Judzeis,
1956 4546 2123 4600 multo

539 4645 707 4716 magis
733 4644 907 4712 nobis,
932 4659 1064 4715 quos
1087 4643 1152 4698 ad
1179 4643 1433 4713 majorem
1462 4639 1850 4711 phiIOSOphiam
1876 4637 2115 4704 deduxit,

538 4737 732 4808 quibus
751 4735 1156 4792 resurrectionis
1176 4737 1368 4789 ostium
1392 4733 1619 4803 aperuit,
1641 4731 1831 4802 quibus
1857 4729 2120 4799 prazcipit,

539 4848 606 4888 ne
634 4832 686 4888 in
717 4831 875 4888 rebus
906 4830 1259 4901 praesentibus
1287 4829 1536 4885 sistamus
1571 4840 1808 4881 amorem
1830 4865 1844 4890 ,
1873 4823 1967 4880 sed
2001 4838 2126 4894 spes

540 4941 731 4982 omnes
759 4925 825 4980 ad
852 4922 1271 4979 vitamfuturam
1299 4918 1700 4976 transferamus.

611 5103 666 5159 6.
692 5101 813 5157 labi
837 5100 1076 5170 patientia
1118 5101 1170 5152 in
1215 5098 1499 5168 exemplum
1531 5096 1762 5164 a/l'ertur.
1784 5094 1972 5151 -—Scd
2002 5094 2127 5166 quid

541 5195 708 5250 dicis?
749 5193 948 5264 Aliligit
977 5203 1030 5248 te
1073 5192 1370 5262 premitque
1408 5191 1647 5260 corporis
1677 5189 1928 5245 morbus?
1969 5188 2126 5257 Atqui

543 5285 782 5342 nondum
808 5294 956 5340 tanta
990 5298 1176 5354 passus
1201 5299 1280 5349 es,
1312 5290 1507 5353 quanta
1535 5282 1720 5336 beatus
1752 5280 1841 5334 ille
1869 5279 1990 5340 Joh.
2023 5279 2129 5332 imo

547 5395 612 5432 ne
635 5377 904 5432 minimam
927 5375 1139 5445 quidem
1163 5383 1362 5444 partem
1388 5373 1644 5427 malorum
1673 5371 1830 5426 illius.
1856 5368 2126 5438 Siquidem

549 5480 827 5540 postquam
858 5469 1014 5524 simul
1047 5469 1369 5523 interiissent
1395 5480 1582 5536 greges
1610 5473 1664 5520 et
1703 5471 1943 5518 armenta
1965 5502 1978 5525 ,
2010 5475 2129 5514 cum

553 5563 762 5616 caeteris
785 5563 1031 5616 omnibus
1051 5561 1301 5630 abreptus
1321 5567 1402 5615 est
1429 5559 1715 5613 liberorum
1743 5564 1884 5610 totus
1910 5555 2128 5618 chorus,

555 5668 723 5722 eaque
739 5654 915 5707 omnia
937 5669 1041 5707 uno
1057 5644 1377 5722 die'peracta
1399 5659 1541 5717 sunt,
1565 5660 1746 5704 utnon
1769 5646 1928 5702 modo
1949 5656 2133 5699 natura

551 5742 928 5802 calamitatum.
959 5758 1144 5798 verum
1170 5743 1329 5797 etiam
1358 5740 1682 5796 eontinuitas
1702 5738 1934 5806 dejicere
1957 5742 2138 5804 posset

558 5834 828 5888 athletam.
865 5833 992 5890 Post
1032 5833 1147 5888 haec
1175 5833 1349 5889 omnia
1379 5832 1567 5888 vulnus
1595 5831 1652 5893 in
1679 5842 1906 5901 corpore
1930 5826 2138 5896 accepit

1235 376 1290 429 S.
1333 370 1607 430 JOANNIS
1635 364 2116 424 CllllYSOS‘l'UMl
2151 361 2464 418 Alitlllllil’.
2505 360 3038 417 CONS'I'ANTINOP.

3655 353 3760 408 936

2183 479 2396 542 lcthale,
2431 481 2559 534 vidit
2588 495 2794 534 vermes
2824 488 2933 532 toto
2963 477 3194 546 undique
3219 489 3442 544 corpore
3470 485 3763 546 scatentes,

2186 573 2462 638 nudusque
2489 572 2625 626 sedit
2655 573 2704 624 itt
2732 570 3084 639 sterquilinio,
3119 567 3382 637 publicum
3415 569 3479 622 iis
3507 569 3593 637 qui
3628 571 3764 625 ade-

2183 671 2303 716 rant
2330 661 2641 716 calatnitatis
2669 661 3026 730 spectaculum
3053 700 3066 723 ,
3110 658 3199 712 ille
3222 659 3416 730 justus,
3449 659 3536 715 ille
3562 677 3725 715 verax
3747 705 3765 726 ,

2184 755 2272 809 ille
2315 755 2430 821 pius
2452 794 2466 819 ,
2513 752 2602 807 ille
2635 752 2703 806 ab
2729 751 2871 804 omni
2901 750 3227 820 malo.0pere
3251 751 3542 805 abstinens.
3577 751 3651 805 Ne
3681 752 3768 806 hic

2185 844 2399 914 quidem
2437 854 2549 896 erat
2591 842 2849 896 malorum
2878 842 3032 907 finis,
3075 841 3168 896 scd
3199 841 3409 896 dolores
3433 842 3765 898 addebantur
3807 871 3809 873 -

2186 937 2358 990 diurni
2412 937 2613 1005 pariter
2667 949 2730 988 ac
2786 934 3059 1000 nocturni;
3119 948 3362 1003 novaque
3417 935 3660 1003 quaedam
3717 945 3772 990 et

2188 1030 2544 1098 inexspectata
2589 1027 2736 1080 illum
2776 1024 2943 1081 fames
2977 1024 3336 1096 oppugnabat.
3368 1023 3650 1091 Fatorem,
3686 1026 3770 1080 in-

2180 1120 2480 1191 quit,uideo
2509 1114 2680 1172 citum
2719 1133 2889 1172 meum
2927 1114 3049 1188 (Job
3085 1115 3138 1170 6.
3165 1116 3242 1186 7),
3272 1115 3472 1186 probra
3496 1116 3769 1185 quotidia-

2179 1227 2274 1277 na,
2310 1211 2797 1277 subsannationes,
2832 1217 3156 1274 scommata,
3181 1207 3348 1263 risus.
3376 1205 3512 1262 Nam
3544 1207 3764 1274 famuli,

2190 1304 2393 1374 inquit,
2427 1305 2559 1368 mei,
2590 1312 2644 1358 et
2675 1302 3112 1358 concubinarum
3133 1316 3378 1357 mearum
3398 1299 3494 1355 filii
3521 1301 3770 1357 insurre-

2184 1402 2385 1450 xerunt
2404 1395 2692 1449 adversum
2711 1409 2818 1456 me,
2840 1392 2962 1447 etin
2985 1391 3196 1446 somnis
3210 1394 3773 1461 terrores,cogitatio-

2186 1488 2321 1542 itum
2347 1496 2606 1557 perpetua
2634 1485 2882 1556 quaedam
2905 1483 3208 1538 fluctuatio.
3241 1483 3402 1554 Atqui
3425 1496 3566 1537 uxor
3582 1485 3773 1537 consi-

2188 1581 2320 1635 lium
2344 1579 2512 1641 dedit,
2539 1587 2599 1632 ut
2626 1579 2694 1632 ab
2718 1578 2805 1632 his
2833 1576 3090 1630 omnibus
3118 1575 3278 1629 malis
3312 1575 3663 1638 liberaretur,
3693 1573 3772 1626 ita

2190 1672 2422 1741 loquens
2449 1689 2461 1725 :
2489 1669 2586 1723 Dic
2613 1667 2829 1739 aliquod
2849 1667 3060 1722 verbum
3090 1666 3341 1721 adversus
3365 1664 3678 1729 Dominum,
3710 1681 3776 1717 ac

2192 1779 2394 1816 morere
2416 1760 2526 1833 (1d.
2543 1761 2599 1814 Ξ.
2623 1761 2700 1828 9).
2725 1759 2840 1822 Dic,
2867 1759 3064 1829 inquit,
3086 1757 3503 1829 blasphemiam,
3521 1758 3662 1824 etab
3680 1771 3780 1810 ur-

2194 1854 2450 1924 gentibus
2466 1852 2623 1906 malis
2640 1851 2968 1906 liberabere.
2987 1848 3128 1917 Quid
3144 1849 3332 1919 igitur?
3349 1845 3488 1901 Num
3507 1847 3780 1902 subvertit

2199 1953 2451 2001 sanctum
2471 1943 2622 1997 illum
2648 1943 2824 1996 virum
2842 1941 3086 1995 mulieris
3103 1938 3421 1994 consilium?
3435 1936 3549 1991 lmo
3566 1945 3794 1990 contra-

2198 2036 2340 2092 rium
2356 2035 2501 2098 fecit,
2520 2033 2803 2104 magisque
2825 2032 2972 2086 illum
2996 2031 3400 2096 corroboravit,
3421 2029 3503 2084 sic
3528 2029 3700 2084 etiam
3722 2035 3785 2080 ut

2203 2129 2780 2196 inereparetuxorem.
2795 2123 2992 2179 Potius
3013 2124 3159 2178 enim
3183 2121 3343 2177 duxit
3364 2120 3676 2192 majoribus
3697 2119 3785 2173 af-

2206 2222 2291 2278 ﬁci
2309 2220 2490 2276 crucia
2501 2220 2656 2290 rique
2667 2216 3372 2282 doloribusdnnumeraaue
3389 2212 3598 2284 perpeti
3619 2210 3791 2274 mala.

2207 2331 2364 2386 quam
2395 2311 2720 2383 blasphemia
2754 2310 2857 2365 ulla
2890 2314 3155 2363 tantorum
3195 2304 3455 2363 malorum
3497 2298 3791 2356 relaxatio-

2207 2423 2329 2462 nem
2355 2405 2628 2475 consequi.
2661 2401 2843 2457 ltidem
2871 2411 2924 2455 et
2952 2400 3038 2454 ille
3056 2439 3073 2464 ,
3117 2397 3209 2467 qui
3241 2395 3454 2465 triginta
3482 2404 3605 2448 octo
3632 2390 3792 2445 annis

2208 2503 2456 2557 detentus
2482 2498 2653 2553 fuerat
2681 2499 2733 2550 in
2763 2494 3071 2550 inﬁrmitate
3096 2505 3212 2554 sua,
3243 2487 3462 2558 singulis
3487 2485 3641 2539 annis
3667 2499 3794 2537 cur-

2212 2595 2362 2648 rebat
2386 2591 2450 2645 ad
2482 2589 2756 2660 piscinam,
2779 2594 2836 2640 et
2859 2583 3078 2654 singulis
3104 2582 3257 2636 annis
3282 2578 3660 2650 repellebatur,
3692 2589 3796 2628 nec

2210 2683 2589 2754 assequebatur
2609 2680 2886 2735 sanitatem
2913 2674 3096 2747 (Joau.
3123 2674 3210 2744 5);
3240 2670 3332 2726 sed
3359 2667 3643 2740 quotannis
3661 2681 3799 2721 con-

2211 2776 2466 2848 spiciebat
2488 2774 2621 2829 alios
2641 2773 2838 2838 sanari,
2861 2768 3001 2841 quod
3028 2767 3223 2822 multos
3242 2764 3519 2830 haberent,
3543 2778 3577 2816 a
3603 2761 3801 2832 quibus

2211 2877 2563 2933 curarentur,
2603 2881 2663 2921 se
2698 2879 2826 2920 vero
2854 2863 3163 2918 destitutum
3207 2859 3432 2913 aliorum
3473 2855 3692 2917 auxilio,
3739 2853 3800 2907 in

2212 2972 2468 3034 perpetua
2509 2974 2725 3014 manere
2766 2955 3015 3027 paralysi.
3059 2953 3168 3008 Nec
3208 2952 3286 3006 sic
3320 2949 3536 3020 quidem
3563 2945 3802 3016 confugit

2213 3056 2278 3110 ad
2303 3065 2469 3118 vates,
2495 3068 2598 3107 non
2623 3051 2751 3105 adiit
2771 3051 3149 3111 incantatores,
3167 3058 3272 3098 non
3293 3039 3525 3111 alligavit
3544 3038 3798 3102 amuleta,

2215 3147 2309 3203 sed
2356 3143 2680 3215 exspectavit
2721 3140 2952 3196 divinam
2981 3133 3323 3207 opem:ideo
3365 3131 3577 3187 tandem
3623 3127 3804 3183 admi-

2214 3237 2433 3294 randam
2455 3233 2736 3306 quamdam
2757 3243 2810 3287 et
2832 3229 3120 3284 inauditam
3146 3225 3424 3280 sanitatem
3448 3221 3671 3290 adeptus
3693 3226 3798 3272 est.

2216 3331 2446 3386 Lazarus
2470 3335 2645 3381 autem
2669 3338 2789 3379 cum
2818 3321 2976 3382 fame,
2999 3333 3118 3373 cum
3143 3314 3352 3378 morbo,
3369 3327 3490 3366 cum
3513 3308 3806 3364 solitudine

2218 3438 2314 3493 per
2339 3435 2552 3475 omnem
2583 3417 2745 3470 vitam
2775 3413 3090 3468 colluctatus
3113 3416 3216 3474 est,
3240 3420 3346 3459 non
3371 3404 3580 3472 triginta
3605 3409 3658 3455 et
3678 3410 3806 3452 octo

2218 3529 2390 3569 annos
2431 3519 2632 3567 tantum
2672 3514 2913 3564 versatus
2953 3503 3005 3558 in
3044 3501 3132 3556 his
3159 3541 3174 3566 ,
3225 3498 3319 3554 sed
3363 3511 3459 3566 per
3490 3508 3652 3548 omne
3679 3493 3805 3546 vita:

2219 3617 2447 3677 tempus.
2475 3605 2563 3659 Sic
2585 3601 2743 3671 igitur
2768 3605 2823 3653 et
2846 3593 3138 3666 exspiravit
3166 3592 3216 3646 in
3243 3589 3420 3645 divitis
3441 3586 3579 3641 ostio
3590 3585 3804 3654 jacens,

2220 3673 2576 3766 conietnptus,
2597 3693 2803 3757 irrisus,
2833 3687 3096 3750 esuriens,
3125 3681 3344 3737 canibus
3371 3677 3610 3746 objectus
3635 3673 3806 3744 pabu-

2220 3795 2329 3849 lum
2359 3790 2505 3860 (Luc.
2537 3786 2648 3858 16).
2669 3784 2758 3840 Sic
2776 3781 2917 3838 enim
2937 3778 3077 3834 illius
3097 3788 3292 3844 corpus
3314 3770 3646 3826 debilitatum
3668 3774 3807 3830 erat,

2221 3895 2280 3940 ut
2330 3859 2430 3938 nec
2484 3891 2646 3936 canes
2684 3875 2959 3930 irruentes
3013 3868 3301 3935 ulceraque
3353 3861 3494 3916 illius
3546 3859 3811 3928 [ingentes

2223 3982 2405 4047 posset
2430 3971 2663 4040 abigere.
2694 3965 2844 4021 Haud
2875 3972 3054 4018 tamen
3081 3955 3355 4029 qumrebat
3385 3953 3772 4007 incantatorem
3791 3989 3806 4015 ,

2223 4040 2330 4122 non
2359 4062 2529 4135 petala
2546 4055 2957 4126 circumligavit,
2976 4066 3082 4107 non
3102 4055 3355 4120 expertus
3375 4051 3459 4099 est
3483 4040 3808 4112 prmstigias,

2225 4176 2332 4215 non
2359 4154 2625 4212 veneficos
2650 4152 2717 4206 ad
2745 4165 2804 4206 se
2833 4147 3068 4212 vocavit,
3100 4158 3199 4199 nec
3223 4139 3364 4196 aliud
3390 4136 3681 4207 quidquam
3714 4148 3810 4187 ve-

2226 4253 2438 4307 titarum
2477 4247 2668 4301 artium
2696 4241 2948 4308 tentavit,
2981 4237 3072 4294 sed
3087 4235 3242 4308 .prius
3262 4231 3443 4286 habuit
3468 4228 3572 4282 illis
3599 4223 3812 4280 immori

2227 4343 2402 4404 malis,
2431 4353 2588 4410 quam
2616 4335 2723 4390 ulla
2764 4348 2830 4388 ex
2868 4338 3021 4402 parte
3061 4328 3310 4382 deserere
3339 4321 3614 4391 pietatem.
3642 4317 3809 4383 Quam

2228 4417 2384 4506 igitur
2405 4409 2612 4487 veniam
2634 4442 2731 4483 nos
2751 4423 3172 4497 impetrabimus,
3195 4416 3304 4488 qui,
3325 4429 3443 4470 cum
3468 4412 3542 4467 illi
3567 4412 3619 4466 in
3650 4409 3807 4464 tantis

2229 4502 2385 4585 malis
2424 4523 2794 4597 perdurarint,
2843 4518 2912 4573 ob
2953 4512 3282 4575 febriculam,
3333 4516 3425 4564 aut
3474 4505 3593 4560 leve
3623 4502 3808 4556 vulnus

2231 4620 2591 4695 procurrimus
2615 4615 2680 4670 ad
2711 4625 3004 4686 synagogas
3029 4650 3042 4672 ,
3071 4605 3368 4668 veneficos,
3400 4615 3463 4654 ac
3492 4599 3810 4667 impostores

2231 4719 2282 4773 in
2312 4715 2454 4772 :edes
2481 4720 2688 4768 nostras
2727 4700 3084 4762 accersimus?
3123 4699 3236 4762 Non
3281 4693 3472 4750 audisti
3520 4690 3649 4762 quid
3677 4690 3813 4744 dicat

2233 4806 2540 4879 Scriptura?
2567 4802 2694 4868 Fili,
2725 4801 2767 4854 si
2792 4797 2985 4851 accedis
3007 4793 3275 4848 serviturus
3304 4786 3545 4850 Domino,
3580 4796 3812 4854 purpura

2231 4901 2452 4953 animam
2481 4907 2617 4948 luant
2645 4891 2712 4945 ad
2746 4890 3104 4943 Mutationem;
3127 4881 3288 4952 dirige
3313 4895 3398 4932 cor
3427 4887 3590 4938 tuum,
3621 4885 3671 4928 et
3697 4889 3819 4942 pera

2233 4995 2362 5046 dura
2387 5005 2404 5042 :
2426 4989 2474 5042 iu
2507 4985 2676 5039 morbo
2703 4998 2762 5034 ac
2791 4987 3084 5051 paupertate
3108 4975 3162 5026 in
3203 4971 3293 5024 illo
3320 4969 3477 5037 fidem
3510 4975 3635 5019 esto.
3671 4963 3812 5018 Sicut

2233 5084 2362 5138 enim
2396 5083 2445 5134 iu
2472 5079 2576 5149 igni
2617 5075 2854 5145 probatur
2877 5084 3092 5132 aurum,
3129 5066 3201 5119 sic
3229 5063 3381 5116 homo
3408 5060 3464 5128 ﬁt
3493 5067 3732 5128 acceptus
3758 5055 3809 5106 iu

2237 5177 2433 5230 camino
2477 5166 2839 5226 Immiliationis
2881 5161 3065 5236 (Eccli.
3096 5159 3150 5213 2.
3201 5157 3345 5225 1-5).
3387 5151 3443 5208 Si
3473 5162 3527 5206 tu
3561 5149 3809 5204 famulum

2239 5279 2384 5322 tuum
2414 5263 2592 5334 flagris
2633 5257 2889 5314 cecideris
2913 5297 2926 5317 ,
2959 5264 3010 5307 et
3037 5252 3154 5316 ille,
3190 5248 3403 5316 triginta
3431 5252 3520 5298 aut
3551 5242 3811 5312 quinqua-

2235 5360 2378 5428 ginta
2408 5333 2571 5424 plagis
2601 5348 2830 5417 acceptis
2859 5388 2872 5411 ,
2925 5346 3064 5398 illico
3092 5345 3343 5412 provocet
3374 5335 3437 5389 ad
3479 5333 3775 5388 libertatem
3802 5368 3817 5390 ,

2236 5422 2328 5505 aut
2355 5422 2568 5502 deserat
2603 5451 2755 5497 tuum
2799 5438 3090 5494 dominium
3113 5476 3126 5498 ,
3168 5442 3221 5488 et
3258 5430 3323 5483 ad
3362 5428 3495 5482 alios
3533 5422 3811 5495 quospiam

2239 5556 2356 5596 sese
2382 5537 2654 5601 conferat,
2687 5531 2774 5602 qui
2818 5541 2868 5584 te
2896 5527 3105 5582 oderint
3124 5565 3138 5592 ,
3167 5535 3364 5591 eosque
3391 5520 3440 5572 in
3469 5527 3521 5571 te
3545 5514 3810 5569 concitet:

2240 5638 2326 5694 dic
2353 5635 2498 5700 mihi,
2532 5647 2657 5688 num
2686 5631 2731 5683 is
2758 5629 2853 5682 abs
2881 5635 2934 5680 te
2957 5622 3159 5677 veniam
3188 5619 3567 5687 impetraturus
3591 5608 3704 5663 sit?
3733 5606 3812 5659 An

2241 5728 2520 5798 quisquam
2544 5736 2639 5792 pro
2662 5719 2752 5774 illo
2775 5714 2968 5788 poterit
2988 5726 3107 5768 esse
3131 5703 3421 5779 patronus?
3449 5699 3808 5798 Nequaquam.

2245 5787 2352 5877 (iur
2378 5787 2447 5873 ita
2476 5787 2725 5873 tandem?
2766 5808 3028 5878 Quoniam
3074 5800 3305 5859 ofﬁcium
3344 5804 3425 5852 est
3460 5791 3592 5857 heri,
3625 5787 3806 5862 punire
