4046 6146
297 263 398 318 95ἔί
1462 263 1839 322 ADVERSUS
1878 262 1956 321 1U
1962 264 2188 323 ‘D‘EOS.
2237 267 2372 324 VIII.

295 374 415 450 ροῦ,
442 374 542 448 τὴν
592 378 699 432 ἀπὺ
744 379 841 434 τοῦ
890 377 1057 452 ίεροῦ,
1085 381 1185 452 τήν
1221 382 1330 438 ἀπὸ
1373 383 1472 455 τῆς
1520 387 1880 458 προρρήσεως

293 461 404 516 τῶν
452 462 749 535 προφητῶν
794 464 1187 537 ἐλεγχομένηνο
1237 466 1409 534 δεῖξον
1459 467 1577 532 πῶς
1622 470 1743 540 είκῆ
1792 470 1885 523 καὶ

300 546 476 616 μάτην
503 547 719 600 ᾶπαντα
750 548 1072 619 πράττουσι,
1108 548 1202 602 καὶ
1230 549 1481 604 οὐδέποτε
1513 551 1608 605 ἐπὶ
1633 552 1733 622 τὴν
1761 569 1886 623 προ-

295 629 810 701 τέρανηέπανήξουσι
841 631 1140 697 πολιτείαν,
1175 632 1271 687 καὶ
1299 633 1381 686 ὅτι
1414 634 1474 686 ού
1508 633 1665 705 Θέμις
1702 636 1886 698 αὐτοῖς

297 711 534 779 ἕξωτῶν
568 714 951 785 Ἱεροσολύμων
974 715 1123 770 οὐδὲν
1141 727 1167 757 α
1196 714 1438 770 τοιοῦτον
1466 717 1757 772 ἐπιτελεῖν.
1777 718 1886 772 Καὶ

299 795 435 867 πρὸς
480 795 692 860 τούτοις
739 798 1051 871 ἀνάμνησον
1106 800 1208 871 τῆς
1259 799 1504 872 γεέννης,
1531 800 1625 854 τοῦ
1653 799 1885 872 φοϐεροῦ

302 879 542 950 βήματος
576 878 670 933 τοῦ
715 880 943 953 Κυρίου,
972 880 1080 936 τῶν
1126 882 1367 937 εὐθυνῶν
1395 883 1505 938 τῶν
1548 883 1737 951 ἐκεῖιδ,
1790 886 1886 938 καὶ

298 963 381 1017 δτι
407 962 611 1017 τούτων
640 964 895 1018 ἀπάντων
933 964 1176 1036 δώσομεν
1207 965 1385 1035 λόγον,
1412 965 1506 1020 καὶ
1542 967 1781 1039 τιμωρία
1804 984 1887 1031 τις

299 1046 362 1100 ού
394 1046 567 1118 μικρά
593 1049 767 1100 κεῖται
795 1050 909 1111 τοῖς
943 1048 1015 1103 τὰ
1047 1049 1272 1104 τοιαῦτα
1304 1050 1606 1122 τολμῶσιψ
1637 1051 1884 1122 ἀνάμνη-

305 1145 394 1182 σον
441 1130 536 1181 καὶ
584 1129 798 1184 Παύλου
844 1128 1097 1200 λέγοντος
1121 1145 1133 1159 ·
1184 1133 1414 1199 Οἵτινες
1461 1133 1532 1187 ἐν
1583 1134 1744 1203 νόμῳ
1801 1135 1888 1188 δι-

304 1210 612 1274 καιοῦσθε,
643 1211 751 1278 τῆς
775 1211 1015 1281 χάριτος
1041 1214 1391 1279 ὲξεπέσετε·
1428 1217 1522 1271 καὶ
1550 1216 1710 1271 πάλιν
1733 1218 1890 1271 ἀπει-

305 1291 551 1357 λοῦντοςο
604 1293 725 1349 Ὅτι
765 1295 891 1350 ἐὰν’
918 1296 1351 1366 περιτέμνησθε
1373 1339 1389 1364 ,
1439 1299 1692 1368 Χριστὸς
1732 1299 1889 1370 ’ὑμᾶς

308 1376 489 1431 οὐδὲν
523 1376 848 1446 ὠφελήσει.
877 1380 987 1433 Καὶ
1031 1380 1153 1433 εἰπὲ
1194 1383 1277 1435 ὄτι
1317 1381 1568 1452 καθάπερ
1594 1383 1886 1453 περιτομὴ,

307 1458 450 1513 οὕτω
488 1460 582 1512 καὶ
624 1462 847 1531 νηστεία
885 1462 1150 1535 ’ἰουδαῖκὴ
1193 1464 1303 1517 τῶν
1343 1465 1586 1536 οὐρανῶν
1640 1465 1890 1519 ἐκϐάλλει

307 1543 401 1597 τὸν
426 1543 775 1615 νηστεύοντα,
804 1544 907 1600 κᾶν
937 1547 1107 1617 μυρία
1138 1547 1303 1618 ἕτερα
1327 1547 1730 1620 κατορθώματα
1751 1549 1851 1621 ἔχῃ
1872 1564 1887 1579 ο

312 1628 432 1681 είπὲ
474 1628 558 1681 δτι
613 1629 933 1700 Χριστιανοὶ
974 1629 1063 1685 διὰ
1103 1629 1260 1685 τοῦτο
1303 1632 1396 1686 καὶ
1441 1632 1755 1704 καλούμεθα
1801 1634 1895 1686 καὶ

312 1712 499 1780 ἐσμὲν,
531 1712 616 1766 ἵνα
637 1711 714 1783 τῷ
743 1713 961 1785 Χριστῷ
994 1713 1335 1787 πειθώμεθα,
1361 1717 1460 1787 ούχ
1489 1717 1577 1771 ἶνα
1604 1717 1740 1789 πρὸς
1766 1718 1893 1781 ⁸’τοὺς

314 1795 540 1867 ἐχθροὺς
568 1796 809 1861 ἐκείνους
853 1796 1266 1869 τρέχωμεν.Ἃν
1313 1800 1371 1854 δέ
1421 1818 1574 1867 τινας
1597 1801 1894 1872 θεραπείας

315 1879 682 1952 προτείνηται,
715 1880 810 1934 καὶ
839 1880 973 1954 λέγῃ
998 1882 1134 1955 πρὸς
1162 1883 1241 1951 σὲ,
1268 1883 1777 1956 δτιῪπισχνοῦνται
1804 1884 1897 1938 θεε-

319 1964 596 2037 ραπεύειν,
629 1964 724 2018 καὶ
753 1964 842 2019 διὰ
876 1964 1034 2020 τοῦτο
1062 1966 1204 2038 πρὸς
1230 1968 1426 2033 αὐτοὺς
1449 1970 1649 2042 τρέχω,
1688 1970 1896 2025 ἀνακά-

315 2047 481 2119 λυψον
508 2047 687 2103 αὐτῶν
722 2048 821 2113 τὰς
850 2052 1210 2121 μαγγανείας,
1244 2051 1343 2116 τὰς
1376 2054 1610 2124 ἐπῳδὰς,
1644 2054 1713 2108 τὰ
1740 2072 1895 2126 περι-

318 2128 569 2204 άμματα,
607 2133 706 2209 τὰς
735 2135 1106 2206 φαρμακείας.
1135 2135 1269 2191 Οὐδὲ
1287 2136 1397 2209 γὰρ
1420 2136 1564 2209 ἄλλῳ
1586 2138 1692 2191 τινὶ
1710 2138 1898 2208 τρόπῳ

316 2214 537 2270 δοκοῦσι
570 2207 916 2289 θέραπεύειν,
941 2218 1058 2273 ούδέ
1082 2218 1191 2289 γὰρ
1219 2207 1582 2292 θεραπεύουσι
1612 2219 1753 2276 κατὰ
1774 2207 1900 2292 ἀλήο

320 2300 492 2364 θειαν,
521 2298 595 2370 μὴ
625 2298 863 2367 γένοιτοί
905 2300 1046 2369 Ἐγὼ
1066 2301 1122 2354 δὲ
1147 2301 1451 2374 ὑπερϐολὴν
1473 2302 1732 2375 ποιοῦμαι
1771 2302 1903 2358 πολ-

319 2381 439 2453 λὴν,
471 2383 564 2435 καὶ
586 2383 764 2436 ἐκεῖνο
796 2382 959 2452 λέγω,
1005 2384 1087 2437 ὅτι
1115 2387 1165 2438 εἰ
1200 2387 1296 2439 καὶ
1337 2384 1730 2458 θεραπεύουσιν
1763 2386 1900 2456 ἀλη-

321 2465 460 2529 θῶς,
513 2464 719 2534 βέλτιον
762 2466 1079 2534 ἀποθανεῖν,
1128 2466 1161 2539 ἢ
1205 2470 1319 2533 τοῖς
1365 2469 1580 2543 ἐχθροῖς
1621 2469 1717 2522 τοῦ
1763 2468 1898 2523 Θεοῦ

265 2580 269 2583 -
321 2546 712 2618 προσδραμεῖν,
746 2549 842 2602 καὶ
886 2548 1074 2603 τοῦτον
1121 2549 1527 2621 θεραπευθῆναι
1559 2551 1648 2604 τὸν
1676 2551 1896 2623 τρόπον.

322 2630 388 2683 Τί
415 2628 524 2701 γάρ
551 2629 761 2700 ὄφελος,
787 2630 948 2701 σῶμα
978 2631 1379 2703 θεραπεύεσθαι
1411 2633 1512 2704 τῆς
1543 2633 1721 2704 ψυχῆς
1741 2632 1902 2687 ἀπολ-

322 2713 592 2786 λυμένης;
625 2715 678 2767 τί
708 2714 766 2768 δὲ
793 2713 1004 2785 κέρδος,
1036 2715 1273 2770 ἐνταῦθά
1303 2733 1447 2780 τινος
1476 2718 1764 2787 τυγχάνειν
1795 2733 1901 2770 πα-

327 2797 615 2869 ραμυθίας,
653 2797 944 2867 μέλλοντας
995 2800 1077 2862 είς
1124 2799 1187 2853 τὸ
1240 2798 1505 2854 ἀθάνατον
1541 2800 1903 2875 παραπέμπε-

326 2882 450 2935 σθαι
500 2881 644 2953 πῦρ;
676 2881 797 2935 Ἵνα
841 2880 953 2954 γὰρ
997 2882 1071 2954 μὴ
1120 2881 1318 2951 λέγωσι
1358 2882 1552 2950 ταῦτα,
1588 2883 1819 2938 ἀκουσον
1852 2883 1903 2937 τί

324 2982 491 3037 φησιν
523 2967 551 3018 6
587 2965 751 3029 Θεός·
795 2965 931 3020 Ἐὰν
975 2966 1215 3036 ἀναστῇ
1260 2967 1569 3037 προφήτης
1610 2968 1680 3021 ἐν
1710 2967 1833 3034 σοὶ,
1862 2967 1902 3035 ἢ

323 3045 823 3117 ἐνυπνιαζόμενος
867 3047 1184 3113 ἐνύπνιον,
1220 3048 1318 3104 καὶ
1362 3048 1446 3115 δῷ
1499 3049 1752 3117 σημεῖον
1803 3050 1904 3103 καὶ

325 3131 544 3200 τέρας,
599 3130 698 3185 καί
760 3130 911 3200 ἔλθῃ
975 3130 1041 3184 τὸ
1101 3132 1355 3201 σημεῖον
1408 3132 1508 3186 καὶ
1565 3132 1632 3186 τὸ
1695 3133 1904 3201 τέρας,

328 3214 361 3269 ὃ
431 3212 733 3282 ἑλάλησε,
802 3215 900 3268 καὶ
962 3214 1102 3284 εἴπῃ
1123 3232 1137 3247 ο
1207 3215 1593 3286 Πορευθῶμεν
1643 3215 1741 3269 καὶ
1798 3219 1908 3269 λα·-

328 3299 671 3368 τρεύσωμεν
718 3297 875 3365 θεοῖς
923 3298 1147 3365 ἑτέροις
1167 3339 1182 3359 ,
1234 3301 1348 3353 οὐκ
1405 3300 1744 3354 ἀκούσεσθε
1805 3299 1908 3353 τοῦ

332 3379 639 3451 προφήτου
685 3380 918 3435 ἐκείνου
945 3421 961 3444 ,
991 3381 1078 3434 ὅτι
1122 3380 1374 3450 πειράζει
1417 3382 1633 3448 Κύριος
1683 3381 1717 3434 ὸ
1765 3381 1913 3445 Θεὸς

332 3465 507 3534 ὑμᾶς,
533 3465 585 3517 εί
611 3461 879 3532 ἀγαπᾶτε
902 3464 1121 3532 Κύριον
1148 3465 1257 3518 τόν
1290 3464 1440 3518 Θεὸν
1471 3462 1633 3533 ὑμῶν
1659 3463 1729 3529 ἐξ
1760 3463 1911 3531 ὅλης

332 3546 446 3615 τῆς
472 3545 719 3615 καρδίας
746 3545 931 3615 ὑμῶν,
958 3545 1056 3599 καί
1086 3544 1155 3609 ἐξ
1180 3545 1331 3614 ὅλης
1360 3544 1471 3614 τεῆς
1493 3546 1702 3615 ψυχῆς
1722 3543 1910 3616 ὑμῶν.

341 3633 406 3684 ὐ
429 3629 487 3684 δέ
508 3628 677 3699 λέγει,
703 3628 942 3683 τοιοῦτόν
968 3629 1115 3682 ἐστιν
1134 3646 1147 3659 ·
1191 3631 1315 3683 Ἐὰν
1345 3629 1474 3702 εἴπῃ
1499 3647 1582 3693 τις
1604 3632 1911 3701 προφήτης,

337 3714 523 3783 φησὶν,
556 3713 639 3766 ὃτι
680 3712 925 3783 Δύναμαι
969 3712 1162 3784 νεκρὸν
1196 3715 1428 3785 ἐγεῖραι,
1459 3714 1493 3783 ἦ
1522 3712 1720 3782 τυφλὸν
1750 3712 1919 3785 θερα-

338 3795 559 3862 πεῦσαι,
588 3795 724 3850 ἀλλὰ
755 3795 1017 3866 πεισθῆτέ
1051 3814 1161 3867 μοι,
1198 3797 1292 3851 καὶ
1316 3796 1785 3866 προσκυνήσωμεν
1805 3796 1919 3858 τοῖς

338 3880 605 3950 δαίμοσιν,
638 3880 671 3951 ἢ
706 3879 1254 3952 είδωλολατρήσωμεν
1274 3895 1287 3908 ·
1325 3876 1444 3934 εἶτα
1466 3879 1495 3931 ό
1521 3877 1690 3932 ταῦτα
1722 3878 1917 3948 λέγων,

339 3964 539 4035 δυνηθῇ
577 3964 912 4033 θεραπεῦσαι
962 3965 1059 4018 τὸν
1103 3964 1323 4034 τυφλὸν,
1352 3964 1385 4035 ἢ
1418 3963 1510 4017 τὸν
1539 3963 1732 4036 νεκρὸν
1778 3966 1922 4032 ἐγεῖ-

347 4065 455 4119 ραι,
484 4048 619 4119 μηδέ
640 4046 783 4102 οὕτω
805 4046 1060 4120 πεισθῇς,
1080 4047 1215 4118 φησί
1235 4065 1249 4080 ⁸
1277 4047 1364 4102 διά
1382 4047 1436 4101 τί
1457 4063 1471 4111 ;
1501 4047 1627 4101 Ὅτι
1645 4045 1922 4119 πειράζων
1964 4072 1970 4081 ο

344 4148 405 4185 σε
432 4132 461 4183 6
491 4130 643 4194 Θεδς,
679 4130 1052 4202 συνεχώρησεν
1078 4132 1271 4200 ἐκείνῳ
1297 4130 1591 4201 δυνηθῆναι
1616 4129 1794 4192 τοῦτο,
1821 4130 1924 4184 οὐκ

344 4213 532 4284 ἐπειδὴ
565 4212 725 4277 αὐτὸς
750 4213 933 4282 ⁴Ιπγνόει
957 4228 1052 4265 σου
1077 4212 1174 4284 τὴν
1198 4212 1444 4284 γνώμην,
1478 4212 1593 4266 ἀλλ’
1618 4211 1926 4267 ἴναοσοιιδο-

344 4296 516 4367 κιμὴν
550 4296 805 4366 παράσχῃ
847 4298 895 4349 εἰ
940 4296 1113 4365 φιλεῖς
1145 4296 1239 4350 τὸν
1264 4294 1394 4349 Θεὸν
1419 4295 1608 4359 ὅντως.
1642 4294 1927 4361 Φιλοῦντος

343 4381 403 4435 δέ
434 4382 573 4438 ἐστι.
609 4378 670 4430 τὸ
716 4378 819 4432 κᾶν
858 4380 1087 4449 νεκροὺς
1115 4379 1427 4450 παρέχωσιν
1456 4379 1847 4451 ἀνισταμένους
1876 4381 1928 4433 οἱ

350 4463 741 4527 σπουδάζοντες
770 4463 918 4532 ἡμᾶς
947 4461 1251 4531 άφελκύσαι
1292 4460 1393 4514 τοῦ
1429 4461 1771 4532 φιλουμένου,
1806 4462 1927 4534 μηδ’

347 4545 522 4609 οὕτως
575 4543 930 4613 ἀφίστασθαι.
989 4545 1052 4597 El
1103 4544 1161 4597 δὲ
1201 4543 1474 4607 Ἰουδαίοις
1526 4543 1700 4597 ταῦτα
1754 4543 1928 4613 ἔλεγε,

350 4627 531 4699 πολλῷ
563 4626 763 4699 μᾶλλον
791 4628 943 4699 ἡμῖν,
975 4626 1070 4692 οὒς
1094 4626 1189 4681 ἐπὶ
1212 4625 1432 4697 μείζονα
1460 4625 1778 4695 φιλοσοφίαν
1805 4627 1934 4698 ἤγα-

350 4729 469 4778 γεν,
498 4707 579 4781 οἷς
601 4711 702 4781 τὴν
737 4712 867 4782 περὶ
899 4710 998 4782 τῆς
1041 4709 1390 4773 ἀναστάσεως
1415 4708 1595 4779 ἦνοιξε
1623 4708 1813 4781 θύραν,
1851 4704 1933 4772 οἷς

352 4795 586 4856 κελεύει,
623 4794 697 4865 μὴ
724 4797 834 4858 τοῖς
868 4793 1134 4865 παροῦσιν
1162 4792 1582 4864 ἐμφιλοχωρεῖν,
1614 4790 1765 4864 [682]
1798 4791 1935 4846 ἀλλά

351 4879 451 4942 τὰς
488 4877 710 4941 ἐλπίδας
748 4877 965 4940 ἁπάσας
1002 4875 1140 4946 πρὸς
1160 4875 1256 4946 τὴν
1282 4874 1578 4945 μέλλουσαν
1604 4873 1749 4946 ζωὴν
1768 4874 1931 4945 ἔχειν.

428 4969 503 5026 ς’.
542 4959 700 5013 Ἀλλά
725 4961 778 5014 τί
802 4960 981 5028 λέγεις
1001 4978 1016 5027 ;
1034 4960 1115 5013 δτι
1131 4959 1304 5013 θλίϐει
1323 4975 1381 5012 σε
1399 4959 1494 5012 καὶ
1518 4958 1692 5022 πιέζει
1711 4958 1805 5013 τοῦ
1827 4958 1935 5013 σώ-

361 5061 528 5114 ματος
554 5046 588 5116 ἡ
615 5044 804 5108 νόσος;
848 5043 986 5096 Ἀλλ’
1012 5042 1166 5096 οὔπω
1190 5042 1428 5096 τοσαῦτα
1462 5042 1755 5109 πέπονθας,
1784 5044 1884 5096 ὅσα
1909 5044 1938 5096 6

361 5128 629 5200 μακάριος
667 5125 811 5190 Ἰὼϐ,
841 5126 1040 5198 μᾶλλον
1083 5126 1139 5180 δὲ
1180 5126 1303 5180 οὐδὲ
1345 5126 1405 5180 τὸ
1446 5126 1732 5183 πολλοστὸν
1774 5128 1938 5199 μέρος

360 5211 632 5265 ἐκείνουα.
670 5209 823 5263 Μετά
872 5210 981 5281 γὰρ
1022 5211 1122 5280 τὴν
1166 5210 1369 5280 ἀθρόαν
1400 5210 1506 5264 τῶν
1538 5209 1804 5280 ποιμνίων
1844 5210 1939 5264 καὶ

360 5294 467 5348 τῶν
504 5293 795 5365 βουκολίων
842 5295 938 5346 καὶ
971 5292 1079 5346 τῶν
1108 5292 1284 5347 ἄλλων
1337 5293 1593 5347 ἀπάντων
1639 5291 1938 5357 ἀπάΑειαν,

362 5376 620 5449 ἡρπάσθη
672 5377 764 5430 καὶ
818 5377 926 5431 τῶν
974 5376 1175 5429 παίδων
1224 5376 1514 5447 ὁλόκληρος
1558 5377 1586 5427 6
1623 5375 1814 5446 χορός·
1845 5378 1937 5430 καὶ

363 5463 542 5516 πάντα
566 5462 623 5513 ἐν
649 5460 831 5531 ἡμέρᾳ
856 5460 954 5531 μιᾷ
976 5459 1210 5527 ἐγένετο,
1232 5459 1318 5510 ἵνα
1345 5458 1417 5528 μὴ
1439 5460 1470 5529 ἡ
1503 5460 1664 5527 φύσις
1692 5458 1803 5511 τῶν
1824 5476 1943 5512 πει-

368 5545 595 5617 ρασμῶν
640 5544 816 5616 μόνον,
853 5541 990 5596 ἀλλὰ
1026 5541 1121 5595 καὶ
1159 5541 1192 5611 ἡ
1234 5540 1487 5609 συνέχεια
1531 5539 1812 5612 καταϐάλῃ
1853 5542 1942 5595 τὸν

368 5627 625 5697 ἀθλητήν.
654 5624 787 5679 Μετ’
817 5626 997 5677 ἐκεῖνα
1019 5623 1192 5677 πάντα
1215 5624 1431 5693 καιρίαν
1455 5623 1511 5674 ἐν
1533 5622 1607 5692 τῷ
1630 5623 1839 5692 σώματι
1859 5623 1945 5679 δε·-

438 5711 455 5731 ⁸
493 5713 589 5753 Mn
621 5718 736 5767 mss.
759 5703 916 5756 αὐτοῖς
939 5705 1032 5767 τῶν
1072 5701 1414 5767 Ἱεροσοὶύμων
1436 5703 1577 5765 χωρὶς
1601 5702 1750 5751 οὐδέν.

428 5776 461 5811 ὶι
481 5768 565 5816 8m
580 5769 627 5814 il.
655 5766 787 5813 addit
802 5767 895 5810 τῶν
916 5765 1173 5813 κολάσεων.

430 5834 449 5855 ¹’
470 5828 687 5874 Ἰ·,κξένιο)ν
714 5831 856 5879 9ΆΥῘΙ.

3456 272 3571 330 95G

1991 385 2223 459 ξάμενος
2241 388 2338 460 τὴν
2355 390 2590 462 πληγὴν,
2611 392 2895 463 σκώληκας
2918 391 3063 462 ἐώρα
3084 390 3345 446 πάντοθεν
3371 390 3567 463 βρύον.-

1986 489 2087 536 τας
2118 472 2226 526 ἀπὸ
2261 471 2354 526 τοῦ
2391 472 2660 545 σώματος,
2696 477 2789 529 καὶ
2815 476 3018 545 γυμνὸς
3048 476 3139 527 ἐπὶ
3168 475 3267 544 τῆς
3290 474 3566 546 κοπρίαςά
3604 490 3611 499 ί

1986 555 2242 627 ἐκάθητο,
2258 556 2433 610 κοινὸν
2453 559 2563 621 τοῖς
2594 558 2829 629 παροῦσι
2854 559 3138 628 συμφορᾶς
3168 556 3416 629 θέατρον,
3436 559 3464 610 6
3487 557 3566 608 δί-

1988 654 2161 702 καιος,
2212 642 2241 693 6
2273 639 2547 711 ἀληθινὸς,
2595 645 2623 696 ό
2657 641 2936 712 θεοσεϐὴς,
2994 644 3021 695 ὁ
3067 642 3407 712 ἀπεχόμενος
3457 641 3568 694 ἁπδ

1987 723 2188 787 παντὸς
2223 725 2460 795 πονηροῦ
2494 726 2833 796 πράγματος.
2873 725 3130 778 Καὶῗούδέ
3167 724 3330 796 μέχρι
3361 723 3567 778 τούτων

1987 805 2119 876 ἐστη
2152 805 2220 860 τὰ
2254 806 2438 861 δεινά·
2485 808 2600 862 ἀλλ’
2635 809 2817 862 ὀδύναι
2855 808 3217 880 μεθημεριναὶ
3250 810 3344 862 καὶ
3368 819 3566 862 νυκτε-

1991 892 2154 963 ριναὶ,
2197 894 2294 945 καὶ
2348 892 2502 963 λιμός
2553 910 2638 951 τις
2690 894 2851 947 αὐτόν
2906 894 3212 965 ἐπολιόρκει
3273 893 3423 960 ξένος
3473 896 3569 947 καὶ

1987 975 2311 1048 παράδοξος.
2351 974 2595 1045 Βρῶμον
2623 976 2752 1049 γὰρ,
2792 976 2975 1046 φησὶν,
3010 977 3125 1046 ὁρῶ
3161 977 3232 1032 τὰ
3261 975 3400 1032 σῖτά
3422 994 3566 1045 μου.

1987 1058 2162 1129 ὀνείδη
2202 1057 2566 1129 καθημερινὰ,
2623 1059 2928 1129 χλευασίαι,
2982 1059 3314 1131 σκώμματα,
3370 1060 3564 1128 γέλως.

1988 1145 2051 1198 Οί
2092 1142 2300 1197 οἰκέται
2331 1141 2441 1213 γάρ
2475 1158 2600 1212 μου,
2636 1144 2789 1214 φησὶ,
2823 1142 2916 1196 καὶ
2946 1145 2994 1196 οἱ
3030 1144 3134 1197 υἱοὶ
3168 1143 3274 1196 τῶν
3306 1142 3570 1196 παλλακί-

1986 1226 2092 1282 δων
2122 1242 2221 1296 μου
2257 1224 2632 1295 ἐπανέστησάν
2665 1240 2775 1295 μοι,
2820 1228 2876 1278 ἐν
2914 1226 3182 1289 ἐνυπνίοις
3218 1225 3393 1295 φόϐοι,
3432 1224 3566 1294 ζάλη

1986 1327 2072 1374 τις
2109 1309 2383 1379 λογισμῶν
2412 1308 2682 1378 διηνεκὴς.
2734 1307 2872 1361 Ἀλλ’
2900 1309 3047 1378 ὅμως
3082 1308 3284 1362 τούτοιν
3315 1308 3569 1363 ἁπάντων

1988 1392 2310 1464 ἀπαλλαγὴν
2342 1390 2706 1461 ἐπηγγέλλετο
2742 1393 2775 1461 ἡ
2818 1392 2955 1463 γυνὴ
2978 1391 3221 1460 ,λέγουσα
3244 1392 3435 1455 οὕτως,
3472 1388 3569 1445 Εἷ-

1991 1478 2108 1531 πόν
2140 1494 2194 1530 τι
2215 1474 2383 1545 ῥῆμα
2414 1474 2564 1542 πρὸς
2594 1474 2701 1529 τὸν
2729 1475 2965 1543 Κύριον,
3000 1472 3569 1528 καὶτε.1εύτα.Β)ασρ

1990 1566 2263 1636 φήμησον,
2336 1558 2492 1628 φησὶ,
2537 1558 2630 1611 καὶ
2666 1557 3026 1629 ἀπαλλαγήσῃ
3064 1556 3173 1610 τῶν
3210 1557 3570 1624 ἐπικειμένων

1994 1635 2191 1697 πόνων.
2217 1643 2285 1695 Τί
2302 1635 2396 1695 οὖν
2420 1658 2433 1705 ;
2463 1640 2772 1713 παρέτρεφε
2796 1641 2887 1693 τὸν
2909 1641 3063 1708 ἅγιον
3089 1643 3294 1694 ἐκεῖνον
3323 1652 3345 1678 θ
3377 1644 3408 1710 ἡ
3439 1658 3574 1711 συμτ

1994 1725 2159 1795 ϐουλή
2180 1743 2196 1791 ;
2221 1719 2542 1778 Τούναντίον
2574 1724 2673 1797 μέν
2698 1719 2791 1777 οὖν
2824 1724 2918 1777 καὶ
2949 1724 3193 1793 ἐποίησε,
3216 1725 3308 1775 καὶ
3329 1723 3574 1793 ἐπέρρω-

1982 1819 2058 1863 ’σε
2110 1806 2371 1880 μειζόνως
2410 1806 2591 1872 αὐτὸν,
2634 1807 2710 1869 ὡς
2746 1807 2841 1860 καὶ⁸
2873 1805 3194 1875 ἐπιτιμῆσαι
3231 1804 3573 1876 τῇηγυναικᾷ

2006 1894 2222 1964 ᾝρεῖτο
2262 1889 2372 1962 γὰρ
2405 1890 2604 1961 μᾶλλον
2644 1888 2931 1943 ὀδυνᾶσθαι
2977 1888 3075 1941 καὶ
3112 1886 3575 1958 ταλαιπωρεῖσθαι

1998 1976 2099 2030 καῖ’
2132 1974 2302 2047 μυρία
2349 1973 2579 2044 πάσχειν
2614 1972 2782 2037 δεινὰ,
2832 1973 2866 2043 ἢ
2913 1972 3051 2043 μετά
3086 1972 3447 2043 βλασφημίας,
3473 1973 3577 2025 ἀπ-

1997 2058 2237 2128 αλλαγήν
2268 2074 2387 2111 τινα
2425 2057 2533 2111 τῶν
2565 2055 2834 2110 τοσούτων
2877 2055 3135 2127 εὑρέσθαι
3176 2054 3379 2109 κακῶν.
3421 2055 3579 2109 Οὕτω

1997 2144 2092 2197 καὶ
2125 2144 2154 2195 6
2181 2138 2617 2214 τριακονταοκτῶ
2646 2139 2740 2209 ἔτη
2770 2138 2908 2208 ἔχων
2935 2140 2992 2190 ἐν
3026 2142 3090 2210 τῇ
3124 2138 3375 2208 ἀσθενείᾳ
3413 2137 3577 2192 αὐτοῦ

1998 2226 2119 2280 καθ’
2148 2224 2376 2278 ἕκαστον
2410 2222 2653 2275 ἐνιαυτὸν
2678 2221 2897 2293 ἔτρεχεν
2928 2220 3018 2274 ἐπὶ
3044 2221 3139 2292 τὴν
3169 2220 3581 2294 κολυμϐήθραν,

1998 2308 2093 2361 καὶ
2142 2306 2262 2361 καθ’
2310 2305 2539 2360 ἕκαστον
2583 2302 2921 2377 ἐξεκρούετο,
2979 2303 3074 2357 καὶ
3129 2304 3425 2376 θεραπείας
3479 2305 3581 2359 ούκ

1999 2390 2293 2460 ἐτύγχανεν
2321 2388 2343 2427 τ
2379 2405 2392 2420 ·
2429 2387 2545 2442 ἀλλ’
2590 2388 2810 2460 ἐτέρους
2855 2386 2952 2456 μὲν
3005 2386 3151 2458 ἐώρα
3199 2386 3320 2440 καθ’
3349 2384 3600 2440 ’ἑκαστοιῖ

1999 2472 2244 2529 ἐνιαυτόν
2282 2471 2795 2541 ἀπαλλαττομένους
2815 2468 2903 2523 διὰ
2931 2470 2993 2522 τὸ
3021 2470 3248 2533 πολλοὺς
3281 2469 3422 2540 ἔχειν
3455 2474 3597 2534 τοὺς

2001 2556 2420 2628 θεραπεύοντας,
2451 2555 2614 2607 αὐτόν
2653 2571 2711 2607 τε
2755 2550 2845 2607 διὰ
2880 2553 2977 2624 τὴν
3024 2551 3257 2623 ἐρημίαν
3296 2552 3403 2605 τῶν
3447 2568 3583 2621 προτ

2002 2639 2350 2712 στησομένων
2391 2638 2448 2691 ἐν
2484 2638 2722 2709 διηνεκεῖ
2764 2638 2995 2708 μένοντα
3034 2636 3291 2708 παρέσει-
3319 2636 3429 2689 Καὶ
3462 2634 3585 2689 ούδέ
3616 2659 3619 2662 ⁴

1999 2722 2170 2786 οὓτως
2225 2722 2458 2793 ἔδραμεν
2507 2721 2600 2774 ἐπὶ
2643 2721 2884 2792 μάντεις,
2919 2715 3180 2790 ούκ-ἦ).θε
3230 2719 3365 2789 πρὸς
3397 2720 3624 2772 ἐπαοιξο

2000 2804 2143 2868 δοὺς,
2175 2805 2274 2857 οὐκ
2309 2803 2539 2874 ἐπέδησε
2571 2803 2867 2873 περίαπτα,
2904 2803 3018 2857 ἀλλ’
3050 2802 3279 2872 ἀνέμενε
3311 2801 3409 2872 τὴν
3434 2803 3621 2871 παρὰ..

2000 2886 2096 2940 τοῦ
2145 2886 2281 2939 Θεοῦ
2326 2885 2595 2957 βοὴθειαψ
2644 2886 2730 2938 δῐά
2777 2884 2934 2938 τοῦτο
2984 2886 3120 2956 πρὸς
3161 2884 3238 2955 τῷ
3275 2885 3415 2937 τέλει
3458 2884 3587 2940 θαυ-

2007 2968 2221 3041 μαστῆς
2242 2985 2385 3032 τινος
2418 2968 2514 3022 καὶ
2544 2967 2846 3039 παραδόξου
2877 2967 3173 3037 θεραπείας
3199 2967 3405 3037 ἔτυχεν.
3444 2967 3504 3020 '0
3526 2966 3596 3019 δὲ.

2003 3054 2254 3124 Λάζαρος
2273 3051 2417 3124 λιμῷ
2438 3052 2532 3105 καὶ
2564 3052 2704 3121 νόσῳ
2735 3052 2827 3103 καὶ
2853 3051 3057 3122 ἐρημίᾳ
3078 3050 3254 3103 πάντα
3283 3050 3370 3103 τὸν
3395 3049 3608 3120 χρόνοι

2006 3136 2315 3201 ἐπάλαισεν,
2350 3136 2411 3188 ού
2442 3131 2878 3205 τριακονταοκτὼ
2907 3131 3000 3202 ἔτη
3039 3132 3177 3201 ἔχων
3228 3131 3407 3202 μόνον,
3450 3131 3592 3188 ἀλλὰ.

2007 3222 2189 3274 πᾶσαν
2221 3218 2320 3290 τὴν
2362 3218 2527 3289 ζωήνο
2572 3216 2713 3270 οὓτω
2754 3214 2883 3284 γοῦν
2936 3215 3031 3269 καὶ
3064 3213 3383 3279 ἐξέπνευσεν
3420 3217 3477 3268 ἐν
3513 3208 3601 3279 τίξιξ⁹

2010 3301 2216 3357 πυλῶνι
2279 3301 2532 3372 κείμενος
2579 3299 2674 3353 τοῦ
2728 3297 3006 3361 πλουσίου,
3063 3298 3596 3370 καταφρονούμενος,

2010 3386 2423 3457 χλευαζόμενος,
2463 3381 2768 3452 λιμώττων,
2806 3384 2916 3445 τοίς
2955 3381 3081 3434 κυσὶ
3120 3381 3255 3451 βορά
3299 3380 3595 3452 προκείμε-

2011 3486 2121 3533 νος.
2163 3467 2318 3523 Οὖτω
2355 3466 2464 3538 γὰρ
2496 3465 2659 3519 αὑτοῦ
2702 3466 2726 3504 ε
2760 3464 2822 3518 τὸ
2855 3463 3015 3534 σῶμα
3060 3468 3306 3536 παρεῖτο,
3340 3465 3415 3527 ὠς
3456 3464 3623 3534 μηδέε

2014 3551 2300 3606 ἀποσοϐεῖν
2320 3548 2576 3603 δύνασθαι
2604 3549 2727 3610 τοὺς
2762 3545 2926 3609 κύνας
2953 3546 3201 3610 ἐπιόντας
3233 3547 3328 3600 καὶ
3346 3547 3414 3599 τά
3436 3547 3595 3617 τραύ-

2019 3651 2164 3707 ματα
2203 3632 2367 3687 αὑτοῦ
2410 3631 2808 3702 λιχμωμένους.
2853 3629 2991 3682 mw
3021 3630 3170 3700 ὅμως
3206 3630 3306 3683 ούκ
3346 3631 3615 3683 ἐπαοιδὺν.

2016 3718 2300 3789 ἐζήτησεν,
2329 3716 2395 3768 ού
2416 3715 2626 3767 πέταλα
2651 3712 2937 3784 περιῆψεν,
2959 3713 3023 3765 ού
3050 3713 3384 3783 μαγγανείας
3413 3713 3609 3782 ἐκίνηπ

2019 3818 2133 3867 σεν,
2177 3800 2236 3852 ού
2287 3799 2488 3868 γόητας
2529 3795 2665 3866 πρὸς
2705 3794 2894 3848 ἐαυτὸν
2933 3795 3210 3859 ἐκάλεσεν,
3252 3796 3351 3849 ούκ
3384 3796 3511 3851 ἄλλο
3545 3815 3611 3849 τι

2019 3884 2126 3939 τῶν
2161 3882 2553 3952 κεκωλυμένων
2592 3879 2867 3948 ἐποίησεν,
2900 3877 3013 3930 ἀλλ’
3047 3878 3217 3931 εἵλετο
3253 3879 3450 3949 μᾶλλον
3486 3882 3612 3942 τοῖς,

2021 3969 2210 4030 κακοῖς
2234 3962 2580 4017 ἐναποθανεῖν
2611 3959 2859 4023 ἐκείνοις,
2891 3959 2941 4030 ἢ
2960 3960 3058 4029 τῆς
3084 3961 3364 4024 εὐσεϐείας
3401 3961 3622 4032 μικρόν1

2020 4068 2072 4103 τι
2129 4047 2412 4119 προδοῦναι
2462 4045 2645 4116 μέρος.
2689 4043 2822 4095 Τίνα
2882 4037 2973 4095 οὖν
3026 4041 3219 4112 ’έξομεν
3268 4044 3599 4116 συγγνώμην

2023 4135 2203 4205 ἡμεῖς,
2254 4133 2303 4184 εἰ
2345 4130 2581 4184 τοσαῦτα
2630 4126 2942 4196 πασχόντων
2993 4126 3215 4179 ἐκείνων
3263 4126 3357 4179 καὶ
3401 4145 3598 4198 καρτε-

2028 4216 2263 4289 ρούντων
2314 4215 2346 4286 ἢ
2394 4213 2481 4268 διὰ
2523 4211 2755 4281 πυρετὸν
2799 4208 2831 4280 ἢ
2875 4209 2962 4262 διά
2987 4207 3297 4279 τραύματα,
3333 4210 3630 4281 τρέχομεν,

2027 4301 2120 4354 ἐπὶ
2152 4296 2498 4368 συναγωγὰς,
2533 4297 2626 4349 καὶ
2656 4295 2781 4355 τοὺς
2825 4293 3145 4361 φαρμακοὺς
3174 4292 3279 4345 καί
3296 4293 3496 4363 γόητας
3524 4297 3633 4360 εἰς,

2027 4382 2125 4446 τὰς
2155 4380 2329 4443 οἰκίας
2360 4378 2630 4448 καλοῦμεν
2658 4377 2752 4439 τὰς
2779 4374 3016 4440 ἑαυτῶνς
3043 4375 3156 4427 Ούκ
3184 4373 3343 4446 [6851
3366 4370 3621 4446 ﬁxouaa;

2027 4465 2080 4517 τί
2108 4480 2271 4535 φησιν
2302 4464 2339 4534 ἡ·
2376 4462 2596 4534 Γραφή;
2651 4458 2885 4520 Τέκνον,
2917 4456 3025 4511 ἐᾶν
3052 4457 3079 4495 ιι
3115 4457 3421 4527 προσέρχῃ
3463 4458 3610 4514 δου-

2030 4549 2234 4602 λεύειν
2279 4546 2494 4614 Κυρίῳ,
2549 4542 2871 4611 ἔτοίμαοτον
2918 4539 3034 4607 τὴν
3096 4539 3308 4609 ψυχήν
3355 4558 3472 4596 σου
3518 4546 3606 4609 είς

2032 4628 2385 4699 πειρασμὸν,
2411 4628 2669 4682 εὔθυνον
2696 4623 2811 4693 τὴν
2838 4623 3090 4692 καρδίαν
3116 4640 3255 4688 σου,
3279 4624 3376 4677 καὶ
3403 4626 3608 4693 καρτέ-

2026 4730 2242 4783 ρησω·
2273 4712 2342 4766 ὲν
2373 4714 2536 4779 νόσῳ
2562 4708 2665 4763 καί
2689 4709 2866 4774 πενίᾳ
2895 4707 2988 4759 ἐπ’
3019 4706 3178 4771 αὐτῷ
3208 4709 3504 4773 πεποιθὼς
3523 4709 3609 4776 γί-

2033 4815 2163 4852 νου.
2204 4797 2431 4860 ’Ὠσπερ
2477 4794 2589 4863 γὰρ
2625 4793 2695 4846 ἐν
2733 4792 2873 4859 πυρὶ
2918 4787 3283 4859 δοκιμάζεται
3328 4791 3605 4859 χρυσίον,

2035 4880 2224 4946 οὕτως
2248 4879 2556 4946 ἅνθρωπος
2585 4875 2793 4941 δεκτὸς
2824 4875 2894 4928 ἐν
2926 4875 3153 4942 καμίνῳ
3177 4872 3615 4939 ταπεινώσεως.

2037 4954 2139 5016 ’Ἂν
2166 4963 2230 5015 σὺ
2271 4961 2362 5015 τὸν
2388 4958 2602 5031 οἰκέτην
2645 4956 2909 5028 μαστίξῃς
2959 4955 3049 5009 τὸν
3098 4955 3210 5020 σὸν,
3238 4951 3370 5011 εἶτα
3403 4958 3610 5017 ἐκεῖνος

2036 5046 2332 5116 τριάκοντα
2388 5043 2420 5113 ἢ
2469 5042 2810 5114 πεντήκοντα
2860 5038 3040 5092 λαϐὼν
3108 5037 3342 5107 πληγὰς,
3410 5037 3611 5100 εὐθέως

2038 5126 2347 5198 ἐλευθερίαν
2369 5126 2665 5196 ἀναϐοήσῃ,
2689 5124 2722 5194 ἢ
2748 5121 3018 5192 καταλίπῃ
3044 5137 3137 5173 σου
3159 5120 3257 5191 την
3277 5118 3614 5185 δεσποτείαν,

2039 5211 2132 5265 καὶ
2172 5211 2307 5281 προς
2345 5204 2564 5282 ἐτέρους
2602 5206 2753 5270 τινὰς
2794 5205 3002 5275 ἀπέλθῃ
3044 5203 3151 5256 τῶν
3188 5202 3487 5274 μισούντων
3531 5218 3614 5268 σε,

2041 5294 2134 5348 καὶ
2160 5292 2455 5366 παροξύνῃυ
2489 5288 2595 5363 ἆρα
2622 5290 2908 5359 δυνήσεται
2937 5284 3267 5357 συγγνώμης
3305 5287 3508 5356 τυχεῖν,
3536 5287 3615 5336 εἰ·

2042 5376 2110 5429 πέ
2155 5393 2280 5446 μοι;
2311 5372 2418 5446 ἆρα
2447 5373 2733 5443 δυνήσεται
2771 5367 3212 5439 ἀπολογήσασθαί
3241 5385 3323 5428 τις
3351 5366 3491 5437 ὑπὲρ
3517 5367 3618 5420 αύὲ

2042 5458 2168 5524 τοῦ;
2210 5456 2490 5529 Οὐδαμῶς.
2533 5457 2598 5508 Τί
2635 5455 2869 5525 δήποτε;
2916 5453 3037 5506 Ὀτι
3073 5451 3348 5524 προσῆκον
3387 5450 3631 5525 δεσπότῃ

2105 5562 2131 5602 d
2155 5565 2235 5612 Sic
2258 5562 2407 5611 Savil.
2434 5562 2616 5609 rectius
2636 5572 2781 5621 quam
2826 5556 2995 5607 Moull‘.
3039 5557 3112 5606 ἐπὶ
3133 5553 3454 5621 τήνκοπρίαν.
3478 5551 3617 5603 Enn.

2109 5623 2291 5673 “Addit
2315 5624 2464 5671 Savil.
2489 5628 2572 5679 τῆς
2594 5620 2824 5682 γυναικός.
3342 5620 3345 5621 ⁷
3522 5624 3528 5629 ”

2109 5692 2134 5755 ξ
2207 5688 2257 5734 lii
2282 5684 2604 5755 ἐπετύγχανενἶ

2109 5748 2134 5789 8
2162 5747 2294 5809 Unus
2320 5748 2471 5795 (ξοιινλ
2497 5747 2642 5809 αὐτῷ.

2112 5809 2135 5849 δ
2280 5810 2336 5857 εἰ.
