4046 6146
335 234 439 288 937

336 344 612 403 famulum.
653 345 772 404 Non
808 348 880 406 ob
912 350 968 408 id
997 358 1200 409 tantum
1225 394 1243 413 .
1274 372 1457 414 verum
1484 363 1643 416 etiam
1670 364 1739 418 ob
1767 362 1896 430 hoc,

334 437 498 508 quod,
542 439 586 494 si
631 438 932 512 fugiendum
977 455 1115 513 erat,
1159 461 1263 502 non
1305 449 1374 504 ad
1414 450 1595 508 hostes
1631 461 1687 508 et
1721 471 1905 510 osores

333 529 532 584 domini
558 531 747 600 prioris
771 536 1049 604 oportebat
1072 535 1274 608 fugere,
1305 540 1398 595 sed
1424 542 1490 597 ad
1510 544 1709 599 amicos
1733 556 1789 601 et
1813 561 1903 601 co-

327 627 539 690 gnatos.

402 709 711 767 Sanctorum
764 713 1052 787 Martyrum
1097 717 1345 774 inventio
1397 729 1446 776 et
1492 721 1800 777 intercessio.
1831 754 1904 766 -—

331 799 561 856 Proinde
605 811 661 858 tu
701 819 952 875 quoque,
993 807 1039 862 si
1078 808 1275 864 videris
1303 818 1354 866 te
1381 812 1553 881 puniri
1583 827 1613 867 a
1644 814 1790 880 Deo,
1835 831 1903 872 ne

332 890 597 962 profugias
622 892 689 947 ad
731 894 846 965 ejus
871 895 1114 954 inimicos
1152 898 1399 967 Iudaeos,
1444 917 1513 957 ne
1549 904 1715 974 magis
1741 905 1902 960 etiam

330 982 477 1036 illum
506 981 559 1037 in
588 990 640 1038 te
661 998 952 1053 provoces:
975 987 1070 1042 sed
1115 988 1182 1044 ad
1226 990 1429 1047 amicos
1454 992 1614 1059 illius,
1643 1003 1902 1066 martyres

329 1090 392 1129 ac
420 1083 668 1143 sanctos,
699 1077 788 1145 qui
818 1076 891 1132 illi
930 1078 1273 1148 placuerunt,
1300 1084 1494 1155 quique
1520 1086 1738 1139 multam
1762 1085 1902 1155 apud

329 1165 474 1219 illum
503 1166 700 1222 habent
721 1170 1108 1228 auctoritatem.
1126 1173 1231 1229 Sed
1254 1176 1380 1245 quid
1403 1177 1589 1247 loquor
1601 1176 1669 1231 de
1690 1177 1903 1235 famulis

328 1263 382 1310 et
417 1255 597 1311 heris?
626 1258 793 1314 Filius
830 1275 938 1316 non
960 1264 1156 1334 poterit
1184 1264 1286 1321 hoc
1312 1265 1516 1331 facere,
1556 1269 1842 1339 castigatus
1869 1284 1900 1324 a

332 1356 499 1415 patre,
533 1362 634 1403 nec
671 1349 931 1420 abnegare
961 1356 1328 1424 cognationem
1353 1395 1368 1419 ,
1398 1372 1556 1426 quam
1590 1357 1748 1412 habet
1779 1372 1901 1414 cum

333 1445 499 1504 patre.
542 1437 673 1493 Nam
700 1447 755 1494 et
777 1448 980 1496 natura:
1008 1442 1184 1514 leges,
1230 1453 1285 1498 et
1322 1446 1464 1515 leges
1491 1445 1559 1500 ab
1599 1446 1901 1504 hominibus

330 1525 598 1591 institutzn,
625 1530 832 1585 etiamsi
860 1531 1042 1602 ﬂagris
1069 1535 1237 1589 cazdat
1265 1545 1431 1604 pater,
1460 1537 1505 1591 si
1531 1551 1560 1590 a
1592 1552 1775 1592 mensa
1802 1538 1899 1593 de-

333 1615 513 1684 pellat,
541 1618 586 1671 si
608 1619 812 1674 aedibns
839 1622 1033 1692 exigat,
1073 1624 1118 1678 si
1146 1640 1477 1696 quocumque
1500 1628 1660 1683 modo
1688 1632 1900 1698 puniat,

323 1705 512 1777 jubcnt
539 1710 717 1765 omnia
755 1709 963 1768 fortiter
992 1716 1231 1785 perpeti,
1277 1732 1378 1773 nec
1400 1719 1557 1775 ullam
1585 1720 1660 1774 illi
1690 1722 1900 1777 veniam

328 1797 659 1867 concedunt,
697 1801 751 1854 ni
779 1804 1011 1871 paruerit
1040 1805 1440 1878 pertuleritque.
1485 1810 1623 1875 Quin
1665 1814 1826 1867 etiam
1855 1814 1900 1868 si

330 1888 471 1945 filius
492 1906 663 1947 caesus
688 1893 993 1952 innumeras
1020 1899 1379 1968 querimonias
1407 1902 1693 1975 deplorans
1722 1905 1901 1975 profe-

328 1986 431 2047 rat,
460 1978 574 2036 hznc
602 1983 761 2038 verba
787 1985 937 2040 audit
961 1986 1028 2041 ab
1048 1989 1293 2046 omnibus
1317 2009 1333 2050 :
1360 2005 1510 2064 pater
1528 2006 1609 2051 est
1631 1998 1721 2067 qui
1756 1999 1901 2053 ceci-

327 2069 404 2125 dit
427 2085 490 2125 ac
513 2071 779 2142 dominus,
824 2076 1089 2149 habetque
1122 2094 1440 2150 pOIestatem
1470 2086 1519 2140 in
1552 2096 1603 2142 te
1627 2088 1766 2157 quod
1792 2088 1904 2144 vult

325 2157 575 2230 faciendi,
604 2172 657 2218 et
683 2175 896 2235 oportet
921 2168 1099 2224 omnia
1127 2175 1334 2244 placide
1361 2175 1520 2232 ferre.
1550 2177 1693 2250 Ergo
1718 2178 1903 2235 famuli

325 2253 537 2325 quidem
575 2254 751 2312 ferunt
789 2259 1070 2329 dominos,
1121 2263 1219 2321 ﬁlii
1272 2277 1553 2338 parentes,
1601 2271 1906 2341 frequenter

324 2353 380 2402 et
422 2357 618 2416 praeter
650 2364 859 2419 aequum
903 2354 1221 2425 punientes;
1273 2368 1327 2415 tu
1357 2375 1484 2415 vero
1519 2375 1625 2416 non
1673 2362 1904 2418 sustines

324 2435 490 2492 Deum
537 2446 588 2494 te
616 2441 1029 2513 corripientem,
1078 2450 1172 2520 qui
1212 2450 1333 2521 plus
1376 2450 1538 2508 habet
1576 2454 1628 2508 in
1656 2461 1711 2509 te
1731 2454 1900 2524 juris,

323 2535 506 2597 utpote
531 2544 655 2584 vere
681 2531 957 2600 dominus;
1003 2541 1093 2606 qui
1126 2541 1244 2611 plus
1273 2552 1323 2598 te
1352 2544 1524 2613 diligit
1545 2560 1703 2615 quam
1732 2553 1901 2615 pater,

322 2618 519 2690 quique
548 2621 676 2676 nihil
708 2638 801 2690 per
823 2624 1175 2700 iracundiam,
1204 2634 1296 2688 sed
1323 2636 1499 2690 omnia
1528 2635 1651 2692 facit
1677 2637 1728 2691 in
1758 2646 1900 2692 tuam

323 2709 641 2768 utilitatem?
663 2712 769 2769 Sed
794 2715 837 2770 si
860 2715 991 2772 levis
1015 2722 1207 2794 aliquis
1227 2725 1446 2781 morbus
1465 2727 1739 2794 acciderit,
1760 2729 1902 2784 illico

321 2800 567 2857 resiliens
592 2804 660 2859 ab
685 2804 824 2860 illius
851 2806 1092 2869 dominio
1113 2856 1129 2882 ,
1170 2815 1237 2870 ad
1259 2814 1527 2874 dmmones
1557 2820 1788 2875 accurris
1807 2862 1820 2887 ,
1849 2828 1904 2874 et

322 2889 390 2946 ad
436 2906 731 2967 synagogas
777 2897 1076 2970 confugis?
1116 2905 1183 2960 Et
1217 2923 1374 2978 quam
1429 2907 1642 2965 tandem
1692 2911 1900 2965 veniam

322 2990 696 3059 consequeris?
722 2991 840 3059 Quo
866 3005 1022 3063 pacto
1056 3001 1258 3058 valebis
1282 3003 1432 3058 illum
1453 3003 1630 3059 denuo
1656 3005 1750 3060 tibi
1783 3019 1905 3075 pro-

322 3077 507 3147 Ρῖιίυηι
539 3080 803 3138 reddere?
831 3083 968 3151 Qnin
998 3092 1180 3157 potius
1206 3107 1306 3149 nec
1331 3094 1470 3150 alius
1498 3095 1775 3167 quisquam
1805 3110 1902 3166 pro

323 3176 374 3222 te
400 3168 675 3240 deprecari
705 3176 919 3243 poterit,
967 3182 1182 3239 etiamsi
1220 3191 1427 3240 tantum
1454 3185 1632 3242 valeat
1669 3186 1902 3242 auctori-

321 3278 427 3323 tate
451 3308 464 3333 ,
492 3280 746 3338 quantum
769 3269 963 3324 Moses.
993 3269 1108 3324 Non
1135 3278 1251 3339 est,
1273 3271 1362 3342 qui
1387 3273 1485 3327 hoc
1513 3273 1689 3330 facere
1714 3278 1902 3345 possit.

319 3360 431 3415 Non
455 3359 605 3414 audis
625 3359 751 3430 quid
774 3361 912 3415 Deus
930 3361 1174 3431 loquatur
1196 3361 1262 3417 ad
1281 3361 1564 3418 Jeremiam
1587 3364 1903 3423 deJudaais?

321 3450 403 3505 Ne
443 3451 725 3521 depreceris
767 3467 858 3522 pro
906 3452 1096 3521 populo
1135 3453 1231 3506 isto
1250 3495 1264 3516 ,
1315 3454 1552 3523 quoniam
1597 3457 1644 3510 si
1677 3460 1902 3514 steterint

320 3544 488 3599 Moses
515 3554 559 3598 et
588 3543 821 3606 Samuel,
857 3561 958 3598 non
985 3544 1251 3598 exaudiam
1288 3545 1406 3600 illos
1436 3545 1582 3619 (Jer.
1615 3549 1667 3603 7.
1716 3550 1804 3606 16.
1853 3563 1903 3607 et

320 3636 509 3699 {5.1).
541 3636 690 3691 Adeo
717 3644 841 3689 sunt
867 3645 1079 3704 peccata
1101 3651 1314 3691 omnem
1340 3639 1709 3699 remissionem
1737 3656 1900 3712 supe-

316 3728 507 3792 rantia,
534 3742 757 3796 quaeque
777 3727 972 3781 nullam
993 3727 1249 3797 recipiant
1272 3729 1688 3785 excusationem.
1720 3733 1901 3803 itaque

316 3835 384 3874 ne
412 3829 609 3874 tantam
638 3834 736 3874 nos
761 3833 1111 3889 provocemus
1162 3818 1313 3873 iram.
1364 3819 1586 3875 Etiamsi
1626 3823 1767 3878 enim
1814 3824 1899 3878 vi-

314 3911 540 3965 deantur
589 3910 749 3980 aliqui
805 3908 1009 3965 febrem
1062 3908 1469 3965 incantamentis
1524 3912 1744 3981 sedare,
1792 3929 1897 3970 non

313 4003 455 4059 enim
498 4017 627 4058 vere
668 4002 899 4058 sedant:
933 4011 1109 4056 tamen
1137 4001 1294 4056 aliam
1339 4001 1790 4060 vehementiorem
1842 4007 1896 4061 in

318 4096 698 4154 conscientiam
742 4097 997 4154 inducunt
1033 4098 1254 4165 febrem,
1309 4098 1519 4153 ratione
1559 4098 1798 4169 quotidie
1844 4108 1897 4156 te

318 4190 664 4255 stimulante,
710 4191 1142 4262 conscientiaque
1186 4191 1488 4263 ﬂagellante
1531 4208 1597 4249 ac
1641 4193 1889 4250 dicente:

317 4279 484 4349 impie
533 4278 739 4346 fecisti,
796 4281 973 4350 inique
1032 4283 1224 4353 egisti,
1286 4284 1494 4341 violasti
1542 4283 1718 4342 foedus
1769 4301 1893 4343 cum

313 4370 569 4437 Christo;
608 4371 676 4426 ob
716 4371 987 4440 paululum
1031 4373 1270 4429 adversm
1297 4376 1615 4433 valetudinis
1642 4381 1891 4448 pietatem

317 4462 620 4519 deseruisti.
646 4462 783 4518 Num
812 4471 869 4518 tu
891 4462 1036 4518 solus
1079 4462 1196 4518 haec
1220 4478 1407 4533 passus
1435 4466 1529 4521 es?
1581 4468 1771 4523 Annon
1800 4469 1892 4524 alii

317 4555 487 4610 multo
514 4569 674 4625 quam
701 4563 757 4610 tu
781 4556 1055 4611 acerbiora
1082 4557 1225 4625 passi
1253 4558 1409 4611 sunt?
1438 4557 1686 4615 Attamen
1714 4561 1890 4617 nullus

316 4643 528 4701 illorum
558 4646 662 4700 tale
685 4645 811 4717 quid
840 4660 1001 4702 ausus
1025 4687 1038 4713 ,
1070 4653 1129 4701 tu
1152 4661 1280 4701 vero
1306 4648 1483 4703 mollis
1516 4663 1578 4702 ac
1605 4649 1894 4707 dissolutus

314 4737 548 4793 animam
570 4746 710 4792 tuam
730 4740 995 4795 mactasti.
1013 4739 1292 4808 Quomodo
1306 4741 1642 4796 excusaberis
1658 4743 1893 4799 Christo?

315 4828 591 4896 Quomodo
611 4830 760 4885 illum
787 4830 1096 4899 implorabis
1125 4832 1410 4901 precibus?
1429 4834 1542 4901 Qua
1567 4834 1889 4891 conscientia

292 4917 538 4999 ‘posthac
562 4918 876 4989 ingredieris
900 4921 1232 4978 Ecclesiam?
1256 4923 1458 4991 Quibus
1493 4926 1660 4980 oculis
1685 4925 1890 4983 videbis

314 5008 686 5065 sacerdotem?
728 5010 843 5078 Qua
890 5028 1047 5067 manu
1090 5028 1296 5069 sacram
1343 5017 1572 5085 attinges
1608 5020 1892 5074 mensam?

313 5098 516 5166 Quibus
544 5100 760 5156 auribus
788 5102 971 5157 audies
997 5104 1299 5174 Scripturas
1327 5123 1446 5177 quae
1470 5108 1580 5163 illic
1609 5110 1889 5180 leguntur?

386 5193 438 5248 7.
460 5193 835 5250 Incantationes
867 5206 913 5250 et
945 5196 1184 5267 ligamina
1216 5200 1271 5253 in
1292 5200 1475 5256 morbis
1508 5218 1607 5256 non
1641 5203 1888 5259 adhiben-

314 5287 402 5339 da.
432 5287 647 5342 --iia:c
683 5287 918 5359 quotidie
953 5304 1193 5360 pungens
1237 5300 1291 5346 te
1326 5293 1485 5359 ratio,
1513 5292 1891 5367 ﬁageliansque

307 5381 688 5445 conscientiam
730 5381 770 5449 ί,
810 5380 968 5438 dicet.
1019 5382 1148 5450 Quae
1194 5384 1355 5455 igitur
1393 5387 1508 5442 haec
1540 5396 1626 5443 est
1665 5390 1885 5459 sanitas,

374 5554 717 5632 tamquam?
738 5563 856 5632 73.3.5.
907 5556 1117 5632 legitur:
1145 5559 1276 5632 Ratio
1317 5561 1391 5614 sic
1442 5572 1489 5618 te
1520 5580 1734 5632 punng
1775 5582 1887 5623 con-

309 5614 645 5737 ῧῗεὲξαὲἶὲιιε
661 5616 923 5683 ﬂagellatis,
945 5614 1133 5683 riualem
1158 5622 1341 5685 febrem
1363 5614 1758 5696 noii'stEr'aiia'?
1775 5614 1890 5698 iiii}:

1491 248 1848 307 ADVERSUS
1883 251 2179 311 JUDIEOS.
2220 252 2350 313 Vill.

3485 262 3605 318 933’

2018 380 2140 421 cum
2170 369 2312 424 intus
2335 376 2440 423 tam
2470 370 2666 425 multas
2691 369 2979 428 habeamus
3006 374 3351 444 cogitationes
3375 392 3592 433 accusa-

2013 458 2210 513 trices?
2234 458 2386 526 Quod
2406 459 2449 514 si
2478 459 2846 530 perduraveris
2866 463 3154 534 paulisper,
3180 480 3377 536 eosque
3397 468 3485 537 qui
3506 468 3592 524 vel

2016 547 2428 605 incantationem
2453 551 2681 623 aliquam
2708 568 2903 610 canere
2925 555 3212 624 voluerint,
3233 557 3318 612 vel
3343 557 3592 629 ligamina

2012 640 2277 709 applicare
2319 643 2551 712 corpori,
2583 643 2734 699 nihili
2778 643 3003 714 feceris,
3051 646 3215 702 multa
3262 650 3419 703 etiam
3468 663 3589 705 cum

2012 731 2332 786 contumelia
2360 732 2464 787 tuis
2490 747 2553 789 ex
2581 735 2784 790 aedibus
2808 736 3031 806 ejeeeris
3059 754 3073 792 :
3107 738 3348 808 protinus
3378 739 3446 794 ab
3475 739 3588 808 ipsa

2008 819 2335 893 conscientia
2361 820 2821 894 refrigerationem
2864 827 3114 898 accipies.
3145 828 3368 886 Etiamsi
3397 830 3591 886 millies

2012 918 2200 965 exurat
2228 909 2393 968 febris
2411 953 2429 978 ,
2456 913 2631 969 anima
2659 924 2746 970 tua
2774 917 2963 987 quovis
2991 918 3197 990 liquore
3215 960 3230 987 ,
3253 919 3440 990 quovis
3467 936 3592 976 rore

2012 1002 2286 1058 meliorem
2334 1003 2706 1075 utilioremque
2743 1006 3126 1078 mitigationem
3156 1009 3402 1066 adducet.
3442 1007 3590 1065 Sicut

2010 1091 2183 1158 enim,
2211 1100 2487 1162 postquam
2515 1095 2785 1164 receperis
2811 1096 3225 1153 incantationem
3250 1113 3408 1155 sanus
3429 1099 3550 1155 licet
3572 1140 3589 1165 ,

2011 1185 2257 1240 miserius
2280 1185 2499 1241 affectus
2522 1200 2581 1241 es
2604 1187 2670 1243 iis
2690 1186 2780 1257 qui
2803 1186 2953 1244 febre
2977 1189 3239 1257 laborant,
3268 1189 3394 1245 dum
3416 1199 3589 1247 tecum

2010 1285 2227 1353 reputas
2275 1276 2477 1346 peccati
2525 1278 2980 1348 magnitudinem;
3028 1279 3106 1335 sic
3155 1296 3297 1336 nunc
3335 1296 3586 1353 quoque.

2009 1367 2218 1422 etiamsi
2260 1368 2560 1436 febricites,
2602 1369 2985 1442 innumeraque
3023 1373 3241 1443 patiaris
3282 1375 3455 1439 mala,
3501 1390 3590 1430 re-

2009 1458 2175 1526 pulsis
2200 1458 2374 1530 impiis
2403 1460 2526 1528 illis,
2557 1463 2744 1531 quovis
2774 1477 2906 1518 sano
2935 1462 3153 1519 homine
3177 1465 3388 1530 melius,
3412 1475 3591 1521 mente

2009 1552 2308 1609 exsultante
2327 1594 2342 1621 ,
2375 1554 2727 1611 erisaﬂ'ectus
2750 1596 2765 1621 ,
2793 1555 2967 1610 anima
2996 1556 3260 1627 gaudente
3294 1568 3348 1613 et
3385 1557 3590 1613 exhila-

2008 1653 2145 1710 rata,
2169 1644 2491 1700 conscientia
2519 1644 2768 1729 laudante
2797 1656 2881 1712 te,
2914 1647 3204 1716 probante,
3241 1664 3303 1703 ac
3340 1648 3587 1704 dicente:

2010 1737 2177 1808 Euge,
2218 1753 2386 1808 euge,
2431 1737 2566 1794 heus
2608 1739 2802 1807 homo,
2833 1738 3028 1794 Christi
3069 1754 3255 1805 serve,
3286 1740 3459 1796 ﬁdelis
3486 1741 3592 1807 vir,

2010 1827 2208 1882 athleta
2238 1829 2470 1899 pietatis,
2494 1829 2583 1901 qui
2611 1828 2865 1885 malueris
2893 1830 3153 1885 molestiis
3174 1830 3406 1896 immori,
3432 1846 3595 1901 quam
3666 1884 3671 1889 η

2011 1917 2259 1973 deserere
2289 1920 2558 1989 pietatem,
2588 1935 2708 1975 cum
2740 1920 3061 1991 martyribus
3088 1920 3254 1976 stabis
3283 1921 3334 1974 in
3367 1919 3459 1973 illo
3480 1919 3591 1974 die.

2010 2010 2467 2076 Quemadmodum
2515 2013 2657 2067 enim
2705 2013 2780 2067 illi
2826 2019 3189 2084 prmoptarunt
3236 2012 3369 2066 caedi
3413 2011 3607 2082 flagris

2011 2104 2369 2173 torquerique,
2403 2113 2461 2159 ut
2487 2104 2553 2159 ad
2581 2103 2835 2159 honorem
2864 2104 3200 2174 pervenirent
3225 2121 3238 2158 :
3263 2104 3334 2158 ita
3364 2113 3419 2159 tu
3457 2119 3591 2173 quo-

2009 2210 2113 2265 quc
2156 2194 2315 2251 hodie
2357 2196 2662 2266 praecptasti
2706 2195 2961 2266 ﬂagellari
3003 2195 3346 2265 torquerique
3389 2209 3417 2247 a
3458 2192 3619 2248 fehri:~

2010 2286 2459 2359 vulneribusque,
2504 2302 2572 2342 ne
2611 2286 2918 2343 admittercs
2959 2285 3118 2357 impia
3161 2286 3585 2347 incantamenta,

2011 2397 2146 2437 neve
2169 2382 2419 2448 amuleta,
2450 2388 2505 2436 et
2529 2381 2618 2435 tali
2644 2395 2739 2450 spe
2767 2379 2998 2435 nutritus
3017 2422 3032 2447 ,
3059 2394 3127 2435 ne
3151 2380 3348 2435 senties
3371 2377 3608 2449 quidem

2011 2473 2358 2529 adversantes
2385 2471 2618 2527 dolores.
2643 2471 2775 2526 Nam
2803 2473 2901 2527 etsi
2932 2480 2983 2526 te
3008 2486 3113 2527 non
3141 2469 3347 2527 auferat
3371 2470 3485 2526 haec
3510 2470 3592 2526 fc-

2009 2565 2139 2630 bris,
2168 2565 2267 2619 alia
2297 2579 2517 2634 prorsus
2544 2562 2748 2619 auferet
2776 2581 2793 2618 :
2818 2571 2889 2629 et,
2920 2563 2964 2617 si
2991 2578 3131 2619 nunc
3151 2579 3257 2618 non
3281 2562 3588 2626 moriamur,

2012 2669 2187 2712 tamen
2220 2656 2437 2727 posthac
2468 2656 2775 2712 moriemur.
2799 2655 3021 2711 Mortale
3060 2670 3254 2726 corpus
3294 2655 3469 2711 sortiti
3497 2670 3591 2709 su-

2012 2765 2129 2803 mus
2151 2789 2164 2815 ,
2196 2763 2301 2804 non
2347 2756 2407 2803 ut
2444 2749 2587 2804 illius
2629 2747 3008 2818 cupiditatibus
3035 2747 3465 2818 obtemperantes
3494 2746 3593 2801 im-

2012 2840 2261 2910 pietatem
2288 2840 2689 2908 amplectamur,
2721 2838 2817 2895 sed
2852 2849 2911 2894 ut
2947 2838 3090 2893 illius
3130 2837 3498 2893 affectionibus
3523 2838 3589 2893 ad

2011 2932 2262 3002 pietatem
2295 2940 2523 2985 utamur.
2568 2931 2694 2986 limo
2732 2931 2875 2986 enim
2919 2929 3371 3000 corruptibilitas,
3401 2937 3456 2985 et
3491 2927 3594 2984 hoc

2010 3023 2184 3093 ipsum
2227 3023 2453 3078 mortale
2477 3037 2669 3092 corpus
2692 3063 2708 3090 ,
2745 3021 2790 3077 si
2818 3020 2983 3077 sobrii
3010 3020 3265 3077 fuerimus
3284 3063 3300 3088 ,
3328 3019 3484 3076 nobis
3510 3029 3595 3075 est

2011 3116 2230 3171 materia
2254 3115 2756 3182 commendationis,
2785 3115 3111 3186 multamque
3140 3114 3294 3170 nobis
3317 3113 3373 3169 in
3396 3114 3485 3168 illo
3505 3112 3593 3169 die

2009 3206 2281 3278 praestabit
2309 3206 2577 3274 ﬁduciam,
2602 3220 2708 3262 non
2745 3213 2924 3262 autem
2958 3205 3011 3260 in
3052 3205 3142 3261 illo
3167 3205 3339 3261 solum
3362 3247 3377 3271 ,
3404 3219 3593 3260 verum

2008 3298 2167 3354 etiam
2196 3299 2246 3352 in
2274 3299 2524 3369 prmsenti
2557 3298 2680 3353 vita.
2712 3296 2985 3368 Siquidem
3009 3311 3130 3351 cum
3157 3295 3381 3367 ejeceris
3407 3294 3592 3350 incan-

2007 3398 2205 3446 tatorcs
2231 3390 2395 3445 multa
2423 3405 2543 3445 eum
2570 3390 2890 3447 contumelia
2917 3405 2985 3445 ex
3017 3388 3219 3444 aedibus
3241 3386 3346 3444 tuis
3364 3429 3379 3454 ,
3404 3401 3604 3442 omnes

2007 3480 2108 3537 hoc
2131 3481 2312 3536 audito
2338 3480 2646 3548 laudabunt,
2671 3480 3024 3545 mirabuntur,
3051 3487 3106 3535 et
3130 3480 3268 3535 inter
3293 3492 3353 3534 se
3375 3477 3589 3536 dicent:

2005 3573 2093 3629 ille
2114 3573 2361 3629 laborans
2386 3580 2774 3644 mgrotatisquc,
2801 3571 3065 3644 aliquibus
3088 3570 3342 3626 infinities
3367 3567 3591 3625 hortan-

2005 3664 2167 3732 tibus,
2198 3664 2542 3720 suadentibus
2564 3673 2619 3720 et
2638 3664 3037 3722 consulentibus
3054 3672 3114 3720 ut
3135 3662 3354 3734 magicis
3373 3660 3593 3730 quibus-

2004 3758 2124 3815 dam
2154 3756 2564 3815 incantamentis
2584 3766 2846 3824 uteretur,
2867 3773 2975 3814 non
2992 3756 3228 3822 admisit,
3252 3754 3348 3812 sed
3369 3769 3591 3825 respon-

2003 3852 2117 3907 dit:
2146 3852 2312 3908 satius
2338 3862 2421 3908 est
2447 3851 2552 3909 hoc
2581 3861 2741 3924 pacto
2767 3852 2927 3921 mori,
2955 3868 3116 3923 quam
3139 3851 3393 3911 deserere
3418 3849 3590 3918 pieta-

2005 3952 2132 4000 tem.
2156 3944 2238 4001 Ad
2266 3945 2381 4001 hate
2404 3956 2804 4015 consequentur
2829 3945 2981 4000 multi
3021 3944 3238 4014 plausus
3281 3943 3349 3998 ab
3387 3942 3470 3997 his
3498 3942 3611 4012 qui;

2002 4035 2288 4103 audierint,
2312 4035 2519 4091 cunctis
2542 4035 2882 4105 stupentibus
2901 4076 2915 4100 ,
2949 4035 3115 4089 Deum
3142 4031 3587 4104 glorificantibus.

2001 4127 2114 4184 Hoc
2137 4135 2266 4198 quot
2295 4126 2484 4183 statuis
2510 4142 2614 4181 non
2643 4127 2745 4182 erit
2767 4125 2859 4181 tibi
2884 4124 3281 4181 honorabilius?
3304 4131 3434 4194 quot
3457 4121 3590 4177 ima-

2000 4220 2210 4291 ginibus
2264 4218 2722 4289 magnificentius?
2764 4225 2965 4289 quanto
3030 4215 3236 4272 honore
3291 4213 3596 4286 insignius?

1999 4309 2199 4366 Omnes
2226 4308 2553 4375 laudabunt,
2585 4324 2775 4365 omnes
2800 4319 2944 4363 tuam
2983 4296 3291 4363 felicitatem
3330 4305 3591 4377 praedica-

1999 4402 2163 4465 bunt,
2195 4415 2383 4457 omnes
2430 4410 2482 4457 te
2528 4400 2877 4456 coronabunt.
2922 4399 3186 4455 Praeterea
3235 4396 3335 4468 ipsi
3377 4412 3609 4468 quoque

2002 4493 2251 4549 meliores
2289 4492 2417 4548 fient
2439 4532 2456 4560 ,
2487 4507 2550 4547 ac
2573 4490 2805 4546 vicissim
2845 4499 2993 4547 tuum
3024 4490 3327 4562 exemplum
3360 4488 3585 4546 aemula-

1999 4584 2216 4651 buntur,
2244 4584 2698 4656 imitahunturque
2726 4593 2870 4640 tuam
2900 4584 3261 4642 fortitudinem
3290 4593 3383 4641 :et
3400 4584 3445 4639 si
3465 4583 3587 4655 quis

1998 4678 2133 4733 alius
2172 4677 2277 4733 tale
2318 4676 2587 4749 quidpiam
2626 4676 2831 4746 fecerit,
2875 4685 2929 4732 tu
2960 4676 3259 4734 mercedem
3303 4676 3464 4742 feres,
3492 4675 3589 4746 qui

1999 4767 2099 4822 zeli
2123 4766 2287 4821 fueris
2305 4775 2511 4821 auctor.
2536 4766 2718 4838 Neque
2746 4775 2947 4823 tantum
2975 4774 3370 4838 consequentur
3395 4763 3582 4821 laudes

1998 4869 2144 4916 recte
2163 4859 2443 4927 factorum,
2467 4874 2652 4916 verum
2679 4860 2839 4917 etiam
2858 4860 3136 4916 celerrima
3157 4857 3329 4914 morbi
3353 4856 3581 4914 levatio:

1998 4968 2119 5008 cum
2151 4953 2262 5024 ipsa
2284 4960 2373 5007 tua
2397 4953 2650 5023 praeclara
2666 4953 2941 5009 voluntate
2960 4951 3276 5008 conciliante
3299 4949 3390 5006 tibi
3414 4949 3582 5004 Deum
3684 5008 3691 5017 ,

1996 5042 2064 5098 ad
2087 5044 2342 5113 majorem
2371 5043 2816 5112 benevolentiam,
2841 5055 2951 5099 tum
2975 5044 3174 5100 sanctis
3193 5042 3441 5098 omnibus
3461 5055 3583 5112 gra-

1997 5135 2288 5191 tulantibus
2310 5145 2414 5192 tuae
2434 5138 2872 5209 promptitudini,
2901 5146 3060 5209 atque
3086 5153 3151 5192 ex
3188 5135 3377 5191 intimo
3416 5134 3583 5191 corde

1996 5245 2094 5301 pro
2119 5238 2171 5286 te
2197 5245 2382 5301 preces
2410 5230 2769 5288 fundentibus.
2791 5232 2943 5299 Quod
2970 5232 3013 5286 si
3040 5230 3128 5286 hic
3153 5230 3277 5286 talia
3301 5236 3427 5285 sunt
3446 5242 3584 5298 prte-

1997 5322 2102 5377 mia
2144 5320 2467 5378 fortitudinis
2513 5323 2667 5394 hujus
2691 5364 2706 5386 ,
2739 5324 2911 5393 cogita
2939 5332 3164 5393 quantas
3203 5322 3312 5377 illic
3354 5320 3587 5392 recipies

1996 5428 2241 5477 coronas.
2270 5428 2411 5477 cum,
2444 5414 2646 5484 angelis
2674 5414 3049 5484 prtcsentibus,
3072 5413 3320 5468 omnibus
3344 5411 3577 5469 archan-

1993 5505 2147 5575 gelis,
2176 5502 2421 5560 Christus
2447 5503 2741 5561 adveniens
2767 5504 3030 5583 prehensa
3072 5519 3232 5559 manu
3263 5512 3349 5559 tua
3377 5504 3428 5559 in
3460 5521 3577 5561 mc-

1994 5596 2139 5654 dium
2184 5607 2236 5654 te
2285 5596 2413 5652 illud
2458 5597 2721 5652 theatrum
2770 5597 3107 5667 produxerit,
3141 5598 3451 5669 cunctisque
3481 5614 3576 5653 au-

1997 5692 2264 5749 dientibus
2293 5691 2491 5747 dixerit
2524 5709 2533 5745 :
2569 5689 2655 5746 hic
2702 5691 2859 5746 homo
2882 5733 2895 5758 ,
2931 5706 3049 5747 cum
3096 5690 3379 5761 aliquando
3427 5690 3576 5745 febre
