4046 6146
439 247 539 301 939

439 369 904 430 correptusesset,
935 362 1230 416 innumeris
1274 364 1444 432 ipsum
1477 347 1880 418 exhortantibus
1910 371 1970 416 ut
1997 377 2025 415 a

442 452 632 506 morbo
662 451 989 515 liberaretur,
1020 462 1234 520 propter
1255 468 1445 507 nomen
1470 469 1666 518 meum,
1693 468 1754 506 ac
1779 453 2024 506 timorem

443 545 494 596 in
531 559 634 606 me,
665 558 729 596 ne
760 543 809 596 in
832 543 1007 612 aliquo
1033 543 1346 609 offenderet,
1375 559 1561 598 omnes
1587 545 1674 614 qui
1706 543 2031 613 polliceban-

457 648 539 689 lur
569 631 664 704 ipsi
697 645 798 688 lSlt)
827 642 986 690 modo
1014 637 1329 700 sanitatem,
1364 637 1589 704 repulit,
1623 651 1850 706 cumque
1875 635 2030 704 igno-

450 728 607 778 minia
642 727 824 795 rejecit
857 743 869 779 :
901 742 962 780 ac
993 729 1302 795 prmoptavit
1350 727 1558 780 imtuori
1591 728 1764 794 potius
1807 727 2032 790 morbo,

447 833 606 888 quam
651 818 901 872 deserere
941 818 1046 885 mei
1085 818 1340 872 studium.
1365 818 1570 874 Etenim
1611 818 1655 873 si
1698 833 1791 874 eos
1819 818 1905 888 qui
1935 817 2034 888 ipsi

451 922 630 977 putum
659 908 939 976 dederunt,
973 910 1060 979 qui
1087 911 1400 974 vestierunt,
1433 911 1520 979 qui
1543 911 1717 965 cibum
1747 910 2033 980 dederunt,

452 999 501 1052 in
557 1000 786 1052 aedium
832 1000 1043 1054 adducit
1069 1019 1082 1053 :
1111 1001 1278 1056 multo
1325 1003 1489 1072 magis
1535 1001 1762 1056 adducet
1788 1017 1881 1058 eos
1901 1043 1916 1066 ,
1946 1003 2034 1072 qui

453 1102 670 1158 propter
721 1092 888 1158 ipsum
935 1101 1188 1162 optarunt
1227 1093 1441 1147 obnoxii
1485 1108 1604 1148 esse
1655 1093 1809 1148 febri.
1856 1092 2038 1163 Neque

451 1180 594 1233 enim
635 1183 806 1235 simile
835 1192 917 1236 est
946 1184 1073 1236 dare
1106 1199 1294 1252 panem
1327 1198 1388 1237 ac
1419 1194 1620 1238 vestem
1642 1224 1658 1248 ,
1699 1192 1750 1238 et
1795 1185 2038 1238 morbum

453 1273 713 1328 diutimnn
761 1274 1175 1344 perferre:imo
1223 1276 1324 1330 hoc
1366 1277 1455 1329 illo
1504 1277 1671 1331 multo
1715 1277 1886 1347 majus
1933 1286 2036 1331 est.

453 1365 661 1428 Quanto
683 1373 858 1419 autem
884 1365 1079 1420 laboris
1103 1381 1166 1420 ac
1190 1366 1389 1420 doloris
1413 1368 1529 1436 plus
1550 1368 1833 1421 toleratum
1860 1367 2035 1433 fuerit,

458 1467 603 1510 tanto
631 1457 792 1511 etiam
815 1471 1009 1511 corona
1041 1458 1142 1511 erit
1168 1452 1614 1527 magniiicentior.

531 1547 746 1601 Moralis
784 1547 1320 1603 exhortatio.—ll.ec
1365 1559 1416 1604 et
1466 1549 1578 1603 sani
1628 1548 1943 1603 meditemur
1990 1557 2044 1603 et

458 1648 780 1708 mgrotautes
803 1679 816 1702 ,
845 1638 1017 1708 deque
1050 1639 1132 1694 his
1162 1641 1304 1695 inter
1347 1656 1444 1694 nos
1482 1641 1868 1710 colloquanmr.
1907 1641 1969 1694 Et
1999 1642 2042 1695 si

459 1733 749 1786 viderimus
781 1746 878 1786 nos
909 1733 1052 1801 ipsos
1081 1733 1368 1802 aliquando
1399 1733 1527 1787 febri
1571 1733 1888 1787 intolerabili
1926 1749 2044 1787 cor—

459 1833 638 1892 reptos
662 1865 674 1885 ,
708 1823 834 1876 illud
861 1823 998 1892 apud
1030 1840 1126 1877 nos
1153 1825 1298 1894 ipsos
1326 1824 1565 1879 dicamus
1595 1841 1607 1877 :
1639 1825 1764 1895 quid
1791 1834 1970 1878 autem
1999 1825 2044 1878 si

460 1916 612 1970 nobis
657 1916 900 1972 alicunde
949 1918 1208 1973 intentata
1257 1917 1349 1972 lite
1393 1918 1456 1972 ad
1497 1919 1723 1973 tribunal
1755 1918 2041 1988 rapiamur,

460 2021 691 2077 moxque
720 2007 944 2062 sublatis
971 2008 1245 2063 credantur
1269 2009 1458 2075 latera,
1481 2024 1657 2064 annon
1689 2022 1909 2064 necesse
1930 2007 2046 2061 fue-

462 2097 535 2152 rit
561 2099 780 2153 omnino
807 2102 1037 2169 perpeti,
1071 2100 1230 2170 idque
1270 2100 1416 2155 nullo
1445 2101 1593 2155 lucro
1623 2101 1872 2168 nullaque
1903 2115 2047 2154 mcr-

459 2188 626 2242 cede?
669 2189 781 2243 iloc
823 2198 877 2243 et
924 2206 1064 2244 nunc
1107 2191 1436 2260 cogitemus,
1484 2191 1754 2260 proposita
1792 2189 1861 2243 sit
1890 2191 2047 2244 etiam

462 2279 760 2334 tolerantia:
791 2294 996 2335 merces
1017 2323 1031 2345 ,
1060 2281 1186 2335 satis
1215 2296 1432 2350 magna,
1464 2290 1520 2334 ut
1551 2280 1719 2350 erigat
1756 2280 2048 2351 collapsum

462 2370 719 2425 animum.
752 2369 855 2428 Sed
888 2373 1109 2428 molesta
1148 2381 1231 2428 est
1277 2373 1438 2429 febris
1467 2391 1480 2426 :
1512 2389 1694 2428 verum
1738 2388 1950 2444 oppone
1975 2373 2050 2427 illi

467 2461 774 2516 incendium
803 2462 1080 2532 gehennae,
1104 2463 1242 2533 quod
1270 2462 1492 2535 effugies
1518 2465 1766 2528 omnino,
1793 2464 1839 2519 si
1866 2464 2052 2518 volue-

464 2552 540 2607 ris
586 2554 738 2608 istam
770 2554 960 2610 febrim
989 2571 1109 2609 cum
1139 2555 1285 2610 omni
1334 2556 1618 2610 tolerantia
1648 2557 1908 2626 perferre.
1945 2555 2053 2610 Re-

464 2654 591 2715 puta
619 2653 814 2712 tecum,
839 2661 996 2715 quam
1025 2646 1189 2699 multa
1215 2645 1353 2714 passi
1375 2646 1482 2700 sint
1501 2646 1746 2715 apostoli,
1772 2645 2049 2702 considera

457 2736 637 2805 justos
683 2747 940 2806 perpetuo
989 2736 1040 2789 in
1085 2736 1463 2791 afﬂictionibus
1509 2735 1711 2801 fuisse,
1765 2736 2054 2792 recordare

466 2827 607 2878 hcati
630 2825 916 2890 Timothei,
942 2827 1030 2897 qui
1059 2841 1346 2896 numquam
1385 2826 1452 2880 ab
1485 2825 1793 2882 infirmitate
1821 2826 2053 2898 respira-

468 2917 562 2982 vit,
595 2917 686 2972 sed
731 2918 797 2971 ab
838 2918 1197 2974 adolescentia
1239 2919 1348 2989 jugi
1397 2919 1585 2973 morbo
1610 2928 1726 2974 erat
1759 2919 2052 2990 obnoxius,

469 3008 628 3077 idque
677 3009 868 3062 Paulus
919 3009 1195 3064 declarans
1241 3009 1376 3064 dixit
1415 3029 1430 3064 :
1474 3009 1680 3065 Modico
1724 3015 1839 3066 vino
1876 3021 2047 3078 utere,

469 3111 674 3170 propter
721 3103 1034 3156 stomachum
1079 3113 1250 3169 tuum,
1301 3119 1362 3157 ac
1409 3107 1691 3174 frequentes
1739 3105 2055 3182 inﬁrmitates

468 3200 580 3246 tuas
606 3194 683 3264 (i.
721 3193 851 3247 Tim.
884 3195 936 3250 5.
967 3193 1078 3264 ‘23).
1103 3195 1256 3262 Quod
1284 3196 1325 3248 si
1353 3195 1529 3265 justus
1559 3195 1667 3258 ille.
1697 3204 1914 3250 sanctus
1941 3195 2052 3262 ille,

468 3285 555 3353 qui
583 3286 727 3339 orbis
757 3285 1124 3355 prtefecturam
1153 3287 1425 3356 suscepit,
1453 3287 1542 3357 qui
1585 3299 1825 3342 mortuos
1856 3287 2059 3342 excita-

472 3376 565 3440 vit,
597 3376 684 3444 qui
713 3375 984 3431 da-mones
1024 3376 1242 3446 abegit,
1273 3377 1364 3448 qui
1399 3377 1614 3432 morbos
1641 3377 2058 3434 innumerabiles

471 3466 520 3518 in
551 3465 670 3518 aliis
697 3467 955 3530 correxit,
989 3474 1097 3519 tam
1119 3465 1312 3521 acerba
1345 3481 1534 3536 passus
1555 3475 1638 3521 est
1660 3509 1674 3532 ,
1705 3483 1865 3537 quam
1897 3483 2059 3524 excu-

474 3556 734 3609 sationem
782 3556 1022 3634 habebis
1046 3567 1134 3619 tu,
1165 3557 1254 3626 qui
1293 3558 1633 3612 tumultuaris
1679 3573 1742 3613 ac
1782 3559 1966 3614 deficis
2004 3559 2057 3614 in

473 3647 674 3702 morbis
718 3647 1094 3716 temporariis?
1123 3647 1236 3701 Non
1274 3648 1466 3702 audisti
1511 3648 1838 3718 Scripturam
1878 3650 2060 3705 dicen-

475 3753 601 3799 tem,
637 3737 798 3803 Quem
840 3738 1007 3807 diligit
1041 3737 1319 3804 Dominus,
1348 3740 1561 3810 castigat
1591 3756 1610 3793 :
1636 3742 1862 3811 ﬂagellat
1892 3753 2060 3798 autem

474 3841 672 3878 onmem
697 3825 881 3894 lilium,
905 3843 1051 3896 quem
1078 3829 1254 3897 recipit
1277 3827 1460 3901 (flebr.
1487 3828 1572 3883 i2.
1597 3830 1654 3900 6)
1675 3829 1698 3883 ?
1719 3829 1885 3897 Quam
1909 3833 2060 3888 multi

477 3917 781 3987 frequenter
803 3927 1058 3989 optarunt
1084 3920 1322 3992 martyrii
1352 3935 1605 3976 coronam
1633 3923 1914 3993 accipere?
1935 3924 2061 3981 Hzec

473 4017 558 4064 est
591 4018 775 4080 parata
802 4012 1046 4083 martyrii
1075 4027 1294 4068 corona.
1323 4012 1437 4068 Non
1468 4014 1612 4070 enim
1641 4013 1694 4069 id
1733 4015 1894 4070 modo
1938 4015 2061 4072 facit

473 4108 783 4171 martyrem,
811 4103 855 4158 si
889 4103 980 4174 qui
1017 4103 1202 4173 jussus
1237 4114 1319 4160 est
1342 4105 1666 4172 sacrificare,
1699 4106 1873 4175 potius
1904 4107 2063 4163 ducat

474 4193 666 4258 emori,
701 4207 887 4248 verum
913 4194 1076 4249 etiam
1119 4195 1164 4250 si
1207 4195 1328 4265 quis
1375 4205 1552 4251 servet
1581 4195 1878 4266 quidlibet,
1918 4198 2062 4268 quod

474 4295 705 4341 mortem
773 4296 952 4358 potest
1018 4302 1336 4354 accersere,
1386 4287 1725 4345 manifestum
1783 4299 1866 4345 est
1920 4304 2062 4345 mar-

475 4378 692 4450 tyrium.

545 4470 598 4525 8.
627 4472 707 4525 Ac
733 4479 790 4526 ut
809 4471 1074 4542 intelligas
1095 4472 1197 4528 hoc
1218 4486 1338 4528 esse
1362 4487 1566 4538 verum,
1596 4471 1902 4538 recordare,
1927 4487 2066 4543 quo-

475 4560 639 4616 modo
666 4560 905 4618 Joannes
930 4563 1164 4634 Baptista
1191 4573 1436 4618 mortuus
1462 4564 1552 4629 sit,
1577 4571 1631 4618 et
1651 4579 1753 4633 qua
1783 4563 1850 4618 de
1878 4578 2059 4629 causa,

476 4651 750 4724 quomodo
787 4653 941 4709 Abel.
969 4653 1170 4710 Neuter
1205 4655 1348 4710 enim
1390 4653 1578 4709 horum
1607 4654 1694 4709 vel
1735 4653 1903 4708 altare
1931 4653 2066 4708 vidit

477 4746 778 4812 incensum,
808 4744 894 4800 vel
919 4753 1147 4800 statuam
1172 4744 1420 4815 positam,
1443 4743 1528 4798 vel
1547 4743 1729 4813 jussus
1750 4743 1846 4798 fuit
1876 4746 2066 4798 imum-

477 4838 592 4894 lare
616 4837 952 4894 daemonibus
977 4856 990 4891 :
1022 4836 1116 4892 sed
1143 4837 1236 4890 ille
1262 4836 1474 4906 quidem
1495 4878 1508 4900 ,
1535 4836 1658 4906 quia
1697 4835 2065 4891 tantummodo

478 4929 824 4996 reprehendit
855 4928 1141 4994 Herodem,
1167 4928 1461 4982 decollatus
1490 4935 1573 4981 est
1598 4944 1610 4979 :
1644 4927 1730 4981 hic
1756 4942 1906 4991 vero,
1933 4943 2067 4997 quo-

471 5022 620 5076 ‘niam
655 5022 823 5076 Deum
853 5019 1060 5075 meliori
1093 5017 1355 5073 sacrificio
1385 5017 1666 5072 honoravit
1693 5033 1852 5088 quam
1879 5017 2062 5084 frater,

477 5117 688 5171 occisus
717 5123 818 5169 est.
847 5112 982 5168 Num
1015 5113 1173 5184 igitur
1200 5112 1383 5181 privati
1412 5119 1535 5167 sunt
1561 5111 1798 5183 martyrii
1829 5111 2063 5165 corona?

476 5211 548 5265 At
589 5209 709 5280 quis
755 5208 858 5264 hoc
895 5207 1091 5262 audeat
1136 5205 1358 5261 dicere?
1397 5204 1838 5274 Quandoquidem
1891 5205 2065 5273 ipsum

477 5306 637 5358 etiam
680 5301 868 5357 mortis
907 5316 1075 5372 genus
1115 5299 1312 5354 sufficit
1349 5298 1413 5352 ad
1444 5297 1690 5351 onmihus
1735 5294 2063 5366 persuaden-

478 5397 604 5448 dum
631 5437 646 5460 ,
690 5409 785 5451 eos
814 5395 952 5448 inter
989 5393 1189 5463 primos
1220 5399 1481 5462 martyres
1522 5389 1810 5443 numerari.
1841 5387 1992 5456 Quod
2021 5389 2065 5442 si

481 5490 638 5540 etiam
665 5487 896 5540 divinam
921 5485 1235 5540 sententiam
1262 5499 1421 5553 super
1447 5483 1528 5537 itis
1557 5483 1814 5552 prolatam
1839 5480 2056 5551 qua3ris,

479 5578 602 5633 audi
634 5579 756 5648 quid
788 5578 916 5632 dicit
953 5578 1166 5632 Paulus.
1204 5576 1335 5632 Nam
1378 5592 1495 5646 qute
1541 5575 1628 5630 ille
1669 5574 1922 5644 loquitur,
1953 5573 2090 5627 sine.

483 5669 646 5725 dubio
673 5669 898 5738 Spiritus
941 5679 1079 5724 sunt.
1119 5669 1248 5723 Puto
1278 5669 1441 5734 enim,
1485 5667 1688 5737 inquit,
1731 5663 1866 5736 quod
1895 5672 1941 5717 et
1971 5680 2060 5733 ego

1141 249 1196 302 S.
1242 248 1518 304 JOANNIS
1556 247 2031 305 CilBYSOSTOMl
2072 245 2389 301 ARCHIEP.
2432 241 2967 300 CONSTANTINOP.

3605 240 3708 297 930

2131 357 2384 426 Spiritum
2412 354 2507 409 Dei
2535 355 2744 409 habeam
2770 355 2857 424 (i.
2888 352 3008 409 Cor.
3029 351 3226 426 τέω).
3249 353 3386 420 Quid
3426 354 3586 423 igitur
3635 351 3717 408 hic

2130 450 2292 504 dicit?
2315 449 2549 504 Exorsus
2573 447 2641 502 ab
2662 446 2815 512 Abel,
2834 461 2953 501 cum
2973 445 3194 501 dixisset
3213 443 3470 516 majorem
3488 443 3718 498 hostiam

2131 541 2264 596 Abel
2297 555 2405 610 prae
2432 539 2562 595 Cain
2604 539 2862 594 obtulisse
2893 539 3004 594 Deo
3023 581 3038 605 ,
3068 548 3126 595 et
3163 549 3381 609 propter
3403 536 3544 593 hanc
3568 552 3721 592 mor-

2135 641 2284 687 tuum
2313 631 2487 686 adhuc
2517 630 2662 702 loqui
2695 649 2710 686 :
2740 629 2936 685 deinde
2981 630 3254 700 digressus
3294 628 3361 682 ad
3399 628 3717 698 prophetas,

2134 738 2200 780 ac
2224 723 2444 780 decursa
2470 723 2610 780 serie
2639 737 2804 793 usque
2843 721 2912 777 ad
2941 721 3198 777 Joannem
3219 763 3234 787 ,
3279 720 3503 775 dixisset
3530 737 3544 774 :
3577 718 3727 773 Occi-

2135 817 2276 872 sione
2320 817 2479 888 gladii
2505 816 2686 869 mortui
2711 824 2826 868 sunt
2852 856 2864 881 ,
2896 813 2988 868 alii
3017 831 3128 868 vero
3157 812 3364 867 distenti
3389 821 3506 866 sunt
3531 811 3724 883 (Ilebr.

2139 908 2226 962 il.
2259 905 2386 979 57);
2426 906 2604 960 multis
2629 915 2683 960 et
2710 905 2936 960 diversis
2964 905 3150 959 mortis
3183 903 3466 974 generibus
3490 917 3728 957 comme-

2139 998 2378 1062 moratis,
2409 997 2633 1066 subjecit
2663 997 2762 1050 hoc
2787 995 2977 1051 modo:
3004 993 3186 1067 Itaque
3205 1011 3297 1048 nos
3317 1009 3512 1064 quoque
3533 1002 3729 1044 tantam

2140 1089 2374 1144 habentes
2416 1089 2810 1142 circumdantem
2837 1103 2927 1141 nos
2965 1087 3148 1140 nubem
3189 1096 3504 1156 martyrum,
3533 1083 3730 1152 objecta

2142 1183 2278 1236 omni
2304 1181 2540 1252 pondere,
2567 1197 2655 1253 per
2683 1179 3000 1234 tolerantiam
3028 1193 3288 1233 curramus
3332 1176 3352 1249 (
3395 1175 3474 1230 Ib.
3511 1175 3596 1230 12.
3627 1176 3650 1229 1
3689 1174 3728 1244 ).

2141 1271 2303 1327 Vides
2329 1272 2470 1343 quod
2495 1273 2654 1327 etiam
2681 1272 2814 1326 Abel
2834 1271 3116 1341 appellavit
3138 1280 3426 1340 martyrem
3449 1279 3504 1323 ct
3523 1267 3656 1330 Noe,
3680 1277 3733 1320 et

2141 1364 2432 1430 Abraham,
2465 1375 2518 1420 et
2546 1365 2711 1430 Isaac,
2740 1374 2793 1418 ct
2815 1363 3000 1418 Iacob.
3023 1363 3154 1417 Nam
3184 1371 3235 1416 et
3265 1363 3486 1414 istorum
3512 1360 3731 1430 quidam

2142 1458 2224 1514 sic
2250 1469 2468 1529 propter
2495 1459 2658 1512 Deum
2691 1457 2886 1512 mortui
2918 1465 3062 1522 sunt,
3091 1453 3536 1525 quemadmodum
3560 1453 3734 1521 inquit

2143 1548 2359 1614 Paulus,
2389 1549 2623 1615 Quotidie
2648 1549 2836 1601 morior
2865 1547 2940 1620 (i.
2972 1547 3087 1600 Cor.
3116 1547 3201 1600 15.
3234 1547 3326 1615 5i)
3352 1563 3364 1597 :
3392 1559 3495 1599 non
3514 1544 3732 1614 quidem

2148 1639 2398 1701 moriens,
2427 1639 2521 1693 sed
2547 1638 2816 1706 proposito
2839 1645 3043 1690 tantum
3066 1649 3350 1705 perpessus
3369 1643 3618 1688 mortem.
3644 1633 3735 1688 Sic

2146 1736 2200 1782 et
2228 1737 2302 1794 tu,
2327 1729 2371 1783 si
2399 1727 2659 1796 repuleris
2689 1728 3098 1791 incantamenta,
3131 1725 3403 1790 veneficia,
3430 1739 3493 1778 ac
3522 1725 3734 1792 prasti-

2147 1822 2290 1891 gias,
2323 1823 2531 1877 etiamsi
2564 1822 2750 1877 morbo
2781 1821 3056 1887 moriaris,
3087 1829 3288 1890 martyr
3325 1818 3591 1888 perfectus
3620 1817 3732 1873 fue-

2149 1916 2223 1968 ris
2250 1956 2265 1981 ,
2305 1930 2372 1970 eo
2420 1915 2561 1985 quod
2586 1955 2600 1980 ,
2633 1915 2752 1970 aliis
2789 1913 3161 1984 pollicentibus
3199 1913 3371 1967 morbi
3414 1912 3735 1966 levationem

2148 2019 2270 2058 cum
2313 2006 2617 2075 impietate,
2660 2005 2976 2076 praeoptaris
3004 2012 3230 2059 mortem
3272 2019 3392 2058 cum
3426 2005 3640 2072 pietate.
3672 2002 3737 2058 Et

2150 2095 2266 2152 [1:130
2296 2097 2448 2151 nobis
2477 2096 2614 2152 dicta
2645 2106 2803 2152 sunto
2831 2097 3085 2152 adversus
3111 2110 3202 2152 eos
3223 2137 3238 2161 ,
3267 2096 3356 2166 qui
3384 2097 3623 2165 jactant,
3653 2095 3737 2149 di-

2149 2199 2380 2258 cuntque
2405 2187 2676 2243 dazmones
2703 2188 2926 2244 mederi.
2955 2188 3242 2254 Caeterum,
3275 2197 3333 2241 ut
3363 2188 3645 2256 intelligas,
3673 2203 3738 2243 nc

2151 2278 2254 2334 hoc
2277 2280 2488 2350 quidem
2515 2295 2634 2336 esse
2659 2295 2840 2335 verum
2863 2323 2878 2346 ,
2919 2279 3042 2334 audi
3074 2279 3199 2350 quid
3235 2279 3477 2335 Christus
3502 2279 3647 2334 dicat
3675 2281 3739 2335 de

2152 2370 2365 2425 diabolo
2387 2411 2402 2436 ,
2438 2369 2542 2425 Ille
2583 2371 2838 2426 homicida
2873 2381 2981 2426 erat
3018 2369 3082 2424 ab
3119 2371 3264 2424 initio
3293 2369 3486 2440 (Joan.
3512 2369 3568 2424 8.
3599 2370 3672 2424 H
3695 2369 3737 2439 ).

2155 2463 2298 2518 Deus
2325 2462 2475 2524 dicit.
2502 2463 2766 2518 homicida
2795 2472 2876 2519 est
2903 2479 2918 2518 :
2947 2470 3001 2518 et
3027 2471 3080 2517 tu
3104 2463 3169 2517 ad
3199 2462 3350 2517 illum
3379 2471 3647 2533 tamquam
3674 2462 3738 2516 ad

2154 2551 2422 2608 medicum
2453 2555 2662 2610 curris?
2691 2555 2787 2611 Dic
2815 2553 2943 2608 mihi
2969 2594 2985 2620 ,
3027 2569 3147 2609 cum
3177 2553 3510 2610 accusaberis
3534 2594 3548 2618 ,
3581 2569 3740 2624 quam

2157 2643 2416 2700 rationem
2446 2645 2638 2700 ali'erre
2669 2646 2867 2715 poteris
2885 2687 2900 2710 ,
2925 2645 3015 2716 qui
3045 2645 3236 2701 credas
3266 2645 3453 2700 horum
3482 2646 3741 2716 impostu~

2155 2734 2230 2788 ris
2270 2749 2390 2789 esse
2436 2734 2702 2790 fidendum
2748 2737 2956 2806 potius,
2988 2751 3147 2807 quam
3185 2735 3382 2791 Christi
3423 2736 3741 2791 sententiae?

2154 2827 2289 2882 Cum
2337 2827 2478 2883 enim
2522 2828 2662 2885 Deus
2704 2829 2881 2892 dicat.
2914 2829 3183 2886 homicida
3223 2838 3309 2885 est
3338 2847 3350 2884 :
3385 2829 3469 2884 isti
3502 2842 3631 2884 vero
3659 2829 3742 2884 di-

2157 2931 2318 2985 cant,
2355 2930 2530 2991 potest
2569 2937 2756 2977 curare
2796 2923 3050 2991 morbos,
3088 2923 3341 2978 nimirum
3387 2931 3744 2992 repugnantes

2157 3013 2434 3067 sententia:
2445 3011 2640 3067 divinae
2659 3030 2672 3066 :
2694 3021 2748 3068 tu
2761 3028 2891 3068 vero
2912 3014 3139 3083 recipias
3157 3012 3345 3067 horum
3368 3011 3629 3067 maleficia
3652 3012 3742 3068 illa

2157 3113 2211 3158 et
2246 3104 2638 3160 incantamenta
2669 3147 2682 3171 ,
2712 3105 2845 3160 nihil
2871 3105 3012 3160 aliud
3043 3105 3172 3175 ipsis
3199 3103 3354 3160 factis
3383 3105 3485 3159 tuis
3507 3104 3740 3173 judicas,

2157 3210 2316 3267 quam
2366 3197 2588 3252 istorum
2620 3197 2796 3252 verbis
2840 3197 3014 3268 potius
3041 3196 3339 3252 habendam
3368 3196 3522 3251 fidem
3541 3237 3556 3260 ,
3585 3211 3742 3267 quam

2158 3289 2352 3345 Christi
2380 3307 2395 3344 :
2425 3290 2550 3346 licet
2575 3290 2756 3345 verbis
2791 3289 2845 3344 id
2887 3305 2994 3344 non
3023 3289 3190 3344 dicas.
3218 3287 3371 3356 Quod
3412 3288 3457 3342 si
3499 3286 3744 3342 diabolus

2160 3379 2425 3434 homicida
2456 3389 2560 3446 est,
2595 3379 2932 3435 manifestum
2954 3389 3032 3435 est
3055 3378 3195 3449 quod
3222 3379 3297 3432 illi
3321 3378 3614 3433 servientes
3638 3377 3746 3431 da:-

2159 3487 2346 3526 mones
2368 3483 2512 3527 sunt.
2542 3473 2608 3526 Et
2631 3475 2732 3526 hoc
2751 3487 2962 3542 quoque
2985 3483 3037 3526 te
3059 3471 3187 3539 ipsis
3213 3470 3365 3524 factis
3391 3468 3574 3524 docuit
3597 3467 3747 3523 Chri-

2159 3575 2309 3629 stus,
2336 3565 2425 3634 qni
2457 3565 2697 3635 permisit
2725 3565 2845 3619 illos
2876 3565 3080 3619 irruere
3105 3564 3159 3617 in
3185 3563 3332 3617 illum
3373 3577 3587 3633 gregem
3619 3577 3743 3632 por-

2160 3670 2366 3722 corum,
2399 3671 2557 3726 quem
2587 3656 2893 3711 universum
2919 3656 2973 3709 in
2995 3670 3141 3709 mare
3165 3654 3563 3724 praecipitarunt
3594 3651 3741 3724 (Luc.

2161 3746 2214 3812 8,
2249 3745 2338 3800 '52.
2366 3745 2549 3817 seqq.),
2574 3754 2633 3801 ut
2661 3746 2988 3816 intelligeres
3022 3744 3160 3814 quod
3189 3743 3374 3798 eadem
3414 3743 3606 3797 facturi
3635 3742 3741 3797 fue-

2161 3843 2268 3896 rint
2292 3841 2616 3906 hominibus,
2644 3841 2930 3910 statimque
2959 3838 3362 3909 przefocassent,
3397 3835 3439 3890 si
3473 3836 3613 3890 Deus
3640 3833 3742 3890 illis

2163 3933 2512 4004 permisisset.
2539 3931 2689 3986 Nunc
2715 3945 2845 3986 vero
2887 3931 3000 3999 ipse
3040 3929 3158 3983 illos
3183 3927 3418 3982 coercuit
3452 3925 3743 3996 prohibuit-

2161 4039 2266 4094 que
2289 4065 2304 4090 ,
2353 4039 2450 4078 nec
2497 4023 2784 4094 quidquam
2825 4021 2902 4076 eis
2947 4019 3190 4092 permisit
3229 4017 3404 4072 facere
3432 4017 3737 4086 ejusmodi:

2162 4114 2304 4185 quod
2331 4114 2543 4184 quidem
2575 4113 2674 4184 ipsi
2710 4121 2972 4182 potestate
3011 4112 3065 4165 in
3095 4123 3286 4180 porcos
3325 4117 3537 4177 accepta
3571 4107 3742 4161 decla-

2162 4214 2370 4260 rarunt.
2399 4204 2608 4259 Etenim
2634 4203 2679 4258 si
2707 4204 2883 4274 porcis
2912 4217 3018 4257 non
3045 4207 3428 4270 pepercerunt,
3456 4197 3629 4250 multo
3649 4195 3740 4248 mi-

2163 4311 2264 4350 nus
2288 4311 2317 4349 a
2349 4295 2501 4351 nobis
2525 4295 2926 4358 abstinuissent,
2955 4292 2998 4346 si
3021 4291 3276 4346 adversus
3297 4304 3398 4343 nos
3429 4295 3740 4356 potestatem

2165 4387 2494 4443 habuissent.
2526 4386 2606 4442 Ne
2631 4386 2810 4456 igitur,
2843 4385 3071 4449 dilecte,
3107 4381 3377 4436 fraudibus
3404 4379 3618 4433 illorum
3642 4376 3736 4432 ah-

2163 4478 2406 4544 ducaris;
2437 4475 2532 4534 sed
2555 4485 2671 4532 esto
2696 4476 3044 4533 confirmatus
3069 4475 3120 4528 in
3149 4474 3340 4526 timore
3361 4469 3478 4525 Dei.

2237 4569 2400 4640 Signo
2418 4568 2582 4623 crucis
2603 4583 2757 4636 prava
2779 4575 2998 4636 potestas
3022 4562 3184 4616 omnis
3199 4564 3422 4632 fugatur.
3445 4588 3520 4599 —
3537 4559 3606 4614 Et
3620 4571 3748 4629 quo-

2165 4664 2325 4718 modo
2367 4661 2682 4732 ingredieris
2719 4656 3076 4731 synagogam?
3101 4655 3156 4710 Si
3185 4667 3413 4722 namque
3454 4651 3747 4721 signat-eris

2167 4754 2396 4810 frontem
2419 4763 2584 4816 tuam,
2615 4752 2760 4806 illico
2783 4750 2948 4820 fugiet
2974 4762 3134 4818 prava
3165 4754 3401 4815 potestas
3425 4756 3746 4815 synagogam

2167 4847 2491 4903 inhabitans.
2523 4845 2580 4901 Si
2620 4859 2750 4899 vero
2779 4858 2884 4897 non
2915 4840 3241 4912 signaveris,
3291 4839 3343 4892 in
3389 4838 3519 4907 ipsis
3549 4834 3750 4890 foribus

2169 4942 2410 5014 protinus
2437 4953 2584 4994 arma
2611 4935 2853 5007 abiecisti
2870 4977 2885 5001 ,
2917 4950 3040 4990 mox
3066 4932 3266 4988 nudum
3288 4941 3345 4986 et
3372 4930 3634 4985 inermem
3661 4923 3753 4978 ab-

2168 5041 2377 5102 reptum
2429 5039 2480 5085 te
2522 5027 2768 5084 diabolus
2821 5026 2974 5080 malis
3029 5024 3323 5078 innumeris
3377 5020 3597 5074 afficiet.
3650 5015 3750 5072 Sed

2169 5125 2293 5196 quid
2320 5124 2509 5178 attinet
2537 5120 2653 5176 haec
2673 5135 2704 5175 a
2727 5120 2880 5175 nobis
2904 5118 3051 5173 dici?
3078 5117 3208 5170 Nam
3236 5114 3376 5185 quod
3404 5114 3520 5182 ipse
3547 5124 3752 5180 quoque

2170 5215 2454 5270 maximum
2481 5220 2758 5284 peccatum
2777 5225 2896 5266 esse
2918 5209 3144 5278 judicas,
3168 5206 3234 5261 ad
3261 5207 3578 5261 sceleratum
3607 5203 3749 5257 illum

2169 5311 2342 5365 locum
2389 5319 2704 5367 accurrere,
2749 5299 3084 5357 manifestum
3123 5307 3207 5353 est
3252 5312 3319 5352 ex
3364 5296 3480 5363 ipso
3525 5291 3750 5348 adeundi

2171 5402 2351 5458 modo.
2381 5400 2590 5456 Etenim
2617 5397 2755 5452 clam
2784 5395 2906 5449 illuc
2931 5391 3188 5447 accedere
3211 5388 3416 5451 studes,
3444 5394 3502 5441 et
3522 5384 3746 5446 famulis,

2169 5495 2376 5561 amicis,
2405 5503 2565 5564 atque
2593 5489 2781 5544 vicinis
2807 5483 3099 5548 interdicis,
3125 5498 3191 5536 ne
3218 5491 3270 5535 te
3301 5479 3545 5534 deferant
3581 5475 3646 5530 ad
3667 5488 3746 5526 sa-

2170 5587 2420 5644 cerdotes
2451 5605 2466 5642 :
2499 5597 2563 5638 ac
2607 5582 2652 5636 si
2694 5579 2812 5650 quis
2855 5575 3143 5638 detulerit,
3199 5570 3510 5642 indignaris.
3563 5568 3746 5621 Annon

2173 5679 2331 5750 igitur
2375 5690 2578 5745 magna:
2622 5671 2903 5728 dementiae
2928 5670 3033 5739 sit,
3067 5667 3314 5722 homines
3351 5663 3487 5718 velle
3531 5659 3741 5723 fallere,
