4046 6146
463 240 567 299 ειι

459 357 555 413 τοῦ
577 356 636 413 δέ
671 356 807 413 Θεοῦ
830 356 1085 431 ὁρῶντος,
1105 356 1200 412 τοῦ
1225 355 1503 428 πανταχοῦ
1543 356 1812 428 παρόντος
1832 394 1847 418 ,
1890 354 2043 408 ἀναι-

461 440 707 513 σχύντως
747 442 846 512 τὴν
884 440 1230 515 παρανομίαν
1269 439 1477 510 ταύτην
1511 438 1752 510 τολμᾷν;
1813 436 1951 490 Ἀλλ’
1979 437 2040 491 οὐ

458 524 704 588 δέδοικας
731 522 822 577 τὸν
846 524 978 578 Θεὸν
997 541 1013 590 ;
1035 522 1243 579 Οὐκοῦν
1265 521 1368 577 κᾶν
1391 522 1590 584 αὐτοὺς
1619 519 1898 592 αἰδέσθητι
1916 520 2044 583 τοὺς

471 605 778 669 Ἰουδαίους.
817 605 997 672 Ποίοις
1038 604 1148 677 γὰρ
1197 606 1399 670 αὐτοὺς
1417 604 1715 675 ὀφθαλμοῖς
1758 602 1916 672 Mm;
1948 602 2044 656 κα)⁵

459 687 599 759 ποίῳ
624 686 841 761 διαλέξῃ
870 688 1116 760 στόματι,
1148 687 1475 759 Χριστιανὸς
1528 686 1628 757 μὲν
1673 681 1811 739 εἶναι
1848 684 2042 756 ὁμολο-

458 768 595 838 γῶν,
647 770 785 843 πρὸς
832 771 889 825 δέ
916 772 1018 835 τὰς
1050 771 1275 825 ἐκείνων
1312 769 1526 841 τρέχων
1568 765 1915 837 συναγωγὰς,
1945 768 2044 823 καὶ

458 854 561 924 τῆς
592 859 612 885 ⁸
645 856 775 926 παρ’
801 854 1026 909 ἐκείνων
1056 854 1309 926 δεόμενος
1350 851 1640 925 βοηθείας;
1676 852 1791 905 Ούκ
1821 851 2039 916 ἐννοεῖς,

457 936 584 991 ὅσον
618 954 710 991 σου
756 938 1080 1008 καταχέουσι
1114 937 1349 1007 γέλωτα,
1384 937 1485 991 ὅσα
1518 936 1864 1006 σκώμματα,
1910 933 2043 1003 ὅσην

460 1019 774 1091 χλευασίαν,
808 1020 940 1091 ὅσην
984 1019 1269 1092 αίσχύνην,
1326 1021 1452 1073 ὅσον
1482 1017 1704 1083 ὄνειδος,
1743 1017 1792 1070 εί
1841 1016 1936 1069 καὶ
1966 1015 2043 1087 μὴ

460 1105 735 1175 φανερῶς.
770 1102 907 1157 ἀλλὰ
935 1103 1080 1157 κατά
1109 1104 1173 1157 τδ
1207 1102 1444 1166 συνειδὸς
1471 1103 1532 1154 τδ
1570 1098 1814 1164 ἐαυτῶν;

534 1186 599 1239 θ’.
640 1184 802 1239 Ταῦτ’
829 1180 944 1252 οὖν,
976 1185 1099 1239 εἰπέ
1135 1203 1244 1257 μοι.
1277 1183 1491 1257 φορητά
1518 1182 1552 1255 ἡ
1580 1181 1812 1247 ἀνεκτά;
1844 1180 1907 1234 El
1933 1177 2043 1252 γάρ

462 1267 692 1341 μυρίους
711 1267 1004 1323 ἀποθανεῖν
1035 1267 1300 1332 θανάτους
1329 1267 1459 1330 ἔδει,
1481 1266 1530 1319 εί
1557 1264 1667 1337 γὰρ
1681 1263 1753 1318 τά
1771 1264 2046 1335 ἀνήκεστα

462 1352 654 1407 παθεῖν
688 1352 739 1417 δ,
771 1352 832 1404 ού
863 1350 1044 1422 πολλῷ
1081 1350 1286 1421 βέλτιον
1315 1346 1385 1422 ἦν
1410 1349 1627 1421 ἅπαντα
1657 1349 1943 1419 ὑπομεῖναι
1976 1345 2045 1400 τά

462 1433 699 1504 χαλεπὰ,
728 1432 761 1503 ἡ
802 1432 909 1486 τῶν
941 1433 1153 1504 μιαρῶν
1185 1432 1408 1487 ἐκείνων
1427 1431 1682 1500 γενέσθαι
1714 1428 1926 1497 γέλωτα
1951 1429 2045 1482 καὶ

461 1515 777 1587 χλευασίαν,
808 1515 902 1569 καὶ
921 1516 1059 1587 μετὰ
1088 1515 1386 1578 συνειδότος
1412 1514 1511 1586 ζῇν
1543 1511 1783 1584 πονηροῦ
1808 1528 1823 1577 ;
1857 1511 2043 1566 Ταῦτα

462 1596 629 1666 λέγω,
652 1597 750 1667 οὑχ
779 1594 867 1650 ἵνα
891 1597 1048 1651 αὐτοὶ
1081 1597 1317 1668 ἀκούητε
1344 1597 1524 1669 μόνον,
1559 1595 1675 1649 ἀλλ’
1709 1595 1796 1648 ἵνα
1828 1595 1953 1656 τοὺς
1974 1593 2043 1648 τά

462 1681 685 1734 τοιαῦτα
710 1679 999 1744 νοσοῦντας
1021 1680 1385 1753 θεραπεύητε.
1414 1679 1627 1740 Ὠσπερ
1669 1677 1779 1749 γὰρ
1816 1677 2044 1741 ἐκείνοις

461 1762 824 1833 ἐγκαλοῦμεν,
876 1763 960 1817 ὅτι
1002 1762 1288 1817 ἀσθενοῦσι
1320 1763 1448 1835 περὶ
1474 1762 1575 1832 τήν
1622 1760 1823 1823 πίστιν,
1869 1759 2045 1823 οὓτως

463 1847 591 1917 ὑμῖν
612 1846 970 1918 ἐγκαλοῦμεν,
1010 1846 1092 1899 ότι
1132 1846 1260 1909 τοὺς
1302 1843 1662 1908 ἀσθενοῦντας
1697 1842 1942 1915 διορθοῦν
1980 1842 2041 1895 ού

463 1927 739 2003 βούλεσθε.
764 1929 857 2001 Μὴ
888 1929 998 2001 γὰρ
1026 1928 1182 1983 τοῦτό
1204 1931 1324 1982 ἐστι
1356 1927 1415 1981 τὸ
1445 1925 1799 1997 ζητούμενον,
1826 1926 2046 1996 ἀγαπη-

459 2010 544 2076 τέ,
571 2011 659 2066 ἵνα
690 2011 928 2067 ἐνταῦθα
959 2009 1144 2065 εἰσιὼν
1168 2008 1410 2082 ἀκούσῃς
1435 2009 1504 2063 τὰ
1545 2007 1852 2079 λεγόμενα;
1885 2007 2045 2061 τοῦτο

464 2094 565 2166 μὲν
592 2091 686 2150 οῦν
716 2095 811 2149 καὶ
831 2094 1008 2167 κρῖμά
1037 2095 1204 2160 ἐστιν,
1235 2094 1361 2146 ὅταν
1396 2092 1471 2162 μὴ
1498 2094 1697 2162 προσῇ.
1709 2093 1776 2162 τῇ
1819 2089 1928 2144 τῶν
1957 2089 2045 2142 λό-

461 2194 574 2248 γων
604 2177 863 2251 ἀκροάσει
894 2178 990 2231 καὶ
1028 2176 1211 2249 ἔργον.
1243 2177 1342 2229 Διά
1379 2175 1539 2228 τοῦτο
1585 2174 1914 2247 Χριστιανὸς
1945 2168 1998 2226 εῑ
2024 2212 2041 2240 ,

462 2260 551 2315 ἵνα
579 2258 672 2315 τὸν
699 2260 931 2332 Χριστὸν
965 2261 1128 2331 μιμῇ,
1158 2258 1386 2320 καὶτοῖς
1412 2257 1619 2311 ἐκείνου
1651 2256 1814 2331 πείθῃ
1836 2256 2042 2327 νόμοις.

462 2342 530 2396 Τί
553 2342 642 2399 δαί
665 2344 871 2406 ἐκεῖνος
904 2342 1193 2413 ἐποίησεν;
1237 2341 1352 2395 Οὐκ
1382 2341 1440 2394 ἐν
1484 2338 1879 2411 Ἱεροσολύμοις
1920 2338 2048 2392 καθ-

463 2426 663 2498 ήμενος
684 2425 868 2479 ἐκάλει
895 2424 1033 2497 πρὸς
1055 2425 1248 2478 ἑαυτὸν
1279 2429 1406 2487 τοὺς
1428 2421 1770 2495 ἀρρώστους,
1793 2421 1931 2475 ἀλλὰ
1954 2437 2047 2474 πε-

464 2511 607 2583 ριῄει
633 2509 819 2574 πόλεις
871 2510 966 2563 καὶ
1012 2506 1227 2579 κώμας,
1262 2507 1541 2580 ἑκατέρων
1585 2504 1685 2576 τὴν
1731 2505 2045 2577 ἀρρωστίαν

462 2593 805 2666 θεραπεύων,
824 2592 920 2645 καὶ
940 2589 1037 2663 τὴν
1061 2589 1156 2644 τοῦ
1181 2588 1452 2660 σώματος,
1471 2591 1567 2642 καὶ
1594 2586 1692 2659 τὴν
1715 2586 1813 2657 τῆς
1844 2585 2044 2656 ψυχῆς.

462 2677 655 2733 Καίτοι
686 2692 752 2744 γε
798 2672 1027 2728 ἐδύνατο
1075 2675 1134 2727 ἐν
1163 2672 1244 2726 ἑνὶ
1273 2672 1584 2743 καθήμενος
1629 2671 1779 2741 τόπῳ
1837 2671 2046 2735 πάντας

462 2758 690 2814 ἑλκύσαι
728 2757 866 2829 πρὸς
892 2756 1121 2811 ἑαυτόν·
1152 2755 1268 2810 ἀλλ’
1297 2757 1397 2810 οὐκ
1429 2753 1656 2824 ἐποίησε
1683 2752 1869 2817 τοῦτο,
1913 2755 2045 2824 ἡμῖν

461 2840 643 2904 διδοὺς
681 2839 985 2912 ὑπόδειγμα
1034 2840 1114 2903 είς
1163 2839 1226 2892 τὸ
1252 2838 1522 2911 περιιέναι
1556 2836 1652 2890 καὶ
1694 2836 1877 2907 ζητεῖν
1917 2837 2044 2901 τοὺς

463 2922 893 2994 ἀπολλυμένους.
935 2921 1106 2976 Πάλιν
1137 2922 1231 2976 καὶ
1251 2921 1340 2975 διὰ
1370 2921 1470 2992 τῆς
1510 2919 1651 2973 κατά
1690 2920 1782 2973 τὸν
1812 2917 2045 2989 ποιμένα

463 3005 778 3079 παραϐολῆς
797 3005 957 3059 τοῦτο
988 3004 1226 3076 ᾐνίξατο.
1254 3004 1366 3058 Καὶ
1388 3003 1496 3074 γὰρ
1530 3003 1630 3057 οὐκ
1659 3002 1884 3057 ἐκάθισε
1911 2999 2049 3072 μετά

463 3088 574 3144 τῶν
601 3087 1089 3160 ἐνενηκονταεννέα
1111 3086 1421 3159 προϐάτων,
1450 3086 1545 3139 καὶ
1564 3086 1817 3158 ἀνέμεινε
1839 3087 1901 3140 τὸ
1918 3085 2052 3140 πλα-

464 3173 706 3246 νώμενον
750 3171 925 3241 ἐλθεῖν
953 3172 1092 3244 πρὸς
1119 3169 1304 3236 αὐτὸν,
1353 3169 1469 3224 ἀλλ’
1496 3170 1658 3235 αὐτὸς
1684 3169 1916 3241 ἀπῆλθε,
1956 3168 2050 3223 καὶ⁵

462 3252 614 3327 εὗρε,
643 3256 739 3310 καὶ
776 3255 954 3326 εὑρὼν
999 3256 1094 3309 καὶ
1135 3253 1436 3309 ἐϐάστασεν
1458 3254 1551 3307 ἐπὶ⁵
1577 3252 1688 3307 τῶν
1714 3251 1912 3324 ὤμων,
1953 3251 2051 3307 καὶ

464 3341 820 3411 ἀπεκόμισεν,
855 3338 969 3410 Οὑχ
1022 3336 1157 3410 ὁρᾷς
1200 3337 1449 3401 καὶτοὺς
1490 3339 1707 3408 ίατροὺς
1729 3338 1861 3391 αὑτὸ
1889 3337 2051 3390 τοῦτο

466 3423 757 3487 ποιοῦντας
777 3438 792 3488 ;
811 3425 913 3477 οὑκ
937 3413 1311 3490 ἀναγκάζωσι
1335 3421 1463 3484 τοὺς
1480 3419 1800 3492 ἀρρώστους
1828 3420 2050 3475 ἐπὶτῶν

467 3507 738 3562 κλινιδίων
769 3504 1195 3575 κατακειμένους
1227 3505 1309 3567 είς
1340 3502 1440 3567 τὰς
1468 3502 1645 3567 οἰκίας
1675 3502 1855 3556 αὐτῶν
1884 3504 2049 3575 φέρε-

469 3589 620 3654 σθαι,
655 3589 769 3644 ἀλλ’
800 3589 953 3642 αὐτοὶ
972 3587 1228 3658 τρέχουσι
1261 3584 1399 3656 πρὸς
1443 3585 1704 3648 ἐκείνους.
1755 3586 1927 3639 Τοῦτο
1957 3588 2050 3641 καὶ

465 3672 537 3725 σὺ
561 3671 805 3743 ποίησον,
832 3668 984 3743 [688]
1014 3667 1287 3738 άγαπητέ,
1311 3665 1467 3728 εἰδὼς
1499 3668 1581 3721 ὅτι
1619 3667 1826 3738 βραχὺς
1844 3671 1874 3721 ό
1904 3686 2048 3741 παρ-

462 3751 544 3808 ὼν
576 3752 709 3824 βίος,
751 3752 855 3807 κᾶν
889 3750 964 3823 μὴ
995 3749 1171 3804 ταῦτα
1205 3749 1555 3821 κερδάνωμεν
1580 3748 1653 3802 τά
1680 3749 1868 3820 κέρδη.
1902 3751 2051 3805 οὑδε-

469 3836 604 3908 μίαν
637 3835 831 3907 ἓξομεν
872 3836 989 3889 ἐκεῖ
1027 3832 1324 3905 σωτηρίαν.
1362 3831 1594 3887 Δύναται
1641 3832 1900 3897 πολλάκις
1951 3835 2049 3904 μία

468 3919 797 3993 κερδηθεῖσα
824 3918 970 3991 ψυχὴ
1001 3917 1211 3990 μυρίων
1251 3916 1415 3985 ὄγκον
1461 3917 1876 3989 ἁμαρτημάτων
1902 3918 2047 3988 ἀφα-

469 4004 638 4069 νίσαι,
665 4003 761 4057 καὶ
777 4002 1030 4072 γενέσθαι
1061 4003 1195 4072 ἡμῖν
1218 3999 1511 4070 ἀντίψυχον
1542 4001 1601 4053 ἐν
1622 4000 1804 4072 ἐκείνῃ
1829 4002 1896 4073 τῇ
1918 4001 2050 4072 ἡμέ-

469 4104 561 4159 ρᾳ.
601 4086 882 4158 Ἐννόησον
914 4085 1001 4140 διά
1032 4084 1084 4137 τί
1114 4083 1411 4154 προφῆται,
1443 4082 1530 4136 διά
1562 4082 1614 4135 τί
1634 4082 1940 4151 ἀπόστολοι,
1960 4085 2048 4140 διὰ

470 4168 524 4224 τί
542 4168 760 4233 δίκαιοι,
793 4168 883 4222 διά
916 4168 969 4222 τί
997 4165 1219 4237 ἄγγελοι
1247 4165 1506 4228 πολλάκις
1541 4165 1923 4237 ἐπέμφθησαν,
1957 4167 2047 4223 διά

468 4251 523 4305 τί
543 4252 704 4316 αὐτὸς
736 4254 765 4306 ό
803 4250 1096 4322 μονογενὴς
1117 4248 1246 4314 Υἱὸς
1263 4249 1359 4302 τοῦ
1389 4248 1523 4303 Θεοῦ
1555 4249 1886 4321 παρεγένετο
1905 4266 1919 4281 ⁸
1947 4252 2046 4323 οὑχ

472 4334 561 4388 ῖνα
606 4331 925 4405 ἀνθρώπους
966 4331 1236 4405 διασώσῃ;
1293 4333 1392 4403 οὑχ
1445 4332 1533 4386 ἴνα
1594 4333 2046 4406 πεπλανημένους

534 4483 562 4548 ξ
589 4483 741 4548 ξενὶι.
761 4482 876 4548 πρὸς
893 4482 1013 4532 δέτᾶ
1032 4483 1099 4532 ἐκ.
1127 4484 1329 4548 τρέχων,
1351 4481 1433 4530 καὶ
1452 4486 1552 4548 τῆς.

536 4544 567 4585 ι
585 4543 669 4594 Sic
688 4541 891 4593 maxima
916 4558 1027 4606 pars
1051 4541 1511 4606 ιιιιιυὶιιὶιίιιῆ[διονυιιιἐ
1535 4541 1605 4606 Αι
1619 4541 1742 4592 editi
1761 4541 1933 4605 παθεῖν,
1935 4542 2048 4605 ,πάι

468 4611 545 4664 On.
582 4606 693 4655 Mox
721 4606 891 4679 Μοτβί.
915 4603 946 4664 ἦ
967 4607 1049 4655 τὸν
1066 4606 1237 4679 μιαρὸν
1261 4603 1456 4679 ἐκεῖνον2
1479 4603 1632 4679 δξνίι.
1656 4617 1775 4655 vero
1795 4612 1850 4655 et
1870 4603 2048 4667 migna

470 4682 583 4735 pars
602 4675 1040 4731 manuscﬂplomm
1061 4675 1092 4726 ἢ
1116 4675 1210 4716 τῶν
1232 4675 1414 4731 μιαρῶν
1436 4675 1643 4714 ἐκείνων.

1178 239 1236 296 5.
1275 237 1562 297 JOANNIS
1593 235 2091 321 CHRYSOSTOMI
2128 238 2451 296 ARCHIEP.
2502 228 3060 294 CONSTANTINOP.

3623 220 3735 283 9‘9

2145 355 2505 426 ἐπαναγάγῃ;
2538 351 2710 406 Τοῦτο
2746 351 2841 405 καὶ
2876 350 2940 403 σὺ
2971 346 3198 417 ποίησον
3228 342 3367 398 κατὰ
3386 339 3615 426 δύναμιν
3635 342 3735 416 τήν

2146 436 2265 509 σὴν,
2301 438 2396 492 καὶ
2420 424 2600 489 πᾶσαν
2622 433 2859 506 σπουδὴν
2905 430 3174 494 ἐπίδειξαι
3212 426 3308 509 καὶ.
3353 424 3613 509 πρόνοιαν
3652 428 3737 482 είς

2142 506 2241 592 τήν
2276 519 2387 573 τῶν
2409 518 2845 590 πεπλανημένων
2888 512 3171 570 ἐπάνοδον.
3209 508 3393 565 Ταῦτα
3440 506 3567 563 καθ’
3602 509 3737 564 ἐκά-

2145 591 2276 673 στην
2315 602 2443 673 ὑμῖν
2490 599 2775 672 παραινῶν
2831 597 3051 663 σύναξιν
3100 595 3162 649 οὑ
3210 591 3575 663 διαλιμπάνω,
3625 592 3737 646 κᾶν

2145 684 2472 757 προσέχητε,
2503 682 2606 739 κᾶν
2638 683 2713 755 μὴ
2741 681 3068 755 προσέχητε,
3097 677 3210 747 ἐγὼ
3229 675 3405 745 λέγων
3435 674 3496 727 ού
3528 673 3738 729 παύσο-

2148 786 2268 839 μαι.
2294 767 2466 820 Τοῦτο
2498 767 2606 838 γὰρ
2649 767 2783 837 ἡμῖν
2815 764 2968 836 παρά
2997 761 3091 817 τοῦ
3120 758 3257 815 Θεοῦ
3314 758 3497 830 νόμος,
3556 759 3623 813 ἄν
3676 774 3739 812 τε

2143 849 2354 924 ἀκούσῃ
2384 865 2489 913 τις,
2524 849 2590 904 ἀν
2615 864 2676 901 τε
2713 847 2788 919 μὴ
2829 845 3064 920 ἀκούσῃ,
3093 844 3195 916 τὴν
3223 840 3499 896 διακονίαν
3523 839 3738 924 ταύτην

2142 933 2408 1006 πληροῦν.
2455 931 2599 987 Ἀλλ’
2622 931 2719 987 ἐὰν
2772 932 2870 1002 μὲν
2912 929 3187 998 ἀκούσητε
3218 925 3315 980 καὶ
3346 925 3611 996 ποιήσητε
3666 923 3739 977 τά

2142 1015 2412 1087 λεγόμενα
2439 1056 2454 1082 ,
2500 1014 2641 1086 μετά
2673 1014 2878 1084 πολλῆς
2904 1012 3037 1066 αὐτὸ
3070 1009 3231 1064 τοῦτο
3257 1007 3609 1079 ἐργασόμεθα
3635 1006 3738 1077 τῆς

2142 1098 2338 1170 ἡδονῆς
2355 1114 2370 1129 ο
2396 1099 2461 1152 ἂν
2487 1097 2545 1151 δὲ
2571 1097 2888 1169 ἀμελήσητε
2921 1095 3016 1150 καὶ
3040 1091 3418 1166 ρᾳθυμήσητε,
3444 1089 3584 1161 μετὰ
3604 1087 3741 1142 πολ-

2144 1182 2243 1254 λῆς
2271 1183 2372 1254 τῆς
2403 1180 2665 1253 ἀθυμίας.
2721 1181 2887 1252 Ἡμῖν
2932 1179 3032 1251 μέν
3084 1176 3194 1249 γὰρ
3233 1178 3298 1230 ἐκ
3326 1178 3428 1246 τῆς
3458 1173 3742 1245 ὑμετέρας

2144 1265 2435 1336 παρακοῆς
2462 1263 2638 1328 οὐδεὶς
2665 1264 2819 1317 ἐσται
2846 1260 3032 1316 λοιπὸν
3062 1259 3336 1323 κίνδυνος·
3368 1258 3430 1311 τὸ
3458 1258 3568 1329 γὰρ
3590 1254 3739 1328 ἡμέ-

2143 1364 2304 1420 τερον
2336 1347 2484 1403 ἅπαν
2511 1345 2914 1419 ἐπληρώσαμεν
2934 1362 2948 1378 ο
2984 1344 3125 1416 πλὴν
3160 1341 3299 1397 ἀλλά
3344 1342 3450 1396 κᾶν
3509 1341 3584 1412 μὴ
3618 1356 3742 1393 κιν-

2143 1430 2452 1502 δυνεύωμεν
2466 1428 2545 1501 τῷ
2570 1428 2993 1500 πεπληρωκέναι
3014 1425 3083 1481 τὰ
3106 1427 3233 1498 παρ’
3255 1423 3467 1479 ἑαυτῶν
3490 1422 3736 1486 ἅπαντα,

2145 1512 2312 1583 ἀλγοῦ
2321 1530 2419 1584 μεν
2442 1513 2597 1584 ὑμῶν
2622 1511 3040 1582 ἐγκαλουμένων
3059 1507 3202 1564 κατά
3226 1507 3328 1580 τὴν
3352 1505 3567 1579 ἡμέραν
3596 1506 3742 1559 ἐκείο

2146 1616 2263 1671 νην.
2297 1599 2372 1651 Οὑ
2408 1597 2517 1669 γάρ
2556 1598 2841 1660 ἀκίνδυνος
2876 1596 3007 1666 ὑμῖν
3036 1593 3189 1647 ἐσται
3216 1594 3250 1664 ή
3278 1591 3577 1663 ἀκρόασις,
3603 1590 3742 1646 ὅταν

2145 1685 2179 1755 ἡ
2199 1682 2284 1737 διὰ
2307 1682 2414 1736 τῶν
2428 1682 2606 1753 ἐργων
2628 1680 2912 1753 προσθήκη
2943 1680 3017 1752 μὴ
3043 1679 3292 1750 γένηται.
3318 1677 3586 1730 Ἄκουσον
3600 1673 3740 1744 γοῦν

2145 1767 2261 1832 πῶς
2282 1769 2395 1830 τοῖς
2423 1766 2761 1829 διδασκάλοις
2778 1763 3029 1833 ἐγκαλῶν
3056 1764 3168 1825 τοῖς
3201 1759 3617 1832 ἀποκρύπτουσι
3641 1757 3739 1812 τὸν

2145 1849 2302 1918 λόγον
2332 1850 2360 1902 ό
2382 1849 2638 1919 Χριστὸς,
2663 1849 2759 1903 καὶ
2788 1849 2914 1910 τοὺς
2942 1843 3416 1918 μαθητευομένους
3439 1840 3734 1912 ἐφόϐησεν.

2144 1932 2328 1989 Εἰπὼν
2365 1933 2496 2002 γὰρ,
2543 1932 2705 1988 Ἔδει
2726 1947 2801 1987 σε
2821 1928 3183 1987 καταϐαλεῖν
3211 1927 3278 1982 τὸ
3300 1926 3588 1997 ἀργύριόν
3609 1943 3739 1996 μου

2143 2017 2242 2071 ἐπὶ
2259 2015 2403 2081 τοὺς
2421 2014 2767 2086 τραπεζίτας
2793 2031 2806 2044 ·
2831 2015 2925 2068 καὶ
2958 2009 3281 2081 ἐπαγαγὼν,
3311 2011 3395 2063 ότι
3433 2009 3607 2080 Κάγὼ
3632 2009 3739 2063 ἐλ-

2146 2098 2272 2156 θὼν
2316 2101 2462 2167 μετά
2516 2100 2698 2154 τόκου
2738 2097 2816 2154 ἂν
2859 2097 3149 2166 ἀπῄτησα
3185 2093 3355 2159 αὐτὸ,
3391 2093 3615 2159 ἔδειξεν,
3652 2093 3739 2146 ὃτι

2150 2180 2288 2253 μετὰ
2314 2181 2415 2252 τήν
2441 2181 2706 2254 ἀκρόασιν
2733 2179 2926 2250 (τοῦτο
2948 2179 3058 2252 γάρ
3081 2180 3230 2231 ἐστιν
3257 2178 3290 2248 ἡ
3328 2175 3424 2230 τοῦ
3461 2175 3737 2247 ἀργυρίου

2146 2262 2464 2334 καταϐολὴ),
2478 2263 2603 2329 τοὺς
2620 2262 3057 2334 ὑποδεξαμένους
3074 2261 3175 2330 τὴν
3199 2258 3553 2313 διδασκαλίαν
3572 2258 3740 2311 τόκον

2146 2344 2476 2418 ἐργάζεσθαι
2509 2347 2636 2417 χρή.
2669 2346 2839 2411 Τόκος
2874 2345 2930 2400 δὲ
2974 2343 3323 2407 διδασκαλίας
3355 2341 3509 2395 οὐδὲν
3544 2339 3740 2411 ἔτερόν

2147 2430 2315 2493 ἐστιν,
2345 2429 2457 2483 ἀλλ’
2499 2430 2533 2500 ἡ
2560 2430 2593 2500 ἡ
2621 2429 2710 2484 διὰ
2734 2428 2856 2484 -τῶν
2887 2428 3065 2500 ἔργων
3102 2425 3381 2493 ἐπίδειξις.
3448 2423 3599 2478 Ἐπεὶ
3639 2420 3737 2479 οῦν

2147 2512 2243 2565 καὶ
2271 2512 2434 2583 ἡμεῖς
2467 2511 2842 2582 κατεϐάλομεν
2882 2511 2946 2565 τὸ
2978 2508 3240 2581 ἀργύριον
3299 2510 3380 2572 είς
3419 2507 3520 2579 τὴν
3562 2506 3736 2579 ἀκοὴν

2147 2593 2245 2664 τὴν
2271 2593 2543 2666 ὑμετέραν
2567 2636 2582 2657 ,
2624 2594 2840 2667 ἀνάγκη
2884 2592 3089 2659 λοιπὸν,
3131 2593 3278 2664 ὑμᾶς
3322 2591 3619 2647 ἀποδοῦναι
3642 2591 3738 2645 τὸν

2145 2677 2303 2730 τόκον
2332 2675 2410 2747 τῷ
2424 2676 2682 2751 δεσπότῃ,
2712 2677 2980 2739 τουτέστι,
3011 2674 3111 2748 τήν
3146 2673 3422 2747 σωτηρίαν
3443 2673 3554 2727 τῶν
3577 2674 3736 2727 ἁδελ-

2150 2760 2266 2831 φῶν
2281 2759 2391 2813 τῶν
2418 2759 2724 2831 ὑμετέρων.
2760 2760 2924 2812 Ὥστε
2948 2759 2998 2811 εί
3033 2757 3246 2830 μένοιτε
3267 2758 3441 2812 ταῦτα
3475 2756 3740 2828 κατέχον-

2145 2859 2238 2906 τες
2265 2841 2332 2896 τά
2363 2842 2630 2913 εἰρημένα
2656 2843 2836 2913 μόνον,
2858 2842 2954 2897 καὶ
2985 2842 3150 2915 μηδὲν
3175 2842 3234 2895 ἐν
3264 2843 3479 2905 ἑαυτοῖς
3507 2839 3749 2910 ἐργαζό-

2150 2941 2324 2995 μενοι,
2352 2925 2566 2979 δέδοικα
2597 2925 2671 2997 μὴ
2692 2926 2789 2998 τὴν
2814 2926 2985 2999 αὐτὴν
3014 2925 3093 2997 τῷ
3122 2925 3185 2979 τὸ
3205 2925 3467 2979 τάλαντον
3495 2928 3735 2995 κατορύ-

2150 3008 2300 3075 ξαντι
2349 3007 2488 3062 δῶτε
2540 3008 2720 3080 δίκην.
2770 3009 2881 3064 Καὶ
2914 3008 3024 3081 γάρ
3067 3009 3275 3071 ἐκεῖνος
3294 3007 3382 3061 διὰ
3407 3006 3568 3061 τοῦτο
3605 3009 3736 3073 τοὺς

2151 3091 2317 3155 πόδας
2338 3092 2429 3145 καὶ
2456 3092 2555 3156 τὰς
2584 3084 2773 3164 χεῖρας
2792 3091 2984 3156 δεθεὶς,
3010 3092 3091 3156 είς
3113 3091 3174 3146 τὸ
3204 3090 3394 3154 σκότος
3424 3090 3654 3163 ἐξήγετο
3675 3089 3737 3144 τὸ

2149 3173 2435 3247 ἐξώτερον,
2464 3177 2547 3230 ὅτι
2580 3177 2683 3230 ούκ
2710 3175 3004 3247 ἐξήνεγκεν
3033 3178 3111 3239 είς
3136 3175 3356 3247 ἐτέρους
3390 3175 3536 3245 άπερ
3569 3174 3738 3246 ἡκου-

2152 3274 2262 3312 σεν.
2295 3258 2391 3312 ἰν¹
2417 3253 2510 3312 οῦν
2541 3257 2615 3329 μὴ
2642 3259 2737 3312 καὶ
2763 3259 2925 3330 ἡμεῖς
2961 3257 3032 3311 τὰ
3057 3258 3200 3311 αύτά
3230 3257 3515 3328 πάθωμεν,
3552 3257 3644 3310 τὸν
3666 3257 3737 3311 τά

2151 3340 2311 3395 πέντε
2338 3340 2652 3411 δεξάμενον,
2683 3340 2777 3394 καὶ
2801 3341 2894 3393 τὸν
2915 3338 2986 3393 τὰ
3007 3340 3100 3393 δύο
3119 3340 3377 3404 τάλαντα,
3408 3339 3737 3412 μιμησὼμε-

2149 3422 2250 3477 θα·
2278 3423 2382 3478 κάν
2408 3440 2469 3476 τε
2503 3423 2681 3491 λόγον,
2713 3422 2815 3477 κάν
2841 3439 2899 3475 τε
2925 3424 3214 3494 χρήματα,
3244 3424 3347 3478 κάν
3384 3440 3445 3476 τε
3482 3423 3736 3495 σώματος

2152 3507 2334 3568 πόνον,
2357 3506 2461 3560 κᾶν
2490 3506 2676 3577 εὐχὴν,
2701 3505 2804 3560 κᾶν
2830 3505 2945 3560 ἀλλ’
2963 3505 3142 3560 ότιοῦν
3169 3508 3250 3571 είς
3266 3506 3366 3578 τὴν
3389 3506 3485 3560 τοῦ
3503 3508 3735 3579 πλησίον

2152 3589 2428 3660 σωτηρίαν
2458 3589 2737 3643 ἀναλῶσαι
2757 3588 2951 3659 δεήσῃ,
2988 3588 3062 3660 μὴ
3092 3588 3450 3660 ὀκνήσωμεν,
3482 3590 3571 3643 ἵνα
3607 3608 3736 3644 πανο

2147 3672 2375 3742 ταχόθεν
2404 3671 2465 3725 τὸ
2491 3671 2639 3745 παρά
2666 3671 2761 3725 τοῦ
2795 3670 2931 3724 Θεοῦ
2965 3670 3118 3725 δοθὲν
3161 3673 3293 3743 ἡμῖν
3327 3671 3591 3726 τάλαντον
3615 3673 3738 3727 ἀνα-

2148 3754 2323 3825 λόγως
2354 3756 2572 3810 ἐκαστοι
2611 3753 3149 3819 πολυπλασιάσαντες
3171 3754 3491 3828 δυνηθῶμεν
3508 3756 3610 3827 τῆς
3637 3775 3736 3827 μα-

2149 3856 2218 3893 κα
2228 3838 2349 3909 ρίας
2373 3838 2589 3912 ἐκείνης
2614 3835 2847 3893 ἀκοῦσαι
2871 3839 3076 3911 φωνῆς,
3103 3833 3215 3907 Εὖ,
3232 3838 3416 3894 δοῦλε
3429 3839 3618 3910 ἀγαθὲ
3634 3840 3733 3895 και

2149 3922 2348 3983 πιστέ.
2378 3923 2476 3977 ἐπὶ
2506 3924 2683 3993 ὀλίγα
2704 3919 2783 3994 ἧς
2813 3923 3050 3990 πιστὸς,
3066 3923 3164 3978 ἐπὶ
3183 3922 3434 3978 πολλῶν
3458 3939 3532 3979 σε
3556 3942 3733 3979 κατα-

2148 4005 2359 4072 στήσω
2377 4022 2389 4035 ·
2425 4007 2666 4062 εἴσελθε
2696 4010 2784 4073 εις
2811 4005 2929 4076 τὴν
2953 4005 3150 4076 χαρὰν
3178 4007 3286 4062 τοῦ
3330 4008 3557 4077 Κυρίου
3592 4024 3730 4064 σου.

2148 4084 2259 4154 Ἧς
2286 4091 2495 4159 γένοιτο
2532 4091 2740 4156 πάντας
2775 4093 2924 4163 ἡμᾶς
2956 4094 3252 4162 ἐπιτυχεῖν,
3271 4092 3455 4164 χάριτι
3486 4093 3583 4146 καὶ
3616 4093 3736 4164 φιλο

2152 4174 2439 4247 ανθρωπίᾳ
2487 4175 2580 4229 τοῦ
2614 4176 2822 4248 Κυρίου
2881 4175 3040 4248 ἡμῶν
3080 4174 3255 4246 Ἰησοῦ
3282 4175 3546 4247 Χριστοῦ,
3579 4178 3647 4230 δι’
3669 4169 3729 4231 οῦ

2152 4257 2245 4310 καὶ
2270 4257 2390 4329 μεθ’
2429 4251 2490 4314 οὗ
2511 4258 2589 4331 τῷ
2616 4261 2795 4331 Πατρὶ
2830 4261 2864 4333 ἡ
2892 4258 3020 4327 δόξα
3047 4259 3141 4313 καὶ
3160 4259 3223 4312 τὸ
3255 4259 3477 4328 κράτος,
3515 4260 3633 4331 ἅμα
3656 4259 3729 4331 τῷ

2152 4340 2293 4413 ἁγίῳ
2317 4342 2616 4416 Πνεύματι,
2639 4345 2719 4408 είς
2738 4344 2864 4408 τοὺς
2888 4343 3090 4407 αἰῶνας
3104 4342 3217 4397 τῶν
3233 4343 3540 4401 αἰώνων.’Ᾱ
3549 4347 3656 4417 μήν
3680 4352 3735 4402 ο.

2187 4608 2199 4624 .
2220 4546 2376 4625 ἤρικε)
2396 4560 2513 4625 ευθε-
2542 4555 2655 4625 ρρεει
2673 4548 2800 4625 ἀμήν
2821 4546 3294 4625 διεθηιεετξλεσταεε
3313 4548 3402 4625 σῦν
3427 4549 3539 4610 θεῷ
3558 4549 3736 4625 3%."-

2151 4608 2213 4656 τόι
2243 4608 2497 4675 Ἰουδαίων
2517 4608 2603 4675 τοῦ
2628 4610 2686 4675 iv“
2694 4608 2846 4675 ἀγίοις
2875 4608 3063 4673 Πατρὸς
3091 4611 3228 4675 ἡ-ιυζιν
3259 4609 3478 4675 Ἰῴννου
3499 4608 3591 4675 τοῦ
3608 4613 3727 4675 Χρυ-

2154 4670 2398 4733 σοστόμου
2418 4671 2466 4719 ἐν
2488 4672 2644 4735 λόγοις
2666 4670 2896 4728 ἑξζυιιιιε
2927 4670 3095 4721 alitem
3120 4670 3266 4722 habet
3288 4671 3336 4720 ἐν
3363 4672 3522 4735 λόγοις
3543 4671 3610 4722 ε’.
