4046 6146
370 242 467 298 9H

361 372 482 411 cum
508 369 637 411 vero
657 355 797 410 Deus
821 355 998 410 videat
1022 356 1213 426 ubique
1241 368 1499 426 praesens,
1526 355 1776 425 perfricta
1803 354 1939 409 faeie

363 456 568 501 tantum
607 445 811 502 facinus
854 447 1090 502 audere?
1117 446 1223 502 Sed
1252 462 1357 501 non
1384 447 1541 502 times
1566 447 1773 501 Deum?
1802 448 1941 518 Ergo

361 540 549 596 saltem
597 539 741 607 ipsos
785 553 1031 594 reverere
1071 538 1304 594 Judaeos.
1348 538 1549 608 Quibus
1590 540 1732 594 enim
1775 540 1942 594 oculis

362 630 507 700 ipsos
537 629 861 684 intueberis?
886 629 1003 696 Quo
1031 644 1125 685 ore
1148 629 1435 699 alloqueris
1459 670 1473 695 ,
1517 629 1643 684 dum
1683 629 1940 700 proﬁtens

362 730 412 774 te
439 735 557 775 esse
578 720 959 786 Christianum,
987 730 1161 774 tamen
1184 720 1248 774 ad
1278 720 1488 775 illorum
1514 722 1683 775 curris
1710 735 1939 791 synago-

359 824 471 880 gas,
501 819 556 864 et
583 810 650 864 ab
681 810 785 864 illis
812 826 967 881 opem
998 812 1287 881 imploras?
1316 811 1430 866 Non
1461 811 1743 880 perpendis
1767 827 1939 882 quan-

362 912 470 955 tum
502 903 666 956 risum
693 904 744 956 in
777 914 829 958 te
858 903 1159 969 effundent,
1194 913 1324 973 quot
1349 915 1661 971 scommata,
1687 916 1937 975 quantam

361 993 830 1048 subsannationem
853 1035 868 1060 ,
898 1004 1092 1063 quanta
1123 995 1383 1049 dedecora
1404 1036 1419 1061 ,
1454 1005 1702 1065 quantam
1732 997 1936 1050 irrisio-

360 1099 517 1150 nem,
562 1094 757 1153 quanta
804 1085 1018 1153 probro,
1059 1085 1159 1140 etsi
1201 1101 1309 1140 non
1352 1085 1544 1156 palam,
1586 1095 1732 1142 certe
1760 1087 1811 1141 in
1841 1101 1936 1142 sua

358 1176 594 1245 ipsorum
624 1177 987 1231 conscientia?

430 1265 484 1319 9.
514 1265 742 1320 Proinde
761 1267 846 1319 die
870 1266 1017 1331 mihi,
1045 1266 1279 1322 haeccine
1303 1275 1430 1322 sunt
1454 1267 1770 1336 tolerabilia,
1797 1269 1937 1324 haee-

358 1356 477 1409 cine
505 1353 760 1409 ferenda?
786 1356 1010 1410 Etiamsi
1041 1359 1183 1411 mille
1220 1367 1422 1413 mortes
1450 1358 1555 1414 sint
1583 1360 1895 1429 Oppetenda:
1914 1402 1931 1427 ,

362 1452 416 1499 et
443 1446 752 1515 gravissima
784 1446 1058 1500 toleranda
1102 1447 1209 1501 sint
1238 1447 1407 1513 mala,
1448 1463 1625 1503 nonne
1651 1449 1816 1504 multo
1845 1465 1933 1504 sa-

360 1537 462 1591 tius
487 1546 602 1590 erat
629 1551 813 1597 omnes
858 1536 976 1591 illas
1021 1538 1227 1607 perpeti
1270 1538 1632 1605 calamitates,
1676 1554 1833 1609 quam
1879 1548 1935 1595 ut

360 1627 460 1682 iste
487 1628 833 1683 scelestarum
865 1630 1004 1684 risus
1029 1636 1084 1683 et
1110 1629 1452 1683 subsannatio
1485 1629 1636 1685 ﬁeret
1659 1672 1672 1696 ,
1700 1646 1763 1685 ac
1792 1648 1933 1701 pra:-

360 1727 504 1773 terea
529 1732 649 1771 cum
676 1718 812 1772 mala
838 1718 1159 1773 conscientia
1182 1718 1486 1773 viveretur?
1514 1720 1638 1774 llaec
1665 1736 1770 1774 non
1790 1720 1931 1790 dico,

359 1819 414 1863 ut
439 1809 665 1863 audiatis
692 1817 913 1876 tantum,
943 1825 1125 1864 verum
1153 1810 1311 1865 etiam
1343 1818 1401 1863 ut
1427 1810 1509 1865 his
1552 1811 1754 1865 morbis
1785 1811 1936 1867 labo-

358 1909 536 1956 rantes
564 1903 781 1955 sanetis.
808 1901 1260 1966 Quemadmodum
1289 1902 1429 1956 enim
1462 1901 1581 1956 illos
1610 1903 1931 1969 incusamus,

356 1992 496 2061 quod
528 1992 733 2047 infirma
764 1994 869 2046 sint.
898 1992 1001 2048 (ide
1029 2010 1041 2045 :
1070 1993 1147 2047 sic
1170 2001 1225 2047 et
1250 2007 1365 2060 vos,
1391 1994 1530 2063 quod
1561 1994 1798 2050 intirmos
1823 2010 1936 2050 cor-

359 2082 529 2151 rigere
558 2098 663 2137 non
692 2083 882 2137 velitis.
906 2082 1023 2137 Non
1053 2084 1210 2153 igitur
1239 2083 1342 2137 hoc
1368 2093 1450 2139 est
1485 2084 1626 2154 quod
1656 2087 1929 2155 quaeritur,

357 2173 572 2238 dilecte,
601 2181 658 2226 ut
685 2172 787 2228 huc
814 2174 1083 2243 ingressus
1124 2184 1327 2229 tantum
1355 2176 1569 2241 audias,
1601 2191 1720 2247 qua:
1746 2178 1933 2232 dicun-

356 2272 461 2316 tur.
486 2263 619 2317 Nam
666 2265 719 2319 id
761 2265 977 2334 quidem
1005 2266 1164 2320 etiam
1205 2266 1406 2320 crimen
1434 2276 1548 2332 est,
1588 2282 1708 2322 cum
1739 2269 1931 2325 auditis

358 2358 695 2411 sermonibus
746 2373 851 2411 non
898 2358 1199 2427 adjungitur
1247 2373 1467 2428 operum
1526 2359 1928 2416 demonstratio.

354 2447 643 2520 Propterea
670 2448 1003 2504 Christianus
1029 2463 1105 2514 es,
1133 2458 1189 2504 ut
1215 2448 1484 2504 Christum
1516 2450 1757 2517 imiteris,
1788 2451 1932 2520 ejus-

353 2555 458 2609 que
487 2540 688 2609 legibus
712 2556 913 2595 morem
937 2556 1112 2611 geras.
1142 2540 1281 2608 Quid
1308 2551 1486 2597 autem
1515 2541 1602 2597 ille
1627 2542 1786 2598 fecit?
1811 2544 1927 2600 Non

354 2630 701 2702 Jerosolymis
730 2631 980 2686 desidens
1010 2634 1216 2687 vocavit
1241 2634 1307 2687 ad
1337 2648 1396 2689 se
1424 2643 1674 2703 aegrotos,
1706 2636 1801 2690 sed
1829 2636 1928 2690 ob-

353 2720 658 2775 ambulabat
692 2722 933 2777 civitates
974 2737 1037 2777 ac
1075 2723 1221 2777 vicos
1246 2765 1258 2788 ,
1287 2724 1529 2793 geminos
1554 2740 1747 2779 curans
1785 2742 1930 2781 mor-

352 2810 471 2877 bos,
490 2819 599 2865 tum
618 2813 803 2879 animi,
824 2820 932 2866 tum
960 2813 1217 2882 corporis.
1246 2813 1491 2868 Attamen
1512 2822 1719 2883 poterat
1738 2816 1926 2871 eodem

352 2899 405 2954 in
435 2900 551 2956 loco
577 2902 773 2956 sedens
816 2916 1005 2957 omnes
1046 2903 1110 2955 ad
1155 2916 1216 2958 se
1250 2903 1565 2958 attrahere:
1596 2919 1699 2959 non
1749 2913 1926 2961 tamen

351 2990 455 3046 hoc
477 2991 619 3057 fecit,
648 2994 801 3047 nobis
830 2994 1074 3063 prmbens
1096 2994 1418 3064 exemplum,
1446 3003 1503 3049 ut
1522 2996 1926 3053 obambulemus

350 3093 407 3139 et
454 3100 754 3155 quaeramus
790 3101 919 3153 eos,
967 3087 1055 3155 qui
1097 3094 1340 3154 pereunt.
1380 3085 1584 3141 Rursus
1624 3086 1727 3142 hoc
1767 3089 1925 3143 etiam

351 3175 602 3245 parabola
630 3176 695 3231 de
724 3185 933 3246 pastore
961 3176 1275 3246 significavit
1300 3176 1459 3246 (Luc.
1493 3178 1580 3231 15.
1623 3179 1775 3250 4-6).
1805 3179 1920 3234 Non

352 3267 493 3320 enim
521 3266 796 3322 desidebat
823 3282 943 3322 cum
974 3268 1257 3337 nonaginta
1283 3282 1473 3323 novem
1502 3269 1710 3337 ovibus,
1739 3285 1928 3341 exspe-

350 3368 500 3413 cmns
529 3356 717 3425 donec,
742 3375 861 3430 qua:
880 3360 1222 3416 aberraverat
1240 3403 1255 3428 ,
1286 3363 1493 3417 veniret
1514 3363 1581 3418 ad
1605 3364 1806 3433 ipsum;
1830 3366 1925 3421 sed

349 3448 479 3503 abiit
507 3450 639 3518 ipse,
668 3458 721 3505 et
746 3451 947 3506 invenit
972 3491 987 3517 ,
1018 3453 1394 3523 inventamque
1427 3463 1655 3523 gestant
1688 3454 1926 3512 humeris

350 3557 412 3596 ac
440 3543 667 3597 reduxit.
690 3544 881 3598 Annon
910 3544 1058 3599 vides
1086 3545 1318 3600 medicos
1361 3562 1569 3616 quoque
1613 3546 1715 3603 hoc
1752 3549 1923 3618 ipsum

351 3630 559 3687 facere?
600 3632 717 3687 Non
746 3643 940 3703 cogunt
981 3643 1208 3705 aegrotos
1252 3636 1391 3691 lecto
1433 3636 1811 3694 decumbentes
1857 3640 1924 3695 ad

352 3724 584 3793 ipsorum
611 3723 753 3779 ardes
779 3724 994 3791 deferri,
1024 3726 1117 3780 sed
1150 3727 1248 3796 ipsi
1274 3737 1557 3781 accurrunt
1579 3729 1645 3783 ad
1674 3744 1787 3785 eos.
1812 3730 1925 3785 [loc

350 3826 404 3871 et
449 3826 501 3871 tu
551 3818 743 3885 facito,
789 3818 985 3874 dilecte
1008 3860 1023 3884 ,
1066 3821 1243 3875 sciens
1272 3830 1588 3891 prmsentem
1619 3823 1780 3876 vitam
1807 3837 1926 3878 esse

353 3907 569 3963 brevem
596 3950 612 3975 ,
641 3924 705 3965 ac
733 3910 830 3963 nisi
862 3910 974 3965 hare
1000 3911 1145 3965 lucra
1174 3910 1535 3979 paraverimus
1554 3950 1570 3977 ,
1600 3912 1796 3966 nullam
1827 3928 1926 3968 nos

352 4000 457 4054 illic
484 3998 755 4055 habituros
784 4016 903 4056 esse
934 4003 1180 4056 salutem.
1205 4003 1357 4071 Saepe
1384 4018 1485 4056 una
1516 4004 1691 4057 anima
1714 4046 1729 4071 ,
1762 4020 1921 4074 quam

351 4090 538 4145 lucrati
570 4090 857 4155 fuerimus,
887 4101 1061 4161 potest
1090 4093 1550 4149 innumerabilium
1581 4103 1924 4164 peccatorum

351 4180 559 4249 pondus
583 4180 797 4235 abolere
816 4220 831 4246 ,
860 4183 1153 4251 animmque
1181 4183 1504 4239 redimendae
1543 4184 1656 4239 fieri
1696 4186 1925 4254 pretium

353 4273 406 4325 in
454 4272 545 4325 illo
586 4272 689 4326 die.
730 4274 915 4341 Cogita
955 4290 1051 4328 cur
1080 4277 1350 4344 prophetm
1372 4317 1387 4341 ,
1416 4292 1513 4331 cur
1537 4278 1799 4346 apostoli,
1831 4292 1927 4332 cur

350 4361 499 4431 justi,
526 4376 623 4415 cur
651 4360 957 4430 frequenter
982 4364 1156 4431 angeli
1189 4366 1334 4419 missi
1363 4366 1469 4420 sint
1489 4408 1504 4432 ,
1536 4380 1632 4421 cur
1656 4368 1772 4435 ipse
1802 4368 1922 4421 uni-

352 4452 559 4521 genitus
593 4452 684 4506 Dei
714 4451 879 4506 Filius
903 4453 1197 4509 advenerit.
1219 4450 1410 4507 Annon
1446 4465 1504 4508 ut
1536 4459 1777 4513 homines
1803 4474 1923 4513 ser-

354 4555 501 4600 varet
524 4545 545 4599 7
572 4544 761 4597 Annon
810 4553 865 4597 ut
894 4558 988 4598 eos
1030 4553 1277 4601 errantes
1314 4544 1608 4599 reduceret.
1642 4547 1754 4600 Hoc
1785 4548 1924 4603 idem

354 4652 476 4707 agas
518 4645 571 4691 tu
612 4652 822 4707 quoque
862 4652 958 4705 pro
995 4637 1194 4691 viribus
1225 4638 1362 4702 tuis,
1393 4653 1656 4708 omneque
1693 4640 1922 4694 studium

354 4745 417 4784 ac
439 4728 847 4783 sollicitudinem
879 4728 1157 4798 impendas
1181 4728 1247 4782 ad
1276 4728 1633 4784 reducendum
1672 4745 1765 4785 eos
1788 4772 1803 4797 ,
1835 4732 1924 4801 qui

354 4819 684 4873 aberrarunt.
714 4819 795 4873 Ad
824 4820 938 4874 hmo
966 4835 1062 4874 vos
1087 4820 1308 4890 singulis
1344 4820 1688 4876 concionibus
1727 4821 1922 4876 adhor-

355 4909 452 4964 tari
497 4925 602 4964 non
646 4924 798 4967 cesso
826 4927 840 4966 :
868 4910 981 4967 sive
1024 4919 1256 4967 mentem
1306 4909 1621 4980 adhibeatis,
1667 4912 1777 4967 sive
1815 4926 1922 4967 non

1534 244 1896 302 ADVERSUS
1922 242 2216 300 JUDJEOS.
2248 246 2380 303 VIII.

3519 252 3619 309 9t!

2048 354 2361 422 adhibeatis,
2389 372 2487 428 ego
2515 357 2693 414 dicere
2719 374 2824 413 non
2846 358 3104 415 desinam.
3131 360 3260 415 Nam
3289 362 3423 418 hanc
3450 366 3617 435 legem

2048 448 2203 502 nobis
2226 449 2365 504 Deus
2391 451 2735 522 praescripsit,
2768 461 2825 507 ut
2851 453 2961 506 sive
2980 453 3204 507 audierit
3229 455 3367 523 quis,
3398 470 3489 509 seu
3513 474 3616 512 non

2045 538 2289 605 audierit,
2325 539 2425 596 hoc
2454 542 2804 597 ministerium
2838 542 3170 613 impleamus.
3198 544 3303 599 Sed
3323 547 3369 600 si
3404 547 3618 617 quidem

2043 630 2318 686 audieritis
2355 641 2407 688 et
2455 632 2688 690 feceritis
2736 650 2797 691 ea
2845 650 2963 706 quae
2999 635 3274 703 dicuntur,
3304 638 3465 692 multa
3496 653 3618 694 cum

2043 720 2318 789 voluptate
2342 721 2447 777 hoc
2472 724 2642 792 ipsum
2675 725 2967 790 faciemus;
2992 725 3073 780 sin
3109 736 3283 781 autem
3315 728 3615 796 neglexeri—

2044 809 2111 864 tis
2130 824 2194 864 ac
2216 810 2427 866 desides
2451 812 2657 868 fueritis
2675 857 2689 879 ,
2716 817 2881 869 multa
2907 831 3025 870 cum
3048 818 3280 871 tristitia.
3304 816 3467 874 Nobis
3494 820 3615 889 qui-

2041 897 2163 952 dem
2191 914 2254 953 ex
2286 909 2463 956 vestra
2491 903 2849 959 inobedientia
2877 905 3077 959 nullum
3107 904 3336 961 futurum
3363 917 3445 962 est
3473 907 3618 976 peri-

2041 987 2242 1054 culum,
2271 990 2697 1061 quandoquidem
2722 994 2975 1065 quidquid
2997 1005 3113 1049 erat
3138 1006 3377 1051 nostrum
3406 999 3615 1068 priesti-

2042 1077 2232 1144 timus;
2280 1087 2336 1133 at
2381 1095 2699 1151 quamquam
2742 1098 2858 1136 .non
2913 1084 3275 1153 periclitamur
3330 1101 3427 1140 nos
3455 1127 3472 1152 ,
3522 1089 3613 1157 qui

2041 1170 2442 1238 prmatiterimus
2465 1173 2666 1238 omnia,
2691 1188 2809 1243 quae
2838 1174 2889 1227 in
2919 1174 3072 1229 nobis
3091 1185 3234 1242 sunt,
3265 1175 3506 1232 dolemus
3531 1187 3614 1232 ta-

2039 1275 2160 1314 men
2195 1261 2334 1330 quod
2363 1277 2459 1317 vos
2488 1263 2768 1318 accusandi
2812 1264 2925 1317 sitis
2971 1266 3022 1319 in
3053 1266 3140 1319 die
3170 1267 3280 1321 illo.
3307 1267 3423 1323 Non
3472 1269 3614 1325 enim

2037 1349 2239 1421 absque
2277 1354 2510 1423 periculo
2546 1355 2697 1409 vobis
2739 1356 2842 1410 erit
2870 1357 3084 1412 audisse
3107 1399 3122 1421 ,
3152 1359 3196 1412 si
3224 1374 3331 1414 non
3373 1376 3617 1417 accesse-

2037 1441 2145 1495 rint
2183 1457 2366 1512 opera.
2410 1444 2543 1498 Audi
2584 1445 2741 1514 igitur
2765 1448 3031 1515 quomodo
3065 1445 3305 1503 Christus
3357 1466 3613 1508 accusans

2036 1530 2281 1588 doctores
2327 1549 2626 1589 sermonem
2671 1537 3014 1602 occultantes,
3057 1539 3214 1594 etiam
3246 1540 3328 1605 iis,
3374 1542 3461 1611 qui
3507 1542 3609 1597 do-

2037 1632 2241 1689 centur,
2272 1624 2537 1695 loquatur.
2563 1628 2694 1681 Cum
2739 1629 2880 1682 enim
2916 1629 3173 1685 dixisset:
3208 1631 3486 1703 Oportebat
3508 1635 3603 1691 de-

2038 1728 2221 1784 ponere
2265 1716 2527 1785 pecuniam
2566 1734 2727 1772 meam
2766 1720 2904 1788 apud
2942 1720 3255 1786 mensarios;
3292 1732 3346 1779 et
3384 1725 3613 1795 adjecis-

2036 1814 2118 1861 set
2152 1824 2165 1860 :
2200 1806 2307 1878 Ego
2348 1809 2546 1862 ueniens
2578 1825 2691 1862 cum
2728 1827 2882 1865 usura
2922 1812 3088 1881 utique
3116 1815 3429 1884 repetiissem
3470 1817 3614 1872 illam

2038 1897 2250 1969 (Matth.
2296 1900 2387 1955 25.
2427 1900 2518 1972 27)
2549 1918 2563 1955 :
2593 1902 2845 1966 ostendit,
2877 1903 3015 1972 quod
3062 1914 3340 1975 postquam
3385 1907 3615 1965 audierit

2037 1988 2183 2055 (nam
2213 1988 2329 2044 haec
2357 1999 2438 2044 est
2467 1992 2703 2060 pecuniae
2741 1990 3025 2066 depositio)
3056 1994 3145 2063 qui
3186 1997 3391 2065 accepit
3417 1996 3615 2053 doctri-

2036 2094 2181 2145 nam,
2210 2094 2424 2135 usuram
2465 2081 2640 2136 facere
2678 2081 2854 2148 debet,
2886 2092 3134 2154 tanquam
3165 2086 3380 2141 domino
3410 2090 3610 2158 repeti-

2035 2175 2175 2223 turo.
2219 2168 2391 2225 Usura
2440 2181 2617 2226 autem
2664 2171 2923 2229 doctrina
2968 2174 3101 2230 nihil
3144 2175 3287 2231 aliud
3332 2186 3413 2232 est
3451 2194 3610 2249 quam

2034 2275 2252 2330 operum
2297 2262 2573 2318 exhibitio.
2611 2263 2753 2334 Ergo
2792 2266 3041 2335 quoniam
3085 2281 3184 2322 nos
3208 2283 3417 2339 quoque
3441 2270 3611 2340 depo-

2033 2351 2235 2405 suimns
2279 2353 2555 2421 pecuniam
2600 2354 2653 2409 in
2700 2369 2856 2410 aures
2888 2366 3137 2413 vestras:
3171 2373 3387 2415 necesse
3427 2369 3508 2417 est
3552 2371 3609 2417 ut

2037 2455 2132 2495 vos
2179 2441 2412 2497 reddatis
2439 2457 2652 2498 usuram
2681 2443 2917 2512 domino,
2956 2445 3057 2500 hoc
3094 2456 3197 2515 est,
3241 2448 3465 2505 salutem
3505 2450 3609 2507 fra-

2035 2541 2172 2587 trum
2202 2544 2518 2589 vestrorum.
2548 2534 2730 2606 Itaque
2770 2538 2815 2592 si
2861 2538 2974 2592 haec
3017 2538 3150 2608 ipsa,
3195 2555 3311 2610 qua:
3336 2540 3605 2614 dicuntur,

2033 2632 2235 2679 tantum
2269 2624 2620 2693 detinueritis,
2653 2627 2782 2681 nihil
2826 2642 2890 2682 es
2921 2628 3002 2683 his
3040 2629 3443 2698 luerifacientcs,
3490 2648 3603 2689 mc-

2035 2726 2125 2770 tuo
2162 2732 2229 2771 ne
2257 2717 2469 2771 easdem
2508 2718 2645 2772 detis
2675 2733 2877 2788 pmnas,
2906 2734 3040 2789 quas
3073 2719 3223 2775 dedit
3253 2720 3362 2787 ille,
3393 2723 3483 2793 qui
3523 2724 3611 2780 de-

2032 2806 2239 2861 foderat
2265 2806 2540 2861 talentum.
2570 2807 2701 2861 Nam
2730 2809 2816 2863 ille
2850 2819 3129 2879 prepterea
3165 2813 3407 2867 manibus
3431 2827 3495 2868 ac
3518 2829 3603 2883 pe—

2033 2897 2190 2951 dibus
2214 2896 2425 2951 vinctus
2451 2897 2503 2951 in
2527 2898 2778 2952 tenebras
2802 2902 3006 2967 ejectus
3030 2908 3113 2954 est
3141 2902 3451 2966 exteriores.
3476 2920 3609 2973 quo-

2031 2986 2173 3042 niam
2199 3002 2304 3042 non
2331 2987 2659 3058 deprompsit
2684 2988 2738 3042 in
2763 2989 2896 3042 alios
2918 3005 3036 3059 qua:
3064 2991 3319 3045 audierat.
3353 2994 3427 3048 Ne
3450 2994 3608 3063 igitur

2030 3095 2129 3135 nos
2147 3094 2357 3151 quoque
2376 3080 2563 3135 eadem
2581 3080 2859 3150 patiamur,
2883 3096 3002 3135 eum
3023 3082 3110 3152 qui
3133 3082 3365 3152 quinque
3382 3085 3598 3150 talenta,

2030 3181 2085 3227 et
2105 3187 2225 3227 eum
2243 3173 2333 3243 qui
2356 3172 2462 3227 duo
2476 3173 2699 3243 accepit,
2724 3174 2991 3227 imitemur
3004 3214 3017 3235 ,
3043 3173 3251 3233 etiamsi
3273 3190 3603 3242 sermonem,

2027 3263 2234 3322 etiamsi
2256 3265 2554 3335 pecuniam,
2582 3264 2791 3319 etiamsi
2826 3264 3064 3334 corporis
3102 3265 3357 3331 laborem,
3394 3266 3605 3322 etiamst

2030 3371 2233 3426 preces,
2248 3365 2339 3411 aut
2356 3355 2498 3410 aliud
2514 3353 2781 3425 quidpiam
2796 3354 2847 3408 in
2865 3354 3086 3423 proximi
3103 3352 3325 3409 salutem
3340 3354 3605 3412 insumere

2028 3448 2340 3517 oportuerit,
2366 3462 2432 3501 ne
2445 3434 2748 3517 gravemur,
2773 3454 2832 3500 ut
2851 3446 3219 3515 undecumque
3236 3447 3490 3501 talentum
3509 3463 3602 3503 no-

2028 3539 2107 3595 bis
2121 3554 2151 3594 a
2168 3540 2273 3594 Deo
2291 3539 2538 3595 traditum
2552 3554 2648 3609 pro
2664 3554 2759 3594 sua
2775 3539 2995 3609 quisque
3009 3538 3250 3607 portione
3261 3538 3547 3608 multiplica
3554 3559 3617 3599 η-

2029 3640 2129 3697 tes,
2163 3632 2427 3701 possimus
2460 3631 2601 3685 illam
2623 3630 2828 3685 beatam
2858 3629 3043 3684 audire
3061 3644 3264 3690 vocem,
3284 3629 3450 3700 Euge,
3467 3646 3604 3685 sem

2029 3721 2155 3775 bone
2191 3729 2239 3774 et
2285 3719 2488 3789 ﬁdelis;
2521 3721 2574 3774 in
2613 3721 2789 3791 paucis
2835 3720 2978 3792 fuisti
3018 3720 3203 3787 ﬁdelis,
3241 3735 3399 3789 supra
3448 3720 3607 3775 multa

2029 3820 2075 3865 te
2102 3812 2435 3875 constituam;
2454 3812 2589 3865 intra
2612 3812 2667 3864 in
2691 3810 2932 3881 gaudium
2971 3809 3159 3865 domini
3185 3814 3257 3862 tut
3280 3808 3488 3881 (Matth.
3511 3810 3605 3880 25,

2028 3903 2151 3974 2|);
2206 3918 2313 3971 quo
2371 3902 2524 3955 nobis
2577 3901 2825 3955 omnibus
2878 3899 3032 3968 potiri
3075 3900 3383 3967 contingat,
3435 3902 3604 3969 gratia

2030 4001 2087 4048 et
2131 3992 2454 4061 benignitate
2495 3989 2706 4043 Domini
2758 3988 2928 4044 nostri
2965 3987 3091 4043 Jesu
3135 3986 3349 4052 Christi,
3376 4002 3610 4055 quocum

2029 4092 2087 4138 et
2126 4096 2220 4152 per
2262 4096 2421 4151 quem
2461 4080 2603 4137 Patri
2637 4079 2838 4149 gloria,
2875 4086 2929 4133 et
2970 4078 3248 4147 imperium
3289 4078 3447 4133 simul
3484 4093 3605 4134 cum

2029 4183 2213 4231 sancto
2237 4174 2458 4244 Spiritu,
2486 4173 2539 4228 in
2566 4172 2757 4228 saecula
2788 4170 3141 4251 saeculorum;
3168 4169 3393 4225 Amen'.

2092 4734 2107 4764 ι
2134 4739 2351 4793 οιιογδιεε.
2377 4738 2499 4793 post,
2524 4739 2686 4791 Amen,
2710 4732 2893 4793 habent
2915 4737 3151 4793 {1qu
3164 4740 3275 4791 Deo,
3297 4736 3440 4785 Pater
3454 4737 3613 4782 noster

2026 4789 2077 4842 in
2096 4792 2270 4843 sanctis
2293 4789 2689 4855 (‘Iniysostomuﬁ
2722 4791 3128 4855 orationibussuis
3143 4831 3157 4852 ,
3199 4789 3361 4844 contra
3397 4792 3609 4851 Jmlwos,

2027 4830 2269 4918 ἷιὶιὶἔῒὲἓ
2294 4830 3395 4918 Heremiasﬁ.2}..“z7§§5§5aﬁ"6.1.§3.1‘t.;..
3419 4855 3565 4904 habet
3589 4831 3604 4893 .-'

2026 4915 2140 4978 (iure
2161 4915 2366 4979 quinque
2387 4915 2712 4966 numerantur.
