4046 6146
451 267 556 324 91-3

466 463 1728 496 F-m

535 483 562 489 .-
571 485 623 492 __
638 485 670 492 __
681 487 696 491 _
715 484 824 492 μ,
831 480 1224 490 ___.__.__.._--___.

1163 261 1217 316 S.
1258 258 1540 314 JOANNIS
1578 255 2070 314 CllllYSOSTOMI
2110 255 2429 312 ARCHIEP.
2470 249 3016 310 CONST.\NT|NOI’.

3588 242 3696 296 ειη

1785 443 3679 469 M

2551 471 2868 479 ...—-—._-__-‘
2877 472 2905 476 .-
2913 471 2977 477 _.-
2985 469 3245 476 *ο*

690 687 764 744 IN
799 681 1212 742 HOMILIAM
1258 679 1360 740 DE
1397 677 1558 739 NON
1603 673 2427 738 ANATHEMATIZANDIS
2463 671 2680 733 VIVIS
2720 672 2987 744 ATQUE
3033 669 3469 733 DEFUNCTIS

1767 936 2378 1029 MONITUM.

529 1439 651 1506 Quo
697 1448 938 1507 tempore
973 1439 1114 1492 hanc
1165 1439 1418 1494 habuerit
1467 1439 1746 1494 homiliam
1780 1442 2020 1511 Chryso-

460 1543 692 1596 stomus,
725 1532 878 1585 initio
914 1530 1154 1584 declarat
1204 1531 1318 1599 ipse
1346 1546 1468 1583 cum
1501 1531 1576 1584 ait
1603 1549 1615 1585 :
1667 1530 1850 1599 Nuper
1881 1531 2021 1584 vobis

456 1626 520 1678 de
551 1621 1086 1686 incomprehensibilis
1112 1624 1404 1692 cognitione
1433 1623 1521 1676 Dei
1545 1623 1828 1686 disserens,
1854 1624 2024 1676 multa

456 1716 609 1769 verba
643 1715 764 1784 feci,
803 1731 865 1767 ac
906 1723 1014 1766 tum
1040 1713 1432 1782 Scripturarum
1467 1715 1698 1775 vocibus,
1730 1724 1838 1766 tum
1867 1724 2022 1768 natu-

459 1807 659 1860 ralibus
697 1807 991 1863 ratiociniis
1025 1806 1402 1870 demonstravi,
1429 1807 1586 1858 etiam
1617 1806 1743 1872 ipsis
1785 1806 2022 1859 invisibi-

455 1899 594 1952 libus
638 1896 919 1951 virtutibus
959 1897 1281 1948 inaccessam
1329 1911 1545 1964 prorsus
1605 1911 1715 1948 esse
1771 1895 2022 1950 Numinis

455 1990 1007 2056 comprehensionem;
1055 1987 1165 2040 illis
1215 1989 1452 2051 scilicet,
1491 2004 1606 2057 qute
1657 1989 1892 2041 materia:
1932 2005 2024 2041 ea:-

455 2091 652 2148 pertem
681 2090 730 2134 el
765 2082 970 2134 beatam
1014 2081 1175 2134 vitam
1216 2091 1420 2149 agunt:
1463 2097 1655 2146 nosque
1705 2093 1898 2140 tamen,
1932 2083 2022 2150 qui

454 2175 512 2227 in
551 2176 693 2228 omni
726 2174 945 2226 mollitie
975 2183 1130 2242 atque
1153 2175 1362 2243 ignavia
1392 2176 1552 2228 vitam
1587 2177 1888 2244 (legimus...
1912 2192 2024 2228 rem

456 2265 808 2319 inuisibilibus
848 2265 1156 2320 substantiis
1187 2268 1394 2334 penitus
1435 2269 1668 2336 ignotam
1701 2268 1909 2336 assequi
1937 2283 2024 2319 co—

457 2360 598 2424 nari,
625 2369 728 2412 etc.
778 2357 903 2414 Haec
950 2373 1082 2413 vero
1135 2359 1370 2412 maxime
1410 2367 1705 2427 pertractat
1762 2360 2025 2412 concione

457 2452 616 2507 tertia
646 2451 714 2506 de
741 2449 1276 2520 incomprehensibili
1305 2469 1318 2504 :
1348 2466 1518 2518 quare
1563 2451 1645 2503 vel
1695 2459 1814 2519 post
1873 2450 2020 2503 illam

457 2543 544 2598 vel
595 2551 720 2611 post
765 2542 1004 2611 aliquam
1049 2558 1115 2595 ex
1169 2544 1526 2610 sequentibus
1582 2543 1722 2596 hanc
1779 2541 2026 2596 habuerit

459 2634 760 2695 homiliam,
784 2642 1028 2688 vertente
1058 2633 1316 2686 nimirum
1347 2647 1492 2685 anno
1516 2631 1638 2686 586.
1665 2631 1863 2686 Verum
1902 2633 2024 2686 licet

459 2725 574 2780 haec
606 2728 865 2795 temporis
892 2735 1017 2779 uota
1057 2725 1190 2778 nulli
1239 2724 1534 2778 difficultati
1572 2725 1807 2778 obnoxia
1843 2723 2026 2777 videa-

458 2826 572 2882 tur,
627 2827 818 2872 contra
846 2832 965 2870 eam
1019 2825 1198 2870 tamen
1233 2817 1435 2869 multas
1494 2825 1674 2869 movet
1700 2817 2027 2884 (praestiones

461 2910 876 2975 'l'illcmoutius,
931 2907 1024 2977 qui
1077 2908 1130 2960 in
1169 2907 1452 2961 adversam
1511 2909 1624 2961 abit
1676 2909 2026 2962 sententiam.

455 3001 616 3064 Nam,
646 3001 840 3070 inquit,
872 2998 1110 3054 homilia:
1143 2998 1308 3067 hujus
1343 2999 1625 3053 exordium
1685 3014 1793 3052 non
1845 2999 2029 3052 cohae-

459 3100 543 3146 ret
571 3107 692 3145 cum
729 3090 1084 3159 sequentibus
1118 3090 1297 3144 verbis
1325 3090 1493 3152 hisce,
1520 3091 1651 3161 φέρε
1676 3090 1742 3156 δὴ
1769 3089 1864 3143 καὶ
1899 3089 2028 3160 περὶ

455 3180 818 3251 ἁναθέματος,
861 3182 952 3238 ubi
984 3197 1144 3235 suum
1171 3181 1238 3234 de
1269 3181 1612 3234 anathemate
1649 3189 2026 3250 argumentum

460 3282 697 3327 tractare
728 3273 920 3342 incipit
977 3273 1440 3340 Cbrysostomus:
1479 3286 1650 3341 quare
1706 3271 2028 3325 iutermedia

459 3364 630 3417 multa
669 3363 852 3417 desint
891 3369 1128 3432 Oportet,
1162 3362 1384 3431 quando
1422 3362 1661 3416 maxime
1693 3361 1851 3428 longe
1904 3360 2029 3415 bre-

459 3458 581 3510 vior
619 3456 839 3508 homilia
886 3465 971 3509 est
1017 3469 1181 3524 quam
1216 3454 1430 3509 soleant
1475 3452 1853 3524 Cbrysoswmi
1884 3467 2025 3508 esse.

459 3548 646 3618 Neque
703 3561 832 3601 vero
879 3547 970 3602 hic
1023 3546 1253 3616 gradum
1293 3546 1460 3609 sistit,
1500 3544 1596 3599 sed
1659 3553 1812 3614 putat
1853 3553 2027 3598 totum

458 3639 747 3693 exordium
797 3637 1019 3691 aliunde
1081 3637 1364 3690 advectum
1415 3645 1470 3689 et
1515 3644 1763 3689 assutum
1819 3633 2025 3690 fuisse:

460 3743 584 3798 qua:
638 3736 818 3781 autem
875 3727 942 3781 de
996 3725 1344 3779 anathemate
1402 3725 1847 3794 subjungnutur,
1906 3733 2031 3794 post

459 3829 690 3876 mortem
712 3818 924 3874 Paulini
954 3818 1300 3880 Antiocheni,
1331 3832 1454 3887 qua:
1487 3833 1632 3871 anno
1663 3817 1768 3872 588
1806 3818 2027 3881 accidit,

458 3913 604 3968 edita
638 3912 808 3969 fuisse
837 3912 1018 3980 arguit
1046 3927 1114 3966 ex
1136 3911 1510 3982 Chrysostomi
1543 3910 1744 3973 verbis,
1789 3925 1912 3979 qua:
1949 3910 2030 3964 sic

459 4008 575 4076 ipse
601 4006 804 4062 refert:
845 4004 1035 4060 Patres
1083 4005 1404 4058 damnarunt
1448 4019 1566 4057 eum
1591 4019 1742 4073 quem
1766 4019 1859 4072 ego
1893 4018 2027 4055 ana-

461 4097 766 4163 thematizo,
816 4098 1144 4166 maximeque
1198 4095 1487 4148 Paulinum
1535 4093 1649 4162 ejus
1687 4093 2022 4160 magistrum.

459 4191 558 4248 Hic
590 4192 874 4261 populares
903 4190 1268 4245 Antiochenos
1288 4185 2029 4257 loquentesinducitChryso-

458 4297 689 4346 stemus,
707 4299 803 4339 eos
817 4285 1024 4338 scilicet
1041 4283 1133 4352 qui
1151 4297 1265 4336 sua:
1289 4278 1688 4335 communionis
1708 4286 1882 4340 erant,
1897 4293 2029 4346 quo-

457 4390 577 4430 rum
596 4375 777 4439 verba,
805 4374 979 4443 inquit
997 4369 1680 4436 TillemontiusJ’aulinum
1695 4370 1808 4439 jam
1827 4369 2025 4424 defun-

459 4476 606 4522 ctum
635 4465 805 4520 fuisse
846 4464 1568 4534 arguunt;quandoquidem
1585 4478 1692 4516 non
1713 4472 1820 4516 tam
1841 4461 2026 4516 Pauli-

459 4574 591 4614 num
631 4574 792 4627 quam
817 4557 935 4627 ejus
968 4558 1262 4624 discipulos
1286 4557 1542 4625 impetere
1572 4556 1824 4610 videntur
1849 4573 1861 4608 :
1893 4564 1948 4608 at
1978 4554 2021 4608 si

457 4652 720 4708 Paulinus
734 4650 977 4714 vixisset,
993 4650 1047 4702 in
1065 4666 1186 4702 cum
1215 4649 1471 4712 maxime,
1491 4661 1546 4702 ut
1563 4655 1838 4702 auctorem
1873 4647 2021 4711 mali,

457 4745 745 4798 anathema
781 4741 1158 4812 proferendum
1178 4741 1481 4794 videbatur.
1504 4738 1627 4793 llzec
1661 4740 1771 4800 ille,
1807 4753 1930 4806 qua:
1956 4752 2025 4791 ne

461 4835 751 4889 minimum
783 4831 1006 4902 quidem
1038 4845 1139 4883 nos
1169 4846 1200 4884 a
1222 4829 1404 4898 priore
1428 4827 1694 4883 sententia
1722 4828 2019 4888 dimovent,

455 4942 623 4999 quam
682 4927 812 4978 item
864 4923 1188 4978 sententiain
1247 4921 1418 4975 secuti
1471 4928 1602 4976 sunt
1653 4917 1923 4972 Baronius
1970 4926 2025 4971 et

459 5019 828 5075 llermantius.
866 5015 1022 5081 Quod
1045 5013 1190 5068 enim
1222 5014 1319 5076 ait,
1346 5012 1633 5066 exordium
1668 5010 1888 5064 aliunde
1923 5009 2016 5061 ad-

457 5121 705 5171 vectum,
764 5121 1012 5161 mancam
1069 5102 1373 5164 heminam,
1427 5115 1660 5168 eamque
1713 5099 2017 5153 breviorem

456 5219 578 5258 esse
611 5215 776 5270 quam
834 5199 1046 5253 soleant
1084 5191 1459 5264 Cbrysostomi
1499 5191 1834 5244 conciones:
1883 5190 2019 5252 lucc,

456 5289 920 5361 inquam.omuia
965 5287 1135 5357 gratis
1193 5284 1468 5338 dicuntur.
1529 5279 1810 5350 Siquidem
1865 5295 2024 5332 exor-

455 5383 606 5436 dium
633 5381 860 5434 omnino
886 5377 1126 5432 cohaeret
1147 5389 1270 5429 cum
1309 5373 1398 5435 iis,
1433 5387 1554 5440 qua:
1581 5371 1648 5424 de
1677 5370 2024 5423 anathemate

459 5472 907 5540 subjunguutur:
963 5467 1210 5522 ordiendi
1261 5465 1457 5519 modus
1507 5462 1905 5532 Chrysostomo
1941 5466 2023 5512 est

457 5559 752 5616 admodum
785 5557 1090 5611 familiaris.
1126 5556 1266 5621 Quid
1293 5555 1439 5608 enim
1471 5553 1835 5624 frequentius,
1859 5564 2020 5620 quam

473 5661 724 5708 sanctum
764 5653 1042 5704 doctorem
1097 5645 1278 5702 videre
1309 5648 1389 5703 sic
1423 5647 1718 5702 conciones
1774 5661 1904 5700 suas
1941 5643 2022 5696 iti-

2136 1439 2471 1509 cipientem?
2509 1439 2688 1506 Nuper
2726 1437 2868 1492 vobis
2923 1437 2986 1490 de
3024 1435 3557 1506 incomprehensibilis
3606 1454 3704 1490 co-

2133 1534 2366 1601 gnitione
2399 1531 2490 1586 Dei
2523 1532 2802 1595 disserens,
2862 1531 3030 1584 multa
3088 1532 3240 1584 verba
3299 1531 3419 1600 feci,
3459 1549 3518 1583 ac
3584 1543 3700 1583 tum

2130 1621 2525 1690 Scripturarum
2565 1624 2791 1689 vocibus,
2840 1632 2950 1674 tum
3008 1622 3344 1676 naturalibus
3398 1624 3700 1678 ratiociniis

2125 1716 2515 1774 demonstravi,
2575 1716 2736 1768 etiam
2797 1715 2922 1783 ipsis
2986 1715 3330 1769 inuisibilibus
3407 1718 3695 1774 virtutibus

2124 1808 2442 1861 inaccessam
2470 1823 2682 1876 prorsus
2709 1823 2818 1861 esse
2842 1805 3090 1861 Numinis
3120 1810 3693 1871 comprehensionem...

2124 1900 2232 1968 Age
2273 1915 2407 1952 nunc
2445 1910 2719 1968 postquam
2761 1900 2824 1952 de
2871 1900 3204 1953 anathemate
3243 1903 3382 1955 vobis
3436 1916 3697 1972 quantum

2125 1992 2358 2044 convenit
2391 1992 2817 2056 disseruerimns,
2848 1992 3049 2060 vimque
3073 1994 3197 2045 ntali
3233 1994 3412 2060 huius,
3439 1995 3577 2063 quod
3599 2012 3697 2064 pro

2127 2083 2295 2134 nihilo
2335 2090 2625 2148 reputatur,
2660 2083 3057 2141 ostenderimus.
3092 2083 3213 2136 hinc
3242 2084 3376 2152 freni
3414 2087 3698 2153 impatien-

2128 2172 2202 2224 tia
2234 2188 2327 2224 ora
2388 2172 2739 2235 cohibeamus,
2773 2182 2877 2227 etc.
2899 2171 2989 2227 Sic
3026 2173 3240 2242 pr‘efari
3283 2175 3421 2230 solet
3444 2177 3694 2248 Chryso-

2127 2273 2367 2315 stomus.
2407 2261 2505 2315 llic
2541 2264 2687 2316 nulla
2719 2263 2922 2326 hiatus,
2967 2264 3175 2319 lat-uua:
3210 2265 3512 2335 cujuspiam
3546 2269 3698 2325 nulla

2129 2355 2373 2423 suspicio
2422 2356 2606 2408 haberi
2657 2365 2858 2425 potest.
2894 2355 3006 2411 Nec
3053 2359 3170 2426 plus
3223 2360 3452 2414 subsidii
3497 2361 3699 2418 referet

2127 2445 2505 2500 Tillemontius
2543 2463 2607 2501 ex
2663 2448 2898 2502 hmuilise
2932 2449 3193 2504 brevitate
3223 2492 3238 2514 ,
3276 2467 3426 2515 nam,
3463 2461 3524 2507 ut
3567 2464 3702 2509 sunt

2133 2539 2315 2589 multa:
2345 2536 2720 2608 Chrysostomi
2750 2538 3047 2594 conciones
3076 2540 3177 2594 hac
3225 2544 3570 2611 prolixiores,
3619 2544 3694 2601 ita

2131 2629 2420 2698 plusquam
2456 2629 2641 2700 viginti
2697 2645 2992 2698 possumus
3041 2633 3140 2688 hac
3198 2634 3358 2703 longe
3416 2634 3696 2694 breviores

2130 2721 2398 2790 proferre,
2432 2721 2484 2774 in
2513 2737 2651 2790 quas
2674 2731 2853 2775 tamen
2879 2723 3026 2778 nulla
3059 2724 3140 2778 vel
3170 2725 3380 2786 νοθείας
3404 2727 3484 2783 vel
3514 2729 3700 2786 hiatus

2132 2815 2376 2883 suspicio
2398 2815 2556 2868 cadat
2584 2831 2598 2868 :
2633 2826 2822 2884 estque
2865 2816 2978 2870 haec
3007 2817 3226 2871 aliunde
3262 2819 3408 2882 talis,
3439 2829 3508 2874 ut
3533 2837 3698 2893 argu-

2128 2915 2311 2958 mento
2340 2905 2473 2958 nihil
2497 2905 2729 2964 deficiat.
2760 2907 2944 2976 sitque
2973 2909 3230 2965 omnibus
3258 2912 3373 2966 suis
3408 2921 3463 2966 et
3494 2930 3692 2969 nume-

2130 2996 2207 3051 ris
2236 3003 2291 3049 et
2332 2997 2578 3064 partibus
2604 2997 2877 3052 absoluta.
2909 2997 3088 3055 Locus
3140 3013 3320 3056 autem
3369 3004 3481 3069 ille,
3528 3021 3694 3076 quem

2130 3087 2286 3156 quasi
2317 3101 2382 3142 ex
2436 3087 2539 3142 hac
2580 3088 2801 3140 homilia
2839 3100 3157 3159 excerptum
3194 3093 3351 3149 all‘ert
3396 3093 3698 3152 Tillemon-

2129 3181 2276 3241 tius,
2320 3188 2379 3232 ut
2425 3177 2616 3246 probet
2670 3174 2957 3230 Paulinum
2996 3177 3108 3246 jam
3164 3179 3367 3235 abiisse
3414 3197 3538 3235 cum
3583 3184 3695 3238 lucc

2130 3271 2558 3342 Chrysostomus
2590 3269 3030 3336 concionaretur,
3061 3286 3275 3340 nempe,
3320 3270 3512 3327 Patres
3540 3275 3694 3328 dam-

2131 3372 2382 3418 naverunt
2439 3379 2558 3417 eum
2609 3377 2760 3432 quem
2788 3379 2880 3431 ego
2921 3362 3335 3429 anathematizo,
3369 3365 3695 3435 maximeque

2130 3453 2421 3508 Paulinum
2477 3453 2594 3523 ejus
2629 3453 2980 3523 magistrum;
3036 3452 3214 3517 locus,
3274 3453 3532 3524 inquam,
3583 3457 3694 3520 ille,

2129 3546 2343 3602 etiamsi
2369 3545 2746 3617 Chrysostomi
2771 3553 2936 3610 esset,
2983 3559 3092 3600 non
3146 3545 3300 3602 video
3330 3563 3433 3614 qua
3483 3550 3697 3605 ratione

2129 3637 2384 3707 probaret
2409 3635 2523 3704 jam
2549 3634 2864 3689 defunctum
2893 3634 3064 3690 fuisse
3093 3631 3407 3698 Paulinum,
3442 3653 3544 3692 nec
3568 3650 3704 3706 puto

2129 3727 2438 3797 quempiam
2467 3724 2582 3778 fore
2611 3732 2720 3778 tam
2752 3723 3027 3794 Lynceum
3055 3733 3115 3778 ut
3145 3725 3234 3780 hic
3251 3724 3463 3781 Paulini
3487 3728 3693 3784 obitum

2129 3819 2438 3890 perspiciat.
2468 3815 2667 3872 Verum
2693 3816 2856 3886 longe
2883 3816 3041 3871 aliter
3069 3832 3129 3872 se
3160 3817 3320 3872 habet
3348 3819 3491 3888 apud
3523 3819 3696 3893 Chry-

2129 3918 2434 3968 sostomum
2469 3908 2560 3964 ille
2583 3909 2760 3976 locus,
2795 3917 2854 3964 ut
2882 3924 3008 3964 mox
3064 3909 3196 3980 ipsis
3241 3911 3421 3967 verbis
3480 3911 3536 3967 in
3585 3930 3692 3967 me-

2129 4001 2278 4058 dium
2310 3999 2559 4054 adductis
2590 3998 2764 4066 palam
2793 3997 2917 4052 erit.

2203 4090 2276 4144 Ut
2301 4098 2482 4146 autem
2517 4103 2627 4158 quo
2654 4088 2709 4140 in
2739 4096 2884 4142 statu
2921 4096 3053 4143 tunc
3102 4101 3246 4144 esset
3299 4087 3538 4144 Ecclesia
3585 4089 3695 4142 Au-

2131 4181 2381 4236 tiochena
2443 4180 2794 4250 intelligatur.
2847 4180 2992 4248 quod
3049 4195 3180 4235 sane
3235 4181 3302 4234 ad
3358 4183 3690 4250 propositam

2129 4271 2484 4340 quaestionem
2536 4269 2850 4324 solvendam
2892 4269 3122 4323 multum
3169 4269 3418 4336 confert,
3483 4285 3573 4326 res
3615 4285 3694 4327 est

2130 4363 2290 4418 altius
2313 4363 2620 4431 repetenda.
2645 4361 2961 4418 Eustathius
2983 4363 3271 4432 episcopus
3299 4364 3696 4429 Antiochenus.

2133 4455 2219 4507 vir
2255 4464 2476 4509 sanctus
2505 4463 2560 4508 et
2591 4453 2927 4516 Catholicus,
2961 4454 3190 4524 ideoque
3215 4455 3431 4510 Ariauis
3462 4456 3689 4517 invisus.

2134 4545 2374 4614 ipsorum
2413 4560 2573 4615 opera
2608 4556 2661 4600 et
2692 4545 2981 4600 calumniis
3011 4545 3295 4613 depositus
3332 4545 3386 4598 in
3411 4547 3691 4600 exsilium-

2130 4652 2236 4705 que
2266 4645 2422 4691 actus
2455 4636 2630 4690 fuerat
2667 4651 2811 4690 anno
2839 4637 3057 4690 circiter
3091 4635 3227 4702 350,
3269 4637 3322 4689 in
3354 4636 3583 4706 ejusque
3618 4639 3693 4690 lu-

2132 4740 2256 4779 cum
2291 4726 2619 4780 substitutus
2652 4735 2735 4780 est
2767 4726 2908 4780 alius
2939 4727 3228 4796 episcopus
3257 4726 3522 4789 Arianus,
3545 4729 3694 4781 dein-

2133 4832 2366 4886 cepsque
2434 4817 2748 4871 continuata
2821 4818 3170 4873 successione
3239 4819 3485 4888 ejusdem
3535 4833 3693 4875 serue

2130 4908 2371 4977 episcOpi
2419 4907 2815 4962 Antiochenam
2857 4919 3076 4963 tenuere
3131 4909 3346 4975 sedem,
3401 4910 3694 4964 Catholicis

2131 5000 2344 5053 interitu
2367 5014 2489 5054 cum
2508 4998 2656 5071 [690]
2674 4999 3028 5054 Eustathiauo
3044 5000 3186 5055 clero
3202 5002 3427 5056 seorsim
3448 5003 3694 5056 collectas

2133 5092 2438 5161 agentibus,
2483 5094 2658 5146 donec
2716 5092 2901 5146 Ariani
2960 5093 3250 5157 Meletium,
3287 5110 3449 5164 quem
3505 5095 3689 5148 lueresi

2131 5198 2246 5238 sua:
2271 5184 2542 5238 addictum
2591 5183 2872 5252 putabant.
2908 5187 2958 5237 in
3009 5185 3324 5254 episcopum
3355 5186 3688 5255 adlegarunt.

2129 5275 2197 5328 At
2248 5273 2335 5327 tibi
2374 5284 2562 5342 postea
2618 5275 3014 5343 comperissent
3071 5276 3218 5329 illum
3280 5277 3563 5330 catholicas
3620 5277 3690 5329 rei

2129 5365 2402 5419 vindicem
2429 5364 2754 5434 Arianisque
2788 5365 3042 5420 infestum
3069 5383 3210 5431 esse,
3240 5369 3414 5421 virum
3449 5369 3500 5420 in
3553 5373 3693 5422 exsi-

2130 5456 2262 5509 lium
2301 5456 2425 5523 pelli
2458 5466 2674 5518 curant,
2705 5458 2758 5510 in
2791 5459 3018 5526 ejusque
3050 5459 3225 5512 locum
3257 5461 3516 5514 Fuzoium
3549 5462 3690 5514 Aria-

2131 5564 2257 5602 uum
2289 5549 2645 5604 substituunt.
2679 5547 2833 5602 Tune
2867 5566 2994 5604 vero
3020 5561 3128 5604 tres
3163 5552 3215 5604 in
3269 5563 3446 5620 partes
3492 5553 3686 5607 distra-

2129 5650 2214 5696 cta
2247 5641 2436 5695 civitas
2470 5640 2570 5694 fuit
2614 5660 2625 5693 :
2662 5641 2832 5711 prima
2863 5651 2978 5695 erat
3015 5642 3512 5703 liudathiauorum.
3576 5644 3684 5697 sive
