4046 6146
343 301 450 356 943

347 426 537 468 eorum
570 413 664 481 qui
699 413 756 469 S.
807 413 1076 470 Eustathii
1112 427 1294 486 partes
1321 422 1493 476 secuti
1524 422 1758 489 fuerant,
1786 432 1912 498 qui-

347 519 456 574 que
511 501 712 558 Meletii
761 509 1223 575 communionem,
1273 513 1416 580 quod
1462 515 1532 568 ab
1587 515 1802 572 Arianis
1858 521 1913 574 in

347 593 666 664 episcopum
697 605 985 667 cooptatus
1014 598 1228 665 fuisset,
1263 604 1632 674 respuebant;
1675 609 1914 665 secunda

347 681 778 752 Meletianorum,
817 687 1026 744 scilicet
1059 690 1488 758 Catholicorum,
1519 697 1612 765 qui
1638 696 1913 755 Meletium

347 769 448 830 etsi
474 777 543 830 ab
565 777 784 834 Arianis
823 780 1152 847 ordinatum,
1187 793 1370 854 utpote
1415 787 1752 845 Catholicum
1788 808 1917 846 sau-

347 869 763 940 ctissimumque
807 875 1008 937 virum,
1049 877 1457 945 sequebantur;
1490 882 1646 936 tertia
1685 883 1918 939 Ariano-

349 973 492 1025 rum,
524 960 617 1028 qui
646 975 771 1014 cum
803 960 1010 1016 Euzoio
1034 975 1335 1020 conventus
1358 968 1608 1037 agebant.
1645 969 1916 1029 Hactenus

349 1057 529 1102 tamen
560 1050 774 1104 nonnisi
807 1051 917 1106 duo
940 1053 1182 1123 episcopi
1211 1055 1517 1112 Antiochia:
1554 1067 1728 1124 erant,
1758 1060 1915 1113 nimi-

350 1153 474 1192 rum
508 1153 574 1191 ex
607 1149 758 1208 parte
789 1141 1195 1197 Catholicorum
1243 1145 1511 1211 Meletius,
1567 1165 1634 1204 ex
1687 1151 1920 1206 Ariano-

353 1243 478 1282 rum
529 1244 660 1284 vero
721 1241 870 1300 parte
900 1231 1179 1292 Euzoius:
1220 1253 1344 1292 nam
1401 1239 1738 1294 Eustatbiani
1791 1257 1914 1296 cum

348 1318 579 1374 Paulino
642 1322 955 1392 presbytero
1031 1326 1258 1379 seorsim
1333 1328 1588 1384 collectas
1663 1331 1914 1400 agebant.

349 1407 717 1476 Quamobrem
766 1413 1102 1470 Athanasius
1144 1417 1197 1470 in
1255 1419 1463 1488 synodo
1515 1419 1916 1487 Alexandrina,

351 1515 496 1555 anno
526 1501 651 1565 562,
705 1502 832 1558 totis
890 1505 1097 1560 viribus
1139 1506 1412 1562 nitebatur
1459 1517 1519 1564 ut
1572 1510 1918 1566 Eustathiani

352 1591 656 1650 Melctianis
729 1595 1194 1664 adjungerentur,
1270 1614 1570 1668 omnesque
1655 1600 1918 1658 Catholici

353 1700 522 1739 unum
593 1682 865 1738 Mclctium
902 1687 1214 1755 episcopum
1255 1699 1628 1757 agnoscerent,
1665 1693 1729 1746 ad
1766 1707 1917 1746 eam-

350 1792 458 1847 que
483 1793 594 1830 rctn
635 1776 838 1846 legatos
883 1778 1023 1834 duos
1087 1778 1380 1834 Eusebium
1427 1779 1821 1837 Vcrcellensem
1863 1790 1919 1838 et

351 1865 628 1919 Asterium
689 1866 972 1935 episcopos
1023 1881 1053 1920 a
1122 1868 1332 1938 synodo
1389 1869 1727 1925 Antiochiam
1779 1873 1918 1927 m‘tti

351 1957 580 2010 curavit.
624 1956 822 2011 Verum
877 1959 1092 2014 interim
1131 1960 1258 2014 dum
1307 1962 1468 2031 legati
1519 1963 1620 2017 iter
1654 1975 1916 2032 agerent,

353 2045 568 2102 Lucifer
613 2048 955 2103 Calaritanus
988 2051 1136 2118 pium
1191 2051 1474 2105 Athanasii
1504 2053 1916 2108 Alexandrinae-

350 2157 458 2209 que
501 2142 690 2211 synodi
725 2142 1007 2196 consilium
1053 2141 1449 2208 interturbavit,
1495 2145 1586 2214 qui
1629 2143 1916 2200 Paulinum

352 2229 407 2283 in
435 2231 747 2300 episcopum
787 2233 987 2301 adlegit
1016 2251 1029 2286 :
1062 2232 1132 2286 ita
1174 2243 1231 2286 ut
1270 2244 1379 2288 tres
1400 2234 1512 2304 jam
1539 2236 1777 2306 episcopi
1807 2238 1920 2290 An-

354 2321 569 2375 tiochiae
595 2333 796 2387 essent,
837 2323 947 2377 duo
990 2323 1278 2386 Catholici,
1346 2341 1488 2380 unus
1544 2327 1798 2382 Arianus.
1841 2329 1916 2382 Ex

357 2411 460 2464 hoc
491 2422 670 2467 autem
703 2413 1107 2468 Catholicorum
1135 2414 1386 2481 dissidio,
1424 2418 1569 2486 quod
1599 2417 1759 2472 annis
1783 2418 1921 2474 bene

353 2502 538 2558 multis
567 2505 823 2573 perstitit,
867 2506 1165 2561 innumerae
1186 2507 1318 2562 rixae
1350 2509 1584 2563 suborta:
1615 2520 1762 2574 sunt,
1790 2525 1922 2565 con-

354 2595 611 2658 tumeliae,
639 2596 884 2662 dicteria,
919 2581 1226 2661 maledicta,
1267 2601 1466 2669 quibus
1513 2616 1571 2654 se
1609 2609 1798 2656 mutuo
1833 2601 1918 2655 di-

350 2686 524 2741 versis
551 2687 751 2742 addicti
785 2689 1031 2758 partibus
1064 2689 1396 2744 lacerabant.
1478 2690 1736 2748 Paulinus
1790 2706 1919 2747 vero

351 2775 406 2829 in
456 2777 767 2848 episcopum
817 2779 1062 2835 adlectus
1104 2780 1487 2837 Alexandrinae
1539 2784 1746 2854 synodo
1783 2785 1917 2839 sub-

352 2869 592 2938 scripsit,
651 2871 702 2924 in
744 2886 848 2941 qua
900 2871 1272 2942 Apollinarius
1317 2873 1679 2943 Laodicenus,
1725 2877 1818 2946 qui
1853 2892 1918 2931 eo

351 2969 600 3016 oratores
627 2975 758 3016 suos
787 2964 1086 3020 monachos
1132 2965 1372 3033 miserat,
1425 2977 1483 3021 ut
1525 2968 1916 3037 professionem

353 3050 476 3105 fidei
515 3066 627 3106 sua.
660 3052 713 3105 in
755 3062 905 3108 ccetu
949 3052 1166 3110 Patrum
1227 3057 1475 3122 ederent,
1518 3059 1592 3113 ita
1649 3068 1824 3114 tamen
1860 3067 1921 3115 ut

349 3157 564 3200 errores
595 3158 726 3200 suos
756 3146 980 3200 subdole
1021 3147 1328 3210 reticerent,
1385 3149 1439 3202 in
1479 3152 1918 3206 communionem

352 3233 676 3290 admittitur.
726 3235 988 3294 Paulinus
1027 3249 1228 3304 autem,
1279 3255 1424 3294 anno
1457 3241 1562 3295 562
1613 3242 1917 3309 ordinatus,

351 3339 496 3379 anno
526 3323 631 3380 588
667 3327 750 3381 vel
781 3327 888 3382 589
914 3328 1077 3383 linem
1101 3329 1316 3386 vivendi
1345 3329 1492 3386 fecit.

424 3428 549 3485 “me
575 3433 949 3502 praemittenda
983 3443 1160 3502 erant,
1213 3445 1270 3492 ut
1321 3437 1474 3493 locus
1507 3436 1878 3510 Chrysostomi
1904 3484 1918 3508 ,

353 3520 421 3576 de
447 3538 555 3592 quo
583 3539 726 3578 nunc
751 3524 950 3594 agitur,
996 3526 1222 3598 intelligi
1272 3531 1464 3598 possit.
1499 3529 1677 3585 Verba
1738 3542 1920 3587 autem

351 3615 493 3683 ejus,
523 3615 591 3668 ab
620 3615 688 3668 iis
712 3631 833 3685 quae
856 3613 1234 3673 Tillemontius
1266 3620 1449 3675 retulit
1483 3621 1643 3690 longe
1685 3623 1920 3687 diversa,

354 3706 436 3761 sic
471 3707 706 3762 habent:
752 3708 912 3762 Ἀλλά
940 3709 994 3762 τί
1027 3708 1276 3779 λέγουσιν
1314 3714 1364 3766 of
1413 3715 1588 3768 πάντα
1636 3717 1798 3770 δεινοὶ
1827 3717 1924 3789 τὴν

355 3799 579 3865 κακίανς
617 3802 920 3872 Αἱρετικὸς,
946 3804 1129 3873 φησὶν,
1155 3806 1358 3869 ἐκεῖνος
1387 3808 1695 3878 γεγένηται,
1720 3809 1925 3863 ἔνοικον

354 3891 446 3945 τδν
471 3891 713 3945 διάϐολον
739 3891 896 3961 ἔχων,
925 3895 1018 3947 καὶ
1044 3893 1218 3949 λαλῶν
1243 3899 1382 3956 κατὰ
1400 3899 1494 3951 τοῦ
1527 3899 1661 3952 Θεοῦ
1685 3901 1925 3968 ἀδικίαν,

356 3983 452 4037 καὶ
476 3983 704 4048 πολλοὺς
733 3984 821 4037 διά
854 3984 1234 4055 πιθανολογίας
1279 3989 1375 4043 καὶ
1403 3989 1567 4061 κενῆς
1604 3991 1819 4064 ἀπάτης
1847 3994 1926 4058 εἰς

359 4075 518 4146 βυθὸν
540 4075 811 4140 ἀπωλείας
840 4078 1094 4148 ἀπάγων·
1129 4083 1225 4134 καὶ
1253 4081 1339 4136 διὰ
1365 4082 1524 4136 τοῦτο
1552 4083 1655 4137 ὑπὸ
1687 4085 1796 4139 τῶν
1822 4102 1928 4139 πα-

355 4163 532 4237 τέρων
561 4166 908 4236 ὲκὸἐδληται,
936 4171 1174 4240 μάλιστα
1192 4172 1221 4225 ὁ
1257 4174 1446 4228 τούτου
1471 4175 1788 4242 διδάσκαλος
1812 4179 1927 4249 μοῖ-

363 4269 462 4322 ραν
523 4253 621 4323 τῆς
682 4254 1006 4326 Ἐκκλησίας
1052 4260 1376 4330 ἀποτεμὼν,
1431 4263 1464 4332 ἢ
1509 4263 1597 4318 διὰ
1629 4266 1928 4320 Παυλιανὸν

362 4345 514 4415 (lege
536 4343 833 4415 Παυλῖνον)
863 4346 895 4416 ἦ
935 4349 1338 4421 Ἀπολλινάριον
1366 4352 1635 4420 λέγοντες.
1666 4356 1706 4410 l.
1737 4373 1786 4410 e.
1815 4356 1919 4412 Sed

359 4435 489 4505 quid
513 4435 697 4487 dicunt
735 4433 816 4488 illi
845 4435 913 4488 ad
961 4452 1165 4490 onmem
1202 4440 1464 4494 malitiam
1504 4445 1725 4499 audaces
1753 4447 1778 4500 ξ’
1806 4451 1930 4502 Hre-

362 4528 580 4590 reticus,
619 4529 793 4592 aiunt,
839 4529 932 4582 ille
964 4529 1142 4599 factus
1194 4540 1292 4597 est,
1345 4533 1730 4589 inhabitantem
1779 4538 1930 4592 liabet

362 4620 656 4688 diabolum,
691 4631 740 4674 et
768 4621 1004 4692 loquitur
1032 4634 1216 4677 contra
1249 4625 1413 4678 Deum
1447 4629 1756 4698 nequitiam,
1795 4632 1933 4684 mal-

367 4720 547 4780 tosque
574 4713 796 4765 suadela
825 4729 1059 4782 vanaque
1083 4713 1306 4781 fallacia
1341 4719 1394 4769 in
1425 4719 1744 4788 profundum
1785 4721 1934 4776 exitii

315 4851 319 4854 .
363 4804 621 4856 abducit:
669 4805 945 4875 ideoquea
1000 4805 1261 4860 Panibus
1302 4811 1496 4876 ejecta:
1549 4819 1646 4872 est,
1707 4814 1933 4868 maxime

363 4892 524 4962 hujus
558 4894 830 4964 magister,
876 4897 966 4965 qui
995 4906 1198 4966 partem
1236 4897 1492 4954 Ecclesia:
1539 4899 1811 4955 abscidit:
1859 4904 1934 4956 sic

363 4995 456 5037 aut
510 4984 799 5039 Paulinum
853 4997 947 5041 aut
994 4987 1377 5056 Apollinarium
1417 4989 1714 5060 designant.
1782 4991 1929 5056 Haec,

365 5085 426 5129 ut
490 5075 666 5145 primo
720 5077 903 5131 statim
942 5087 1162 5147 aspectu
1194 5095 1313 5135 sese
1351 5080 1603 5148 offerunt,
1644 5081 1931 5139 Paulinum

366 5167 635 5219 viventem
664 5166 1057 5236 docentemque
1089 5167 1352 5232 indicant,
1398 5169 1596 5222 nedum
1653 5179 1928 5225 mortuum

367 5265 674 5325 supponant
703 5276 715 5311 :
752 5272 876 5311 nam
908 5257 998 5312 ille
1030 5259 1122 5328 qui
1147 5259 1388 5329 loquitur
1416 5271 1603 5316 contra
1644 5259 1811 5315 Deum
1842 5277 1936 5316 ne-

366 5349 593 5416 quitiam
653 5358 707 5403 et
761 5349 961 5404 multos
999 5350 1238 5415 abducit,
1265 5359 1367 5414 est,
1421 5360 1482 5406 ut
1524 5352 1755 5417 videtur,
1793 5351 1938 5407 Pau-

367 5443 552 5507 linus;
619 5456 798 5512 neque
827 5441 974 5496 enim
1025 5441 1142 5497 haec
1196 5442 1249 5495 in
1284 5444 1449 5497 alium
1499 5443 1734 5498 conferri
1773 5460 1933 5514 posse

361 5543 643 5604 putamus.
675 5532 807 5605 Ejus
841 5546 974 5590 vero
1010 5533 1288 5606 magister,
1326 5537 1419 5607 qui
1465 5551 1494 5590 a
1527 5533 1776 5592 Pati-ibus
1818 5536 1929 5607 eje-

1423 306 1506 361 DF.
1541 308 2034 367 ANATllEilATE.
2070 343 2134 350 —
2168 313 2501 373 MONITUM.

3460 322 3564 377 9N

2023 440 2145 485 ctus
2203 440 2348 498 erat,
2383 441 2467 486 est
2524 431 2894 500 Apollinarius
2950 431 3190 487 secundo
3231 444 3582 500 memoratus,

2015 523 2132 592 qui,
2168 532 2455 592 postquam
2508 523 2562 577 in
2618 523 2826 594 synodo
2879 523 2945 578 ad
3003 524 3441 579 communionem
3481 527 3584 578 ad~

2015 613 2221 668 missus
2263 612 2480 679 fuerat,
2530 615 2907 670 subscribente
2945 615 3208 682 Paulino,
3261 616 3454 670 deinde
3513 616 3582 670 ab

2017 704 2319 760 Athanasio
2374 706 2606 774 aliisque
2659 705 2951 774 Patribus,
2990 722 3114 761 cum
3152 707 3272 776 ejus
3332 707 3578 761 hatresim

2017 796 2428 866 comperissent,
2465 797 2667 866 ejectus
2702 796 2823 852 fuit.
2855 797 2999 851 Sane
3052 797 3168 852 haec
3215 797 3581 852 multitudinis

2019 885 2163 941 dicta
2195 887 2333 943 duos
2360 896 2569 942 tantum
2601 889 2866 958 impetunt
2893 888 3062 951 viros,
3093 904 3287 958 nempe
3323 898 3381 942 ut
3410 889 3583 956 expli-

2018 985 2107 1032 cat
2129 976 2579 1049 Chrysostomus,
2613 977 2897 1033 Paulinum
2921 989 2975 1035 et
3003 980 3416 1048 Apollinarium.
3445 980 3579 1034 Nam

2018 1069 2066 1124 si
2099 1077 2224 1139 post
2254 1069 2570 1124 defunctmn
2611 1068 2896 1124 Paulinum
2934 1087 2960 1122 a
3010 1071 3359 1139 popularibus
3417 1072 3581 1126 verba

2020 1160 2334 1230 hujusmodi
2359 1161 2568 1232 prolata
2603 1171 2805 1228 essent,
2851 1162 3142 1230 Evagrium
3195 1164 3315 1232 ejus
3362 1178 3580 1218 succes-

2019 1265 2195 1305 sorem
2225 1252 2367 1306 haud
2412 1253 2572 1308 dubie
2623 1257 2966 1323 impeterent,
3005 1253 3162 1322 cujus
3203 1263 3383 1309 tamen
3432 1255 3580 1309 nulla

2020 1339 2108 1395 hic
2147 1342 2370 1397 mentio.
2419 1341 2614 1397 Notam
2664 1343 2828 1414 igitur
2881 1343 3161 1412 temporis,
3215 1359 3378 1412 quam
3425 1343 3581 1397 initio

2019 1430 2450 1502 Chrysostomus
2494 1434 2640 1488 clare
2685 1434 2888 1504 posuit,
2940 1434 3042 1488 hoc
3096 1434 3217 1488 loco
3270 1435 3580 1490 nullatenus

2021 1519 2341 1576 labefactari
2383 1523 2556 1592 palam
2593 1532 2694 1578 est.
2749 1521 2930 1588 Quare
2971 1523 3023 1576 in
3059 1523 3146 1579 iis.
3178 1538 3302 1592 quae
3345 1524 3411 1576 de
3442 1532 3581 1577 tem-

2020 1627 2154 1682 pore
2191 1613 2360 1684 hujus
2393 1615 2631 1670 homilize
2670 1629 2835 1684 supra
2881 1614 3142 1680 diximus,
3186 1615 3408 1668 omnino
3439 1623 3584 1669 stan-

2022 1703 2152 1757 dum
2194 1715 2469 1774 putamus.
2498 1705 2765 1759 Catterum
2820 1703 2974 1760 locus
3003 1704 3111 1770 ille,
3149 1719 3308 1773 quem
3357 1704 3580 1774 jamjam

1998 1795 2330 1866 Iretulimus,
2355 1803 2539 1864 utpote
2571 1795 2663 1864 qui
2689 1793 2978 1849 inconditae
3005 1794 3352 1864 profanaeque
3396 1797 3580 1850 multi-

2023 1884 2228 1939 tudinis
2269 1886 2576 1939 convicium
2620 1894 2828 1938 tantum
2867 1883 3082 1948 referat,
3139 1894 3353 1938 nonest
3405 1886 3479 1940 ita
3514 1889 3582 1942 ad

2021 1968 2264 2029 litteram
2313 1976 2684 2045 accipiendos,
2715 1985 2770 2029 ut
2816 1975 3150 2045 singulorum
3185 1975 3453 2031 dictorum
3497 1994 3586 2032 ra-

2021 2066 2224 2120 tionem
2260 2081 2500 2134 quaerere
2538 2080 2676 2134 Opus
2715 2067 2805 2120 sit.

2091 2157 2362 2222 llalesius,
2389 2167 2450 2212 ut
2479 2159 2530 2212 in
2559 2158 2851 2212 Savilianis
2875 2155 3028 2211 Notis
3054 2157 3193 2212 infra
3216 2159 3400 2214 videre
3433 2159 3579 2226 licet,

2020 2248 2333 2318 suspicatur
2361 2249 2503 2304 hanc
2531 2249 2834 2311 homiliam,
2861 2261 3046 2320 utpote
3071 2251 3209 2321 ston
3231 2251 3576 2315 dissimilem,

2021 2340 2106 2394 vel
2138 2340 2512 2412 Chrysostomi
2541 2356 2650 2396 non
2679 2356 2822 2409 esse,
2851 2343 2936 2397 vel
2975 2343 3019 2398 si
3067 2343 3440 2414 Chrysostumi
3482 2345 3578 2405 sit,

1958 2500 1959 2503 η
2021 2433 2090 2486 ab
2130 2433 2238 2488 alio
2272 2441 2458 2502 postea
2505 2443 2852 2489 retractatum
2887 2434 2970 2490 vel
3021 2444 3234 2488 auctam
3286 2434 3492 2489 fuisse:
3531 2435 3583 2488 id

2022 2534 2202 2579 autem
2242 2525 2368 2580 hinc
2405 2524 2716 2580 confirmari
2746 2534 2917 2594 putat,
2979 2525 3121 2596 quod
3156 2524 3305 2580 luris
3355 2524 3572 2579 Graecos

2021 2610 2255 2670 Romani
2303 2612 2506 2683 parte!
2555 2612 2871 2669 Philotheus
2922 2614 3227 2684 patriarcha
3277 2629 3344 2668 ex
3407 2613 3586 2668 Theo-

2021 2704 2158 2758 doro
2210 2704 2533 2762 Balsamone
2577 2722 2739 2762 unam
2775 2708 3069 2762 alteramve
3131 2706 3367 2762 homiliae
3417 2707 3580 2775 hujus

2021 2797 2342 2866 particulam
2396 2797 2634 2853 referat:
2687 2799 2777 2853 ubi
2835 2798 3150 2854 continuata
3222 2798 3362 2853 serie
3415 2799 3584 2852 multa

2024 2886 2314 2952 habentur,
2347 2903 2470 2955 quae.
2502 2889 2743 2942 auctiora
2777 2887 3132 2957 pluribusque
3168 2886 3368 2942 referta
3405 2887 3588 2943 verbis

2021 2975 2276 3045 leguntur
2303 2977 2354 3030 in
2382 2976 2483 3032 hac
2509 2976 2730 3030 bomiiia
2753 2993 2768 3038 ;
2806 2977 2949 3031 unde
2973 2978 3226 3048 opinatur
3246 2977 3334 3031 ille
3355 2976 3587 3045 plurima

2021 3067 2075 3123 in
2114 3069 2254 3124 hanc
2289 3068 2569 3123 homiliam
2598 3069 2902 3138 irrepsisse,
2946 3084 3068 3139 qua:
3109 3083 3218 3122 non
3257 3069 3367 3122 sint
3410 3067 3586 3137 Chry-

2022 3154 2270 3209 sostomi.
2309 3153 2460 3221 Quod
2493 3155 2557 3209 ad
2584 3156 2709 3226 styli
2740 3155 3109 3210 diversitatem
3137 3156 3389 3224 pertinet,
3419 3155 3590 3209 fateor

2020 3253 2075 3299 et
2104 3261 2202 3314 ego
2241 3246 2448 3315 aliquot
2489 3261 2610 3300 esse
2637 3246 2777 3310 loca,
2807 3262 2928 3316 quae
2956 3245 3332 3316 Chrysostonti
3375 3245 3589 3300 dicendi

2022 3351 2197 3405 genus
2230 3352 2336 3390 non
2373 3336 2655 3393 referant:
2697 3338 2855 3408 idque
2892 3337 2991 3392 hac
3018 3337 3248 3391 maxime
3302 3336 3370 3392 de
3424 3351 3589 3390 causa

2022 3429 2294 3485 accidisse
2325 3431 2582 3494 arbitror,
2617 3429 2744 3499 quia
2775 3443 2968 3497 nempe
3003 3429 3291 3498 populares
3320 3443 3448 3484 suos
3479 3427 3592 3496 ple-

2025 3536 2254 3590 rumque
2307 3521 2729 3594 Chrysostomus
2785 3521 2993 3576 inducit
3041 3522 3289 3577 convicia
3349 3531 3404 3576 et
3459 3536 3594 3575 ana-

2025 3616 2262 3670 themata
2300 3614 2354 3668 in
2396 3614 2609 3669 Paulini
2658 3623 2954 3669 sectatores
2988 3615 3288 3684 jactantes;
3321 3613 3441 3668 ideo
3481 3627 3591 3667 non

2027 3715 2237 3761 tantum
2267 3707 2359 3761 ubi
2394 3708 2486 3762 illa
2534 3707 2720 3771 refert,
2755 3707 2848 3762 sed
2898 3707 3062 3761 etiam
3097 3707 3189 3762 ubi
3228 3705 3413 3760 eadem
3462 3720 3592 3773 pro-

2026 3800 2227 3867 pulsat,
2249 3801 2439 3870 aliqua
2493 3802 2877 3870 peregrinitate
2935 3801 3136 3871 stylum
3199 3815 3356 3852 suum
3399 3794 3636 3852 inlicit.‘

2025 3890 2108 3944 Ad
2137 3890 2250 3945 haec
2277 3907 2428 3953 vero,
2467 3899 2525 3944 ut
2554 3907 2661 3944 non
2699 3890 2865 3944 semel
2911 3890 3038 3943 alibi
3070 3889 3443 3953 observamus,
3482 3902 3592 3939 non

2026 3996 2201 4050 pauca
2233 3991 2361 4037 sunt
2384 3979 2766 4051 Chrysostomi
2809 3978 3091 4047 opuscula,
3123 3978 3242 4031 sine
3269 3977 3435 4030 dubio
3463 3977 3595 4046 γνή-

2028 4089 2141 4140 σια,
2177 4073 2269 4127 ubi
2303 4088 2333 4127 a
2355 4072 2516 4128 solito
2537 4071 2677 4141 stylo
2705 4079 2758 4124 et
2786 4069 2974 4122 orandi
3020 4082 3215 4138 genere
3254 4081 3364 4121 non
3399 4081 3592 4136 parum

2027 4163 2280 4218 deflectit.
2321 4163 2456 4218 Cum
2496 4171 2678 4216 autem
2711 4157 2956 4214 Halesius
2994 4157 3372 4227 interpolatam
3418 4156 3595 4210 homi-

2026 4255 2154 4309 liam
2185 4253 2309 4309 ideo
2331 4253 2662 4322 suspicatur,
2691 4251 2834 4322 quod
2862 4249 3172 4303 Philotheus
3200 4248 3444 4318 quaedam
3474 4249 3594 4302 loca

2028 4346 2272 4401 referens
2313 4346 2480 4400 multa
2532 4345 2928 4414 praetermittat,
2977 4339 3128 4413 [091]
3173 4355 3294 4411 quae
3332 4342 3386 4395 in
3419 4341 3597 4395 homi-

2030 4437 2101 4491 lia
2143 4438 2439 4507 leguntur,
2495 4436 2856 4506 incogitanter
2909 4448 3041 4489 sane
3089 4433 3369 4503 loquitur;
3428 4448 3492 4487 ac
3549 4432 3596 4487 si

2033 4527 2248 4595 ignoret
2310 4528 2456 4582 hunc
2485 4542 2606 4581 esse
2652 4541 2859 4581 morem
2917 4525 3244 4595 scriptorum
3305 4524 3600 4595 cujuslibet

2032 4621 2228 4681 aetatis,
2263 4631 2321 4674 ut
2375 4620 2612 4688 siquem
2658 4618 2883 4672 alterius
2914 4618 3091 4672 locum
3139 4626 3432 4686 nsurpeut,
3499 4631 3596 4685 pro

2038 4709 2210 4765 lubito
2243 4727 2306 4765 ea
2334 4710 2648 4766 exseribant
2676 4725 2796 4778 quae
2838 4709 2891 4762 in
2941 4724 3052 4764 rem
3093 4723 3247 4763 suam
3290 4707 3596 4762 conducure

2034 4810 2242 4873 putent,
2301 4803 2408 4857 alia
2463 4818 2594 4857 vero
2636 4802 2902 4856 arbitratu
2985 4815 3088 4855 suo
3138 4797 3592 4869 praetermittam:

2038 4895 2182 4964 quod
2216 4893 2488 4948 sexcentis
2517 4907 2804 4963 possemus
2826 4892 3090 4959 exemplis
3112 4889 3456 4950 conﬁrmare,
3493 4889 3599 4942 nisi

2035 5001 2124 5040 res
2165 5000 2260 5054 per
2293 5000 2351 5039 se
2379 4985 2667 5054 perspicua
2709 4984 3080 5053 omnibusque
3115 4990 3242 5036 nota
3290 4990 3458 5035 essen
3497 4980 3600 5034 lla-

2035 5091 2144 5144 que
2191 5074 2332 5128 hanc
2386 5075 2662 5129 homiliam
2715 5085 2769 5130 et
2815 5075 3038 5144 dignam
3087 5073 3499 5144 Chrysostomo,
3549 5083 3602 5126 et

2041 5166 2332 5237 genuinam
2360 5181 2480 5221 esse
2510 5177 2764 5236 putamus
2793 5184 2804 5218 :
2843 5181 2907 5219 ac
2937 5180 3060 5218 cum
3097 5164 3324 5218 eruditis
3348 5163 3602 5216 omnibus

2038 5260 2172 5313 viris
2211 5257 2411 5313 llalcsii
2451 5257 2737 5328 scrupulos
2767 5255 3064 5317 ἀκινδύνως
3097 5252 3392 5321 rejicimus.

2109 5348 2616 5418 lnterprctationem
2651 5333 2840 5400 incerti
2882 5346 3167 5414 cujusdam
3207 5344 3334 5408 viri,
3375 5358 3511 5411 .quzn
3547 5344 3600 5398 in

2041 5441 2192 5512 prius
2243 5439 2419 5495 Editis
2467 5439 2774 5508 legebatur,
2806 5446 2993 5505 utpote
3045 5437 3226 5491 minus
3272 5444 3602 5502 accuratam,

2040 5535 2352 5606 rejecimus,
2394 5546 2702 5603 novamque
2729 5530 3064 5602 paravimus.
