4046 6146
460 300 570 356 955

1133 316 1190 370 S.
1232 314 1520 370 JOA-NNIS
1561 311 2053 371 CHRYSOSTOMI
2096 307 2420 366 ARCHIEP.
2462 304 3016 364 CONSTANTINOP.

3608 306 3713 362 940

1825 2231 1974 2308 [691]
2012 2233 2195 2290 περι
2235 2237 2373 2292 ror

1115 2672 1360 2790 MH
1417 2673 1768 2791 AEIN
1821 2675 2049 2793 AN.

2151 2676 3080 2800 ΘΕΜΑΤΙΖΕΙΝ

1663 3134 1932 3190 ΖΩΝΤΑΣ
1969 3134 2016 3188 Η
2055 3135 2520 3193 ΤΕΘΝΗΚΟΤΑΣ
2545 3153 2594 3198 ⁸.

540 4089 612 4140 α’.
648 4080 850 4154 Πρῲην
883 4080 983 4153 μὲν
1026 4081 1155 4154 περὶ
1202 4082 1589 4154 ἀκαταλήπτου
1623 4082 1878 4153 γνώσεως
1909 4077 2044 4134 Θεοῦ

469 4167 850 4240 διαλεγόμενος
879 4167 1017 4240 πρὸς
1037 4167 1201 4238 ὑμᾶς,
1231 4169 1325 4223 καὶ
1347 4168 1572 4233 πολλοὺς
1586 4169 1774 4238 λόγους
1797 4168 2044 4239 κινήσας,

469 4251 874 4308 ἀπεδείκνυονιι
909 4251 1018 4305 ἀπό
1069 4269 1130 4306 τε
1180 4251 1467 4325 γραφικῶν
1532 4254 1746 4323 φωνῶν,
1797 4252 1890 4306 καὶ
1940 4249 2049 4304 ἀπὸ

471 4339 716 4410 φυσικῶν
764 4336 1062 4408 λογισμῶν,
1091 4337 1240 4401 ὅπως
1286 4338 1380 4390 καὶ
1413 4338 1605 4402 αὑταῖς
1639 4341 1759 4402 ταῖς
1795 4336 2050 4409 ἀοράτοις

469 4424 766 4494 δυνάμεσιν
821 4421 1111 4492 ἀνέςρικτός
1167 4423 1283 4475 ἐστι
1324 4421 1602 4486 παντελῶς
1660 4425 1693 4494 ἡ
1752 4421 1844 4475 τοῦ
1901 4420 2047 4474 θείου

471 4507 797 4577 κατάληψις,
826 4506 1060 4570 ἐκείναις
1091 4508 1211 4569 ταῖς
1241 4506 1402 4560 ᾶῦλον
1440 4506 1535 4560 καὶ
1580 4507 1854 4577 μακαρίαν
1897 4505 2052 4558 πολι-

469 4590 789 4662 τευομέναις
816 4590 1112 4662 διαγωγὴν,
1142 4589 1236 4642 καὶ
1267 4591 1348 4643 ὅτι
1383 4591 1441 4642 ἐν
1475 4589 1625 4661 πάσῃ
1655 4587 1920 4658 χαυνώσει
1956 4587 2050 4640 καὶ

474 4675 628 4750 ῥύσει
676 4673 788 4746 βίου
841 4674 1044 4738 ζῶντες
1082 4675 1275 4744 ἡμεῖς,
1318 4673 1414 4727 καὶ
1466 4674 1606 4744 πρὸς
1653 4675 1832 4726 πᾶσαν
1870 4673 2049 4739 ἐξενε-

471 4762 692 4833 χθέντες
735 4761 954 4821 κακίαν,
997 4758 1059 4810 τὸ
1108 4757 1201 4810 καὶ
1229 4760 1346 4816 ταῖς
1379 4759 1632 4828 ἁοράτοις
1676 4757 1885 4820 οὐσίαις
1912 4773 2049 4810 παν-

469 4843 640 4908 τελῶς
683 4842 1045 4912 ἀγνοούμενον
1079 4854 1101 4880 υ
1138 4842 1525 4914 ἐπιχειροῦμεν
1554 4841 1771 4895 λαϐεῖν’
1801 4841 1910 4895 τῶν
1937 4859 2050 4895 τοι-

472 4927 644 4983 ούτων
676 4925 848 4995 λόγων
879 4925 1136 4978 ὑπόθεσιν
1171 4925 1384 4996 ἔχοντες
1416 4928 1517 4998 τὴν
1561 4925 1740 4997 κρίσιν
1782 4927 1890 4979 τῶν
1921 4927 2051 4979 ἐαυ-

472 5011 582 5065 τῶν
611 5009 909 5080 λογισμῶν,
941 5010 1036 5062 καὶ
1070 5008 1272 5080 ταύτην
1296 5009 1394 5079 τὴν
1425 5010 1574 5082 παρά
1600 5010 1704 5062 τῶν
1747 5011 2052 5063 ἀκουόντων

472 5095 638 5163 κενὴν
685 5091 864 5157 δόξαν,
911 5091 1048 5161 μήτε
1098 5090 1160 5143 τὸ
1195 5091 1395 5163 μέτρον
1439 5090 1539 5160 τῆς
1588 5091 1798 5145 ἑαυτῶν
1838 5094 2053 5161 φύσεως

470 5178 551 5249 τῷ
589 5175 834 5247 λογισμῷ
878 5175 1342 5248 περιγράφοντες,
1394 5175 1533 5247 μήτε
1565 5179 1630 5248 τῇ
1689 5176 1808 5244 θείᾳ
1862 5177 2048 5248 Γραφῇ

475 5265 566 5319 καὶ
598 5266 712 5327 τοῖς
740 5263 1014 5335 πατράσιν
1048 5262 1326 5334 ἑπόμενοι,
1355 5263 1492 5318 ἀλλὰ
1522 5263 1679 5335 δίκην
1717 5261 1908 5326 ὕδατος
1945 5280 2053 5334 χει-

477 5349 690 5420 μερίου,
717 5349 785 5420 τῇ
815 5346 1080 5420 φρενίτιδι
1106 5347 1205 5420 τῆς
1231 5345 1442 5403 ἑαυτῶν
1486 5345 1808 5420 προλήψεως
1849 5348 2052 5402 ὑποσυ-

537 5575 557 5599 ⁸
577 5573 728 5625 Savil.
748 5575 799 5624 in
823 5576 898 5624 tit.
922 5577 955 5634 ἢ
974 5577 1244 5633 τεθνεῶτας.

537 5635 568 5676 δ
594 5637 855 5686 Vaticanus
877 5637 1284 5694 ἀποδεικνύοντας.

543 5702 565 5728 ‘
590 5697 725 5756 Hoc,
745 5697 802 5744 τὸ
823 5699 963 5747 καὶ...
991 5698 1316 5760 ἀγνοούμενον,
1350 5697 1532 5751 desunt
1550 5700 1598 5750 tn
1622 5699 1876 5750 Vaticano.

2151 4080 2366 4150 ρόμενοι
2395 4083 2474 4145 είς
2504 4080 2771 4152 τοσαύτην
2802 4081 3073 4153 ἁμαρτίαν
3109 4083 3564 4160 ἐκπεπτώκαμεν.
3590 4088 3726 4162 Φέρε

2148 4163 2211 4235 δὴ
2252 4165 2346 4219 καὶ
2392 4167 2519 4237 περὶ
2550 4165 2892 4237 ἀναθέματος
2926 4168 3053 4238 ὑμῖν
3085 4167 3153 4223 τὰ
3186 4171 3375 4226 εῑκότα
3422 4174 3726 4246 διαλεχθέν-

2147 4265 2258 4314 τες,
2299 4249 2393 4304 καὶ
2430 4250 2700 4316 δείξαντες
2738 4251 2836 4321 τὴν
2865 4250 3096 4322 δύναμιν
3139 4253 3329 4309 τούτου
3364 4259 3459 4311 τοῦ
3503 4261 3726 4330 μηδενὸς

2149 4333 2501 4405 νομιζομένου
2531 4333 2727 4400 κακοῦ,
2773 4334 3074 4406 παύσωμεν
3114 4336 3176 4402 ἐξ
3225 4340 3394 4394 αὑτοῦ
3439 4342 3510 4395 τὰ
3551 4344 3730 4414 ἀχαλί·

2149 4434 2293 4470 νωτα
2335 4419 2596 4490 στόματα,
2625 4421 2722 4491 τὴν
2767 4420 2922 4473 νόσον
2962 4420 3068 4473 τῶν
3102 4421 3178 4486 ὡς
3216 4422 3403 4494 ἔτυχεν
3455 4427 3605 4498 αύτῷ
3635 4446 3726 4481 κε-

2149 4503 2438 4574 χρημένων
2489 4505 2616 4575 ὑμῖν
2672 4503 3126 4569 ἐκκαλύπτοντες.
3178 4507 3273 4570 Είς
3311 4511 3584 4580 τοσαύτην
3624 4511 3728 4582 γὰρ

2150 4589 2408 4657 καχεξίαν
2431 4589 2598 4660 ἤλασε
2625 4589 2696 4642 τὰ
2719 4590 2985 4661 ἡμέτερα,
3011 4592 3093 4644 δτι
3123 4593 3216 4645 καὶ
3245 4594 3490 4664 ἐσχάτως
3521 4596 3731 4667 ἔχοντες

2151 4671 2450 4741 ἀγνοοῦμεν
2470 4674 2538 4726 τὰ
2571 4673 2792 4746 χείρονα
2825 4673 2932 4726 τῶν
2958 4674 3142 4728 παθῶν
3169 4676 3244 4747 μὴ
3277 4677 3727 4749 ὑπερϐαίνοντες·

2152 4753 2292 4808 ὥστε
2323 4755 2421 4826 τὴν
2460 4758 2807 4828 προφητικὴν
2847 4759 3031 4830 φωνὴν
3062 4761 3142 4823 είς
3170 4761 3316 4830 ἡμᾶς
3357 4763 3731 4835 πληρωθῆναι,

2153 4835 2240 4890 ὅτι
2291 4839 2402 4890 οὐκ
2457 4837 2587 4892 ἐστι
2631 4839 2921 4910 μάλαγμα
2970 4843 3278 4906 ἐπιθεῖναι,
3329 4846 3471 4899 οὔτε
3504 4847 3732 4911 ἔλαιον,

2152 4923 2289 4975 οὔτε
2326 4923 2763 4991 καταδέσμους.
2803 4926 2972 4979 Πόθεν
3006 4927 3113 4997 γὰρ
3163 4926 3403 4998 ἄρξομαι
3447 4931 3579 5000 περὶ
3616 4928 3737 4984 τού-

2151 5022 2243 5058 του
2275 5005 2369 5058 τοῦ
2400 5007 2569 5061 γσκοῦ
2603 5007 2982 5078 διαλέγεσθαι;
3014 5011 3122 5064 ἀπὸ
3149 5009 3257 5062 τῶν
3289 5011 3591 5076 διατάξεων
3627 5012 3737 5068 τῶν

2152 5091 2487 5145 δεσωτικῶν
2513 5093 2763 5157 ἐντολῶν,
2793 5094 2825 5165 ἢ
2859 5094 2968 5148 ἀπὸ
3001 5096 3100 5164 τῆς
3133 5095 3331 5163 ἀλόγου
3379 5097 3736 5161 ἀπαιδευσίας

2154 5176 2248 5228 καὶ
2290 5175 2644 5246 ἀναισθησίας
2675 5177 2861 5249 ὑμῶν;
2900 5178 3010 5230 Καὶ
3049 5174 3160 5246 ἆρα
3190 5177 3249 5230 οὐ
3293 5177 3541 5249 γελῶμαι
3589 5180 3736 5250 παρά

2155 5278 2314 5314 τινων
2349 5259 2522 5314 ταῦτα
2561 5259 2754 5329 λέγων,
2799 5261 2892 5316 καὶ
2922 5261 3275 5332 ἐξεστηκέναι
3307 5259 3484 5325 δοκῶ;
3514 5258 3628 5334 ἆρα
3660 5262 3733 5332 μὴ

2154 5342 2531 5413 καταϐοῶμαι,
2569 5344 2652 5398 ὅτι
2694 5345 2763 5398 τὰ
2813 5345 3111 5416 σκυθρωπὰ
3157 5343 3326 5397 ταῦτα
3362 5345 3454 5397 καὶ
3484 5344 3733 5418 δακρύων

2151 5427 2276 5492 ἄξια
2307 5425 2651 5496 διαλέγεσθαι
2686 5429 2897 5499 μέλλω;
2939 5428 3098 5481 Ἀλλὰ
3121 5428 3176 5481 τί
3213 5427 3402 5492 πάθω;
3444 5427 3598 5496 ἀλγῶ
3641 5429 3731 5481 καὶ

2150 5511 2474 5582 διαπρίομαι
2499 5513 2598 5584 τὴν
2625 5513 2862 5568 διάνοιαν
2895 5515 2985 5567 καὶ
3013 5512 3080 5566 τὰ
3111 5513 3394 5583 σπλάγχνα
3433 5513 3725 5584 κόπτομαι,

2151 5595 2251 5665 τὴν
2282 5595 2551 5667 τοσαύτην
2595 5597 2928 5669 ἀναλγησίαν
2969 5597 3133 5668 ὁρῶν,
3174 5597 3257 5649 ὅτι
3296 5596 3393 5667 τὴν
3436 5596 3727 5667 Ἰουδαῖκὴν

2165 5678 2507 5750 παρανομίαν
2561 5681 2655 5734 καὶ
2691 5680 2792 5752 τὴν
2833 5684 2941 5736 τῶν
2973 5681 3142 5736 ἐθνῶν
3198 5678 3514 5734 δυσσέϐειαν
3565 5682 3726 5753 ὑπερ-
