4046 6146
351 314 455 369 915
1649 308 1736 365 DE
1772 306 2268 365 ANATHEMA'I'E.

366 741 539 750 Μ.-
562 743 576 751 tu
588 743 817 750 “———~‘
832 740 1693 750 ψμ--ηρκ--ο-ηο-ς-ῲν

1911 2106 2018 2167 DE

1019 2557 1311 2673 NON

3491 306 3594 363 946

1441 2551 2921 2671 ANATHEMATIZANDIS

1477 3063 1688 3127 VlVlS
1738 3066 1894 3127 VEL
1945 3063 2375 3128 DEFUNCTIS
2413 3062 2451 3128 '.

410 4014 460 4065 l.
501 4008 680 4078 Nuper
718 4003 870 4061 vobis
907 4000 976 4057 de
1018 3994 1574 4069 incomprehensibilis
1613 3993 1920 4064 cognitione

339 4104 431 4160 Dei
457 4102 747 4165 disserens,
774 4095 939 4152 multa
963 4092 1126 4149 verba
1153 4090 1273 4155 feci,
1301 4103 1365 4144 ac
1386 4096 1495 4143 tum
1520 4086 1917 4158 Scripturarum

333 4196 597 4257 vocibus,
643 4200 754 4246 tum
801 4186 1134 4243 naturalibus
1189 4182 1482 4238 ratiociniis
1531 4178 1913 4243 demonstravi,

333 4290 496 4344 etiam
522 4284 651 4354 ipsis
675 4279 1025 4337 invisibilibus
1043 4275 1327 4330 virtutibus
1349 4274 1672 4328 inaccessam
1695 4284 1915 4340 prorsus

334 4395 456 4437 esse
483 4374 719 4432 numinis
760 4367 1289 4439 comprehensionem
1312 4405 1327 4430 ,
1375 4364 1482 4418 illis
1510 4363 1749 4427 scilicet,
1794 4377 1916 4431 quae

334 4469 573 4528 materiae
608 4472 882 4534 expertem
924 4468 979 4515 et
1024 4458 1234 4512 beatam
1273 4454 1437 4509 vitam
1466 4462 1629 4523 agunt
1666 4466 1915 4521 :nosque

335 4574 534 4627 tamen,
564 4557 653 4630 qui
682 4557 735 4611 in
781 4551 925 4608 omni
955 4546 1177 4605 mollitie
1213 4554 1373 4615 atque
1398 4543 1605 4614 ignavia
1635 4542 1794 4597 vitam
1819 4542 1916 4597 de-

331 4656 505 4726 gimus
528 4691 544 4716 ,
585 4657 641 4704 et
677 4648 731 4702 in
777 4642 1001 4716 quodvis
1030 4638 1280 4710 nequitia:
1307 4650 1476 4708 genus
1512 4635 1756 4701 ruimus,
1800 4650 1914 4690 rem

333 4743 688 4803 invisibilibus
717 4737 1027 4796 substantiis
1042 4732 1252 4806 penitus
1274 4732 1505 4803 ignotam
1531 4732 1552 4763 ¹
1579 4730 1789 4800 assequi
1818 4743 1913 4784 co-

332 4837 445 4892 nari
477 4852 491 4891 :
522 4848 687 4890 unum
715 4837 877 4885 tanta:
905 4828 982 4883 rei
1026 4832 1394 4897 argumentum
1425 4821 1684 4878 habentes
1712 4820 1914 4891 cogita-

331 4933 536 4986 tionum
565 4936 865 4982 nostrarum
884 4920 1140 4993 judicium
1162 4925 1216 4972 et
1242 4917 1457 4971 inanem
1478 4913 1618 4985 apud
1644 4912 1912 4969 auditores

330 5022 593 5095 gloriam,
640 5030 814 5087 neque
856 5022 1060 5069 naturae
1107 5017 1307 5064 nostra}
1352 5019 1659 5061 mensuram
1705 5003 1913 5059 ratione

330 5093 852 5174 circumscribentes,
882 5114 1057 5172 neque
1081 5098 1315 5154 divinam
1345 5095 1676 5167 Scripturam
1701 5093 1912 5149 Patres-

330 5220 433 5277 que
459 5208 746 5273 sequentes
773 5213 788 5263 ;
836 5195 931 5252 sed
957 5191 1223 5264 opinionis
1251 5197 1450 5245 nostrae
1479 5184 1724 5257 phrenesi
1749 5227 1766 5254 ,
1812 5200 1911 5277 ceu

329 5274 572 5371 liyberno
600 5298 837 5349 torrente
862 5288 1128 5343 detractos
1150 5325 1165 5350 ,
1196 5284 1248 5337 in
1280 5290 1481 5337 tantum
1507 5287 1783 5349 peccatum
1812 5274 1909 5371 de-

329 5368 509 5461 lapsos
534 5401 672 5442 esse.
702 5385 811 5452 Age
839 5394 980 5433 nunc
1002 5386 1285 5447 postquam
1310 5373 1378 5427 de
1396 5371 1734 5426 anathemate
1756 5368 1910 5424 vobis

392 5486 408 5515 ¹
444 5479 620 5530 collata
642 5489 749 5528 cum
774 5483 852 5543 “is:
875 5468 1258 5543 V‘?.‘.i°‘!“°.57..9:..
1316 5542 1321 5543 ν
1569 5524 1583 5543 .-

391 5548 412 5576 ι
447 5523 993 5621 ὶὶᾶἐὶῇεῑιῖεηυεμπιιίίε
1016 5529 1327 5583 ὶηυὶδὶιηιίὺιιε
1358 5527 1541 5594 penitus
1565 5524 1795 5596 ignotam,
1815 5523 1907 5575 de-

330 5610 440 5649 sunt
468 5605 513 5652 in
538 5601 778 5649 Vaticano.

2026 4007 2282 4067 quantum
2307 4000 2554 4054 convenit
2575 4000 3005 4067 disseruerimus,
3037 4004 3245 4076 vimque
3271 4009 3392 4063 mali
3423 4010 3597 4080 hujus,

2026 4092 2166 4163 quod
2197 4109 2294 4163 pro
2326 4094 2492 4151 nihilo
2520 4105 2818 4165 reputatur,
2865 4098 3278 4169 ostenderimus,
3321 4100 3442 4157 hinc
3470 4103 3599 4161 freni

2026 4184 2353 4254 impatientia
2409 4201 2503 4241 ora
2564 4187 2946 4255 cohibeamus,
2998 4190 3241 4245 morbum
3292 4192 3604 4264 detegentes

2026 4291 2247 4343 eorum,
2273 4278 2361 4347 qui
2393 4294 2453 4332 ea
2493 4278 2544 4332 in
2588 4293 2648 4333 re
2682 4279 2881 4334 incuria
2934 4281 3097 4335 nimia
3142 4282 3385 4338 laborant
3431 4286 3470 4338 ί.
3502 4285 3601 4341 Et-

2024 4371 2167 4426 enim
2211 4370 2266 4427 in
2312 4381 2416 4426 tam
2447 4370 2779 4441 deploratum
2815 4381 3011 4428 statum
3042 4384 3225 4429 nostra
3251 4375 3599 4445 devenerunt,

2024 4471 2105 4529 ut,
2151 4464 2383 4533 pessime
2425 4462 2701 4531 habentes,
2750 4463 3054 4534 ignoremus
3092 4480 3190 4521 nos
3234 4482 3302 4522 ne
3340 4469 3605 4538 turpiores

2022 4554 2237 4625 quidem
2280 4554 2504 4609 affectus
2544 4568 2834 4624 superare;
2868 4556 2937 4609 ita
2981 4565 3038 4610 ut
3066 4571 3167 4611 vox
3198 4557 3505 4629 prophetica
3548 4559 3602 4615 in

2022 4648 2175 4703 nobis
2216 4648 2540 4718 impleatur:
2575 4646 2697 4701 Non
2736 4657 2806 4702 est
2844 4648 2980 4718 quod
3006 4648 3297 4717 imponatur
3323 4650 3602 4721 malagma,

2022 4755 2181 4810 neque
2207 4740 2375 4795 oleum
2400 4782 2416 4807 ,
2448 4756 2604 4811 neque
2645 4741 2886 4811 ligamina
2930 4739 2950 4813 (
2968 4740 3094 4795 Isai.
3125 4742 3174 4795 1.
3200 4742 3289 4812 ϐ).
3322 4741 3603 4798 Undenam

2022 4831 2182 4902 igitur
2222 4831 2290 4887 de
2331 4832 2433 4886 hoc
2474 4832 2613 4887 malo
2660 4833 2867 4889 dicendi
2920 4834 3128 4889 initium
3173 4833 3407 4889 faciam?
3447 4836 3530 4890 An
3576 4853 3605 4889 a

2022 4920 2232 4976 Domini
2272 4921 2642 4977 mandatorum
2680 4926 3043 4980 sanctionibus
3068 4967 3083 4991 ,
3113 4941 3181 4980 an
3206 4925 3274 4980 ab
3310 4925 3518 4982 inscitia
3553 4936 3605 4982 et

2021 5022 2239 5082 stupore
2287 5014 2515 5069 vestro?
2555 5014 2748 5069 Annon
2795 5015 2970 5070 ridear
3018 5024 3074 5070 et
3116 5016 3351 5071 insanire
3394 5016 3602 5084 videar,

2020 5106 2107 5176 qui
2141 5105 2211 5161 ita
2250 5105 2479 5178 loquar?
2519 5107 2709 5162 Annon
2752 5108 3074 5163 clamoribus
3106 5108 3342 5179 excipiar
3367 5110 3457 5179 qui
3489 5110 3604 5167 hmo

2020 5198 2191 5253 tristia
2238 5207 2292 5254 et
2344 5200 2593 5270 lacrymis
2646 5198 2803 5269 digna
2854 5199 3223 5267 pertractanda
3270 5199 3603 5272 suscipiam?

2019 5287 2156 5356 Quid
2205 5287 2441 5343 faciam?
2486 5288 2691 5354 Doleo,
2739 5290 2918 5343 animo
2963 5288 3234 5354 dissecor,
3279 5302 3601 5360 rumpuntur

2017 5381 2246 5449 viscera,
2276 5380 2403 5437 dum
2434 5387 2635 5434 tantum
2662 5378 2817 5435 video
2842 5388 3135 5451 stuporem,
3174 5382 3297 5453 quia
3320 5380 3599 5439 Iudaicam

2016 5516 2406 5632 l1ia‘ngtgitiocheni
2428 5512 2696 5567 Melctianae
2719 5515 2868 5579 partis
2882 5514 3139 5567 anathema
3175 5515 3404 5568 dicebant
3438 5504 3602 5569 Pauli-
