4046 6146
424 318 527 374 ﬂ?

427 423 906 499 transgressionem
937 429 990 477 et
1012 418 1300 476 Gentilium
1339 416 1663 486 impietatem
1701 423 1880 468 nostra
1911 428 2002 468 su-

429 527 638 592 perant.
667 516 987 584 Progressus
1031 511 1174 566 enim
1205 509 1348 563 viros
1389 520 1572 571 cerno,
1618 519 1791 575 neque
1833 504 2001 558 ratio-

425 607 569 667 cinio
607 623 675 663 ex
713 606 886 661 divina
913 603 1183 673 Scriptum
1222 598 1413 655 edocto
1453 597 1724 668 praeditos,
1757 610 1855 650 nec
1874 609 2007 664 qna-

433 702 569 772 piam
596 702 788 752 divinae
815 702 1103 763 Scriptura:
1129 698 1277 761 parte
1302 688 1534 742 imbutos
1557 702 1573 751 ;
1619 688 1785 778 multa
1812 685 2006 740 erube-

431 807 585 849 St-ens
624 799 811 850 taceo;
847 783 1184 845 furibundos,
1218 794 1475 851 nugaces,
1508 778 1608 845 Qui
1635 777 1862 832 nesciunt
1895 789 2010 845 quas

430 886 638 943 dicunt,
669 895 825 949 neque
860 879 922 930 de
944 876 1123 945 quibus
1153 874 1405 944 aﬂirmant
1432 870 1509 940 (1.
1531 867 1665 923 Tim.
1690 869 1742 922 1.
1765 866 1821 938 7)
1844 883 1860 932 ;
1905 865 2010 920 hoc

434 989 595 1027 unum
640 969 881 1038 imperite
906 968 1098 1020 docere
1136 964 1390 1017 audentes
1415 1001 1431 1026 ,
1472 968 1526 1014 et
1561 957 2011 1013 anathematizare

432 1080 548 1134 quae
578 1060 876 1123 nesciunt‘,
910 1058 978 1109 ita
1012 1064 1068 1109 ut
1109 1062 1285 1107 nostra
1329 1051 1399 1104 ab
1425 1051 1511 1116 iis,
1552 1049 1695 1119 quia
1724 1046 1824 1101 fide
1844 1045 2012 1101 alicui

434 1165 579 1219 sunt,
610 1152 946 1214 irrideantur,
989 1146 1129 1217 quod
1158 1145 1354 1199 nullam
1398 1140 1732 1197 instituenda:
1761 1140 1883 1193 vita:
1910 1153 2011 1192 cu-

437 1263 550 1301 ram
580 1245 885 1305 habeamus,
913 1256 1082 1308 neque
1108 1236 1423 1292 benefacere
1449 1235 1618 1290 edocti
1643 1234 1852 1317 simu‘s.‘

507 1338 563 1392 2.
605 1337 719 1390 lleu
749 1334 900 1397 mihi,
945 1347 1101 1401 quam
1140 1331 1320 1400 gravia
1349 1328 1500 1383 haec!
1534 1326 1637 1382 heu
1663 1326 1791 1381 mihi
1817 1327 1830 1381 !
1854 1325 2016 1392 ‘Quot

439 1428 567 1499 iusti
592 1437 647 1482 et
673 1425 945 1495 propinata:
963 1422 1399 1476 desideraverunt
1419 1420 1599 1475 videre
1623 1434 1740 1490 qua:
1765 1433 1864 1473 nos
1884 1418 2017 1472 vidi-

441 1533 584 1585 mus,
611 1526 665 1571 et
694 1531 799 1569 non
830 1514 1095 1576 viderunt,
1123 1521 1177 1565 et
1204 1511 1389 1565 audire
1415 1525 1534 1578 qua:
1571 1524 1669 1563 nos
1697 1508 2013 1576 audivimus,

441 1620 498 1665 et
541 1625 644 1664 non
687 1607 968 1661 audierunt
1004 1602 1215 1676 (Matth.
1245 1603 1332 1658 l3.
1360 1603 1449 1673 l7)
1481 1620 1494 1656 :
1520 1609 1575 1656 et
1603 1616 1701 1657 nos
1728 1602 1842 1656 haec
1864 1600 2018 1671 quasi

446 1702 617 1757 lusum
649 1699 931 1754 habemus.
965 1694 1265 1761 Attendite,
1301 1707 1506 1762 quaeso,
1539 1693 1604 1747 iis
1627 1707 1745 1763 quas
1772 1692 2016 1758 audistis,

444 1790 725 1861 nequando
770 1785 1097 1841 difﬂuamus.
1123 1783 1255 1840 Nam
1282 1784 1328 1838 si
1358 1799 1535 1839 sermo
1565 1798 1660 1853 per
1688 1782 1907 1853 angelos
1930 1781 2020 1836 di-

444 1891 561 1938 ctus
591 1878 779 1934 ﬁrmus
823 1876 959 1940 fuit,
991 1884 1044 1930 et
1085 1875 1259 1930 omnis
1304 1873 1671 1943 prmvaricatio
1708 1882 1764 1928 et
1805 1872 2022 1926 inobse-

447 1971 662 2042 quentia
685 1969 882 2037 justam
911 1966 1315 2021 retributionem
1342 1965 1567 2034 accepit,
1610 1961 1876 2034 quomodo
1902 1972 2023 2017 tan-

449 2070 554 2117 tam
585 2060 807 2115 salutem
839 2057 1167 2127 negligentes
1209 2053 1565 2124 effugiemus?
1609 2053 1702 2107 Dic
1725 2053 1868 2107 enim
1890 2091 1906 2117 ,
1933 2051 2023 2121 qui

451 2164 647 2220 scapus
676 2146 941 2216 Evangelii
985 2145 1186 2211 gratim,
1233 2158 1485 2214 quorsum
1532 2141 1761 2196 carnalis
1790 2140 1882 2196 Dei
1926 2140 2025 2193 ad-

452 2249 663 2305 ventus,
690 2254 757 2292 an
788 2247 845 2291 ut
882 2245 978 2290 nos
1005 2244 1189 2288 mutuo
1221 2234 1561 2288 mordcamus
1586 2242 1638 2287 et
1664 2229 2025 2288 devoremus?

453 2329 615 2399 Atqui
659 2342 780 2382 cum
821 2324 1121 2381 Christiana
1166 2324 1273 2378 sint
1319 2323 1473 2393 legali
1525 2328 1790 2390 prarcepto
1831 2317 2028 2388 ubique

412 2400 415 2403 δ
455 2418 811 2493 perfectiora,
854 2416 1130 2471 caritatem
1179 2415 1345 2484 magis
1374 2429 1403 2466 a
1434 2411 1589 2467 nobis
1631 2412 1867 2482 exigunt.
1917 2409 2030 2464 Illic

458 2521 697 2576 namque
711 2505 945 2565 dicitur:
961 2502 1162 2573 Diliges
1174 2500 1475 2570 proximum
1493 2507 1642 2553 tuum
1652 2497 1793 2554 sicut
1808 2495 2033 2565 teipsum

459 2597 678 2667 (Matth.
702 2597 795 2659 22,
819 2596 910 2662 '59;
932 2593 1099 2648 Leuit.
1128 2590 1321 2656 l9.18)
1343 2608 1359 2656 ;
1381 2590 1469 2642 hic
1485 2595 1667 2643 autem
1687 2585 2032 2653 moriendum

457 2704 584 2743 esse
604 2702 702 2756 pro
739 2686 1006 2755 proximo.
1031 2681 1172 2736 Audi
1201 2682 1380 2749 ipsum
1403 2678 1679 2733 Christum
1712 2678 1985 2732 dicentem
2016 2695 2030 2731 :

466 2776 518 2829 11
526 2794 641 2829 omo
664 2775 879 2844 quidam
896 2771 1239 2827 descendebat
1259 2771 1324 2823 ab
1348 2768 1648 2822 Jerusalem
1666 2767 1720 2820 in
1743 2764 2035 2833 lericho,et

464 2868 653 2922 incidit
683 2868 736 2920 in
763 2867 1015 2928 latrones,
1040 2863 1132 2934 qui
1157 2862 1318 2916 etiam
1351 2859 1777 2929 despoliaverunt
1804 2875 1946 2920 eum,
1984 2868 2035 2914 et

461 2958 635 3028 plagis
655 2957 914 3026 impositis
938 2953 1199 3019 abierunt,
1224 2952 1468 3006 semivivo
1499 2948 1702 3004 relicto.
1720 2950 1924 3005 Accidit
1939 2967 2037 3004 au-

465 3063 566 3106 tem
586 3058 641 3103 ut
672 3048 918 3103 sacerdos
937 3046 1153 3119 quidam
1171 3047 1503 3101 descenderet
1518 3045 1701 3101 eadem
1715 3049 1802 3100 via
1827 3053 1911 3099 :et
1927 3046 2036 3098 viso

463 3143 559 3197 illo
583 3142 868 3211 pra'terivit
896 3157 913 3194 :
936 3140 1184 3194 similiter
1203 3148 1252 3194 et
1282 3137 1486 3203 Levita,
1505 3155 1625 3192 cum
1646 3146 1780 3192 esset
1800 3153 1946 3191 secus
1961 3137 2039 3189 lo-

460 3252 601 3296 cum,
627 3245 674 3288 et
700 3234 891 3289 uideret
918 3249 1059 3298 eum,
1092 3233 1439 3304 pertransiit;
1464 3230 1837 3287 Samaritanus
1863 3240 2038 3283 autem

462 3327 678 3399 quidam
697 3329 903 3382 ueniens
931 3342 986 3380 tn
1013 3326 1272 3389 locum,et
1298 3325 1477 3379 videns
1510 3341 1650 3388 eum,
1676 3322 2040 3377 misericordia

466 3429 638 3475 motus
673 3429 774 3472 est.
810 3417 877 3470 Et
923 3419 1348 3487 appropinquans
1379 3416 1619 3485 alligavit
1655 3414 1871 3468 vulnera
1901 3412 2037 3482 ejus,

467 3512 751 3580 infundens
781 3510 952 3563 oleum
984 3518 1032 3561 et
1064 3509 1239 3561 viuum
1259 3522 1278 3561 :
1309 3517 1357 3561 et
1381 3508 1651 3575 imponens
1682 3505 1834 3559 illum
1869 3505 1924 3557 in
1945 3505 2041 3573 ju-

466 3613 697 3656 mentum
726 3615 901 3665 suum,
934 3599 1085 3650 duxit
1108 3598 1258 3650 illum
1278 3599 1329 3651 in
1351 3597 1642 3661 stabulum,
1673 3608 1721 3651 et
1753 3613 1935 3650 curam
1970 3595 2040 3649 il-

468 3692 571 3745 lius
585 3691 790 3742 habuit.
812 3687 876 3739 Et
898 3686 1068 3739 altera
1087 3685 1170 3737 die
1194 3685 1466 3754 proferens
1484 3684 1618 3739 duos
1634 3687 1879 3739 denarios
1898 3685 2042 3738 dedit

465 3781 762 3835 stabulario
789 3783 966 3833 dicens
987 3798 1006 3834 :
1028 3794 1211 3832 curam
1234 3777 1379 3832 illius
1403 3776 1619 3842 habe,et
1639 3779 1685 3832 si
1709 3778 1832 3849 quid
1859 3792 2040 3844 super-

465 3873 779 3942 erngaveris,
805 3890 899 3944 ego
952 3888 1070 3926 cum
1100 3859 1303 3925 rediero
1327 3870 1541 3924 reddant
1575 3871 1686 3925 tibi.
1721 3870 1852 3936 Quis
1881 3870 2044 3940 igitur

472 3967 660 4019 horum
679 3966 835 4019 trium
858 3967 1133 4034 proximus
1145 3962 1349 4019 videtur
1366 3962 1461 4016 tibi
1483 3963 1648 4033 fuisse
1664 3964 1732 4026 ei,
1748 3964 1837 4034 qui
1858 3963 2042 4018 incidit

468 4053 519 4104 in
549 4052 776 4106 latrones
796 4054 903 4109 ?At
928 4052 1017 4107 ille
1038 4052 1195 4115 dixit,
1214 4051 1305 4122 qui
1325 4051 1447 4121 fecit
1474 4068 1593 4105 cum
1624 4052 1721 4105 illo
1745 4052 2043 4120 misericor-

473 4144 639 4197 diam.
669 4144 817 4198 Dixit
839 4153 1014 4198 autem
1034 4145 1117 4199 illi
1141 4142 1331 4198 Iesus:
1359 4142 1523 4209 Vade,
1548 4153 1597 4199 et
1625 4153 1680 4197 tu
1695 4144 1781 4213 [ac
1796 4144 2043 4199 similiter

474 4236 721 4301 (l.uc.l0.
744 4239 957 4301 30-57).
980 4236 1324 4310 Papae,quod
1350 4238 1697 4292 miraculum!
1721 4238 1836 4293 Non
1859 4253 2045 4295 sacer-

468 4332 675 4394 dotem,
703 4344 810 4384 non
844 4328 1085 4384 Levitam
1113 4330 1252 4383 dixit
1284 4328 1613 4399 proximum,
1645 4329 1739 4384 sed
1771 4344 1918 4398 eum,
1947 4329 2043 4400 qui

472 4423 702 4477 decreto
738 4437 767 4474 a
788 4419 993 4477 Iudaeis
1018 4421 1228 4491 ejectns
1247 4421 1461 4488 fuerat;
1494 4419 1925 4483 Samaritanum,
1957 4420 2043 4474 in-

469 4513 981 4585 quam,alienum,in
1003 4515 1190 4567 multis
1209 4513 1850 4584 blasphemantem,hunc
1864 4513 2043 4568 solum

469 4603 607 4657 dixit
623 4603 932 4672 proximum
954 4618 970 4653 τ
993 4605 1120 4670 quia
1144 4604 1287 4671 apud
1309 4602 1461 4656 illum
1487 4603 1706 4657 inventa
1720 4610 1804 4657 est
1826 4601 2044 4663 miseria

468 4692 678 4751 cordia.
689 4690 814 4747 Haec
826 4693 1127 4750 suutverba
1140 4690 1263 4746 Filii
1284 4690 1528 4759 Dei,haac
1542 4695 1762 4749 veniens
1775 4694 1864 4750 ille
1878 4694 2041 4750 etiam

471 4769 723 4838 operibus
770 4769 1008 4824 exhibuit
1052 4788 1066 4826 :
1107 4787 1210 4826 nec
1251 4788 1347 4841 pro
1391 4774 1577 4829 amicis
1615 4775 1786 4831 solum
1832 4787 1889 4834 et
1931 4782 2043 4837 suis

470 4869 711 4915 mortuus
737 4868 837 4925 est,
866 4860 957 4914 sed
984 4875 1082 4932 pro
1105 4862 1352 4931 inimicis,
1377 4878 1474 4933 pro
1500 4867 1759 4938 tyrannis,
1787 4884 1884 4939 pro
1907 4885 2045 4940 prte-

469 4952 862 5023 stigiatoribus,
892 4968 990 5022 pro
1016 4952 1317 5013 odientibus
1339 4971 1399 5011 se
1418 4996 1433 5024 ,
1468 4974 1563 5027 pro
1588 4960 2039 5032 cruciﬁgentibus,

467 5060 604 5114 quos
633 5053 758 5098 ante
801 5044 984 5101 mundi
1013 5045 1444 5103 constitutionem
1477 5052 1605 5106 tales
1660 5051 1777 5109 foro
1819 5056 2039 5121 sciebat,

469 5146 523 5191 ct
548 5154 665 5191 cum
696 5138 984 5207 prmsciret,
1015 5138 1244 5202 creavit,
1274 5138 1507 5196 bonitate
1535 5156 1629 5196 sua
1657 5147 2041 5213 prtcscientiam

471 5230 687 5282 vincens
717 5244 731 5281 :
767 5245 860 5297 pro
893 5220 1078 5298 iisque
1125 5232 1432 5299 sanguinem
1463 5247 1615 5286 suum
1656 5235 1808 5300 ludit,
1839 5251 1936 5306 pro
1980 5239 2044 5292 iis

469 5318 664 5372 necarii
694 5333 754 5373 se
783 5326 1096 5391 passusest.
1127 5317 1288 5373 Panis
1316 5321 1457 5374 enim
1477 5362 1493 5388 ,
1531 5323 1732 5393 inquit,
1778 5342 1895 5379 caro
1934 5344 2044 5382 mea

467 5415 537 5457 est
563 5445 577 5467 ,
622 5422 774 5473 quam
813 5414 907 5470 ego
939 5407 1067 5460 dabo
1095 5423 1190 5477 pro
1221 5410 1393 5462 mundi
1422 5413 1521 5463 vita
1553 5410 1728 5481 (Joan.
1754 5412 1806 5467 6.
1834 5414 1944 5485 52).
1975 5416 2043 5472 Et

468 5494 661 5549 Paulus
691 5495 808 5551 11:21:
830 5512 926 5567 per
949 5498 1229 5567 epistolam
1270 5501 1400 5554 dicit
1425 5518 1438 5554 :
1473 5500 1534 5556 Si
1562 5505 1694 5557 enim
1713 5521 1826 5558 cum
1853 5507 2044 5562 inimici

530 5629 546 5702 ξ
586 5633 715 5702 iniec,
851 5627 1142 5702 nescitam...
1160 5638 1206 5702 et
1240 5633 1642 5702 anathematizare
1672 5651 1780 5701 quis
1809 5640 2041 5702 nesciunt,

472 5687 598 5746 iure,
622 5686 833 5749 inquam,
851 5690 1007 5739 omnia
1028 5690 1203 5741 desunt
1228 5709 1275 5742 in
1298 5703 1316 5739 \
1330 5697 1530 5748 aticauo.

1165 305 1225 363 S.
1264 301 1537 362 JOANNIS
1561 297 2035 358 CHRYSOSTOMI
2072 297 2394 355 ARCHIEP.
2434 298 2971 358 CONSTANTINOP.

3579 300 3697 359 048

2104 427 2324 467 essemus
2343 452 2358 477 ,
2400 413 2708 467 reconciliati
2748 429 2924 467 sumus
2948 409 3058 465 Deo
3083 427 3174 482 per
3203 422 3411 466 mortem
3434 411 3560 467 Filii
3578 415 3698 485 eius

2109 501 2285 575 (Rom.
2309 501 2361 557 5.
2390 501 2494 572 l0)
2516 519 2536 569 ε
2584 517 2904 572 rursumque
2952 503 3008 557 in
3053 501 3288 572 Epistula
3322 501 3392 556 ad
3434 501 3695 558 Hebraeos

2107 592 2239 647 dicit
2280 607 2403 647 eum
2446 608 2544 664 pro
2590 593 2852 649 universis
2900 602 3142 663 gustasse
3200 603 3427 648 mortem
3475 592 3699 666 (Hebr.

2107 681 2162 738 2.
2193 682 2287 755 9).

2178 774 2463 829 Anathema
2490 792 2593 830 non
2621 775 2716 831 levi
2756 774 2820 830 de
2859 792 3013 830 causa
3054 779 3276 846 cuipiam
3300 784 3587 835 dicendum.
3623 807 3704 823 -—

2112 866 2166 922 Si
2193 868 2370 938 itaque
2401 867 2515 926 haec
2541 869 2608 924 ab
2630 870 2745 939 ipso
2770 879 2915 939 gesta
2944 879 3090 935 sunt,
3117 880 3170 925 et
3201 870 3391 925 horum
3419 883 3574 942 typos
3597 887 3704 928 ex—

2113 958 2295 1027 primit
2335 959 2569 1014 Ecclesia
2596 999 2613 1025 ,
2655 959 2781 1014 dum
2833 960 3052 1031 singulis
3081 960 3269 1017 diebus
3299 978 3397 1032 pro
3431 964 3707 1019 universis

2116 1048 2447 1118 precationes
2476 1047 2664 1116 fundit,
2696 1050 2962 1119 quomodo
2997 1059 3048 1103 tu
3078 1051 3244 1105 audes
3287 1051 3411 1107 talia
3437 1053 3627 1124 loqui?

2183 1137 2466 1192 Anathema
2505 1139 2778 1209 aliquando
2825 1157 2915 1210 pro
2934 1142 3017 1210 pio
3061 1157 3266 1195 munere
3310 1144 3575 1212 accipitur.
3627 1174 3707 1185 —-

2114 1227 2268 1294 Nam,
2296 1228 2653 1301 qttzso,_quid
2681 1229 2807 1284 illud
2853 1239 2935 1285 est
2959 1231 3098 1300 quod
3132 1241 3185 1285 tu
3215 1232 3496 1287 anathema
3522 1234 3705 1289 dicis?

2117 1318 2248 1375 Vide
2268 1319 2391 1390 quid
2413 1320 2587 1386 dicas;
2614 1335 2875 1391 cognosce
2918 1321 3043 1391 quid
3092 1323 3342 1392 loqueris,
3374 1324 3567 1378 nostin‘
3594 1341 3702 1378 no-

2116 1410 2276 1464 minis
2303 1410 2406 1463 vim
2425 1408 2450 1463 ?
2469 1408 2522 1463 In
2554 1410 2735 1465 divina
2764 1411 2941 1480 utique
2981 1411 3253 1481 Scriptura
3289 1413 3419 1468 illud
3461 1415 3704 1484 reperies

2118 1498 2185 1553 de
2204 1499 2415 1553 Jericho
2443 1499 2640 1554 dictum
2669 1518 2683 1554 :
2717 1499 2783 1554 Et
2804 1501 3245 1555 anathematizabis
3266 1511 3424 1556 totam
3446 1504 3705 1559 civitatem

2120 1588 2337 1643 Domino
2367 1587 2475 1643 Deo
2501 1600 2586 1644 tuo
2612 1589 2747 1662 (Jos.
2775 1592 2827 1646 6.
2863 1593 2974 1662 l7).
3003 1592 3066 1646 Et
3096 1608 3258 1663 penes
3302 1609 3402 1649 nos
3440 1595 3705 1652 hactenus

2123 1678 2207 1733 hic
2232 1694 2347 1734 mos
2376 1680 2595 1734 invaluit
2634 1680 2772 1749 apud
2813 1695 3033 1748 omnes,
3063 1693 3120 1737 ut
3160 1684 3366 1740 dieatur
3395 1703 3409 1738 :
3442 1687 3533 1741 ille
3577 1689 3706 1742 talis

2121 1785 2243 1824 cum
2265 1768 2366 1825 hoc
2394 1771 2627 1838 fecisset,
2658 1771 2938 1827 anathema
2969 1773 3021 1828 in
3050 1774 3190 1829 hunc
3217 1775 3430 1831 modum
3457 1777 3703 1833 abduxit.

2123 1859 2260 1914 Num
2303 1858 2405 1914 hoc
2446 1869 2530 1916 est
2571 1860 2884 1916 anathema?
2928 1864 3088 1932 Atqui
3136 1863 3238 1918 hoc
3284 1865 3598 1937 plerumque
3652 1869 3705 1922 in

2125 1948 2316 2003 bonam
2339 1958 2539 2019 partem
2566 1951 2810 2018 sumitur,
2836 1951 2986 2021 quasi
3012 1951 3176 2016 dicas,
3203 1952 3379 2008 oll‘erri
3411 1955 3541 2010 Deo.
3566 1956 3706 2024 Quid

2124 2040 2284 2110 igitur
2309 2040 2590 2096 anathema
2617 2057 2795 2109 vocas,
2821 2043 2920 2098 nisi
2945 2059 3068 2098 cum
3095 2044 3309 2111 dicitur,
3336 2046 3594 2104 oﬂ‘eratur
3616 2050 3708 2105 ille

2126 2132 2353 2195 diabolo,
2384 2148 2485 2189 nec
2506 2134 2639 2189 ultra
2669 2135 2843 2191 locum
2871 2135 3057 2191 salutis
3084 2136 3303 2206 habeat,
3332 2140 3403 2206 sit
3441 2141 3649 2197 alienus
3673 2157 3706 2197 a

2127 2224 2341 2279 Christo
2354 2224 2380 2278 ?

2199 2318 2253 2373 5.
2268 2317 2458 2389 Ecquis
2486 2327 2542 2373 tu
2566 2333 2627 2374 es
2652 2327 2810 2374 tanta:
2825 2320 3075 2390 potentiae
3092 2329 3145 2375 et
3171 2322 3536 2379 auctoritatis?
3556 2325 3710 2380 Tune

2130 2410 2274 2463 enim
2316 2408 2520 2464 sedebit
2552 2409 2719 2465 Filius
2742 2410 2856 2475 Dei,
2888 2419 3187 2481 statuetque
3210 2428 3336 2468 oves
3364 2428 3395 2468 a
3422 2414 3628 2471 dextris
3656 2427 3711 2472 et

2132 2500 2371 2557 btedosa
2396 2502 2642 2557 sinistris.
2672 2503 2781 2558 Cur
2816 2511 3013 2558 tantam
3063 2505 3327 2575 usurpasti
3373 2505 3707 2576 dignitatem,

2133 2594 2284 2663 cujus
2311 2594 2668 2664 apostolorum
2689 2601 2860 2649 cattus
2889 2601 3090 2650 tantum
3121 2610 3344 2651 consors
3368 2606 3468 2659 est,
3501 2613 3710 2653 necnon

2131 2683 2189 2751 ii,
2216 2685 2445 2754 quicum
2487 2685 2631 2738 omni
2675 2685 3011 2740 accuratione
3050 2686 3262 2741 illorum
3291 2701 3350 2742 se
3369 2702 3710 2745 successores

2133 2774 2401 2840 exhibent,
2443 2773 2582 2843 pleni
2622 2773 2806 2843 gratia:
2832 2782 2888 2828 et
2926 2774 3172 2829 virtutis?
3210 2775 3351 2847 sane
3394 2776 3467 2831 illi
3510 2793 3713 2848 ιιι-ωερε

2136 2876 2283 2935 ptum
2311 2864 2413 2920 hoc
2439 2864 2722 2934 diligenter
2742 2875 3033 2931 servantes,
3064 2880 3128 2921 ac
3156 2866 3199 2921 si
3224 2868 3432 2922 oculum
3461 2867 3710 2925 dextrum

2132 2956 2462 3023 ell‘oderent,
2508 2957 2585 3011 sic
2645 2956 2925 3012 haereticos
2969 2972 3035 3012 ex
3081 2959 3313 3015 Ecclesia
3360 2960 3649 3031 ejiciebant
3693 2982 3709 3020 :

2134 3048 2276 3119 quod
2300 3062 2429 3102 Sane
2457 3055 2822 3118 argumentum
2849 3058 2932 3102 est
2954 3064 3158 3119 magum
3186 3050 3393 3105 illorum
3424 3051 3714 3109 commise-

2137 3139 2357 3194 rationis
2388 3147 2547 3209 atque
2597 3138 2862 3204 maeroris,
2894 3154 2957 3195 ac
2982 3140 3024 3194 si
3056 3140 3250 3209 putridi
3293 3142 3516 3197 membri
3543 3146 3711 3201 sectio

2136 3230 2305 3286 ﬁeret.
2322 3229 2676 3298 Quamobrem
2702 3229 2942 3284 Christus
2971 3230 3021 3284 id
3049 3229 3291 3285 dextrum
3312 3232 3522 3288 oculum
3548 3251 3713 3291 voca.

2138 3323 2235 3389 vit,
2262 3323 2470 3377 illorum
2514 3323 2603 3393 qui
2650 3322 2941 3391 abjicerent
2984 3322 3500 3380 commiserationem
3532 3327 3711 3384 decla-

2136 3429 2281 3470 rans.
2307 3415 2420 3482 Qua
2448 3414 2502 3470 in
2532 3430 2590 3470 re
2617 3414 2752 3470 sicut
2771 3422 2825 3469 et
2849 3415 2900 3468 in
2928 3415 3045 3470 aliis
3064 3414 3343 3486 diligenter
3370 3431 3710 3489 segerentes,

2136 3505 2370 3561 haereses
2395 3505 2607 3575 quidem
2632 3506 2974 3562 confutabant
3015 3516 3069 3561 et
3095 3508 3376 3576 ejiciebant
3403 3529 3417 3565 :
3446 3514 3574 3568 nulli
3613 3531 3713 3571 au-

2139 3606 2245 3651 tem
2276 3597 2646 3652 haereticorum
2690 3596 2829 3652 hanc
2868 3598 3173 3667 indigebant
3198 3616 3430 3669 pcenam.
3464 3604 3630 3661 Porro
3660 3608 3709 3663 in

2137 3687 2343 3743 duobus
2389 3697 2589 3744 tantum
2632 3690 2762 3744 locis
2791 3692 3074 3757 Apostolus
3122 3691 3257 3748 hanc
3300 3710 3510 3760 vocem,
3560 3702 3710 3768 quasi

2139 3779 2454 3834 necessitate
2479 3787 2693 3834 coactus
2719 3780 3006 3848 protulisse
3038 3782 3245 3838 videtur
3274 3803 3287 3838 :
3318 3802 3494 3857 neque
3536 3798 3710 3847 tamen

2139 3884 2235 3939 pro
2260 3878 2400 3924 certa
2425 3879 2481 3925 et
2504 3868 2847 3925 determinata
2884 3885 3107 3939 persona
3139 3873 3278 3929 illam
3310 3890 3552 3950 usurpat,
3592 3895 3712 3938 cum

2140 3962 2192 4016 in
2236 3962 2468 4033 Epistula
2495 3962 2559 4017 ad
2588 3961 2892 4019 Corinthios
2910 3964 3039 4020 dicit
3065 3983 3080 4022 :
3109 3966 3171 4022 Si
3194 3968 3306 4038 quis
3324 3987 3426 4026 non
3458 3975 3716 4030 amatDo-

2138 4055 2329 4109 minum
2356 4065 2579 4109 nostrum
2616 4053 2798 4110 Iesum
2831 4056 3104 4124 Christum,
3123 4061 3185 4114 sit
3213 4066 3569 4139 anathemaﬂ.
3595 4068 3713 4126 Cor.

2142 4145 2338 4218 16.22)
2357 4187 2371 4210 ,
2388 4153 2442 4200 et
2464 4186 2479 4211 ,
2509 4146 2570 4201 Si
2613 4147 2726 4214 quis
2767 4148 2904 4203 vobis
2941 4152 3346 4222 euangelizavem
3387 4168 3715 4230 prietes-quam

2137 4235 2272 4304 quod
2291 4236 2570 4306 accepistis,
2591 4237 2861 4291 anathema
2887 4239 2951 4293 sit
2978 4239 3120 4307 (Gal.
3140 4242 3193 4299 Ι.
3213 4242 3293 4313 8).
3313 4244 3452 4311 Quid
3482 4264 3633 4321 ergo,
3650 4267 3715 4307 an

2139 4325 2278 4396 quod
2309 4341 2465 4382 nemo
2491 4341 2673 4382 eorum
2701 4329 2790 4398 qui
2824 4338 3134 4398 potestatem
3180 4347 3497 4405 acceperant
3540 4340 3717 4399 facere

2139 4416 2222 4471 vel
2268 4415 2556 4473 decernere
2600 4432 2761 4473 ausus
2806 4430 2908 4485 est,
2937 4429 2992 4474 tu
3038 4420 3215 4479 facere
3260 4427 3480 4484 audebis
3502 4472 3518 4496 ,
3567 4432 3718 4502 plane

2141 4509 2440 4565 adversaria
2484 4510 2642 4565 morti
2686 4511 2893 4565 Domini
2942 4520 3273 4584 perpetrans,
3299 4532 3363 4573 ac
3401 4521 3543 4591 regis
3581 4523 3720 4593 judi-

2141 4600 2280 4655 cium
2308 4602 2676 4657 antevertens?
2699 4601 2871 4658 Vultis
2889 4603 3096 4661 discere
3114 4647 3129 4669 ,
3151 4607 3278 4677 quid
3296 4607 3490 4666 dixerit
3507 4613 3591 4668 vir
3608 4616 3721 4685 qui-

2142 4688 2265 4744 dam
2293 4699 2525 4757 sanctus,
2559 4691 2646 4761 qui
2671 4702 2794 4748 ante
2823 4709 2940 4761 nos,
2963 4704 3017 4750 et
3035 4695 3101 4751 de
3144 4701 3484 4758 successione
3503 4715 3721 4773 aposto-

2143 4780 2314 4835 lorum
2359 4780 2488 4849 fuit,
2535 4798 2599 4838 ac
2633 4787 2890 4858 martyrio
2935 4787 3182 4857 dignatus
3224 4799 3307 4847 est
3339 4794 3407 4849 ίῖ
3448 4795 3521 4852 Ut
3568 4796 3720 4868 hujus

2207 4934 2677 5013 1.51933991593‘3?
2695 4943 2748 5013 .15
2764 4937 2904 5013 ειξᾱιξδ
2924 4936 3002 5013 ωε
3014 4936 3193 5013 imum
3226 4954 3571 5013 commemorat
3588 4948 3722 5013 Chrys

2142 5002 2396 5067 sostomus,
2416 5009 2664 5067 quemque
2684 4997 3009 5067 Apostolorum
3020 5008 3238 5067 tempore
3251 5008 3476 5067 martyrio
3498 4997 3721 5060 allectum

2142 5056 2405 5136 dicittest,‘
2418 5056 2750 5136 existimat
2780 5062 3020 5136 BaLt'ouius,
3052 5056 3479 5136 lgnatiusMaF-tyr,
3519 5056 3724 5136 incuj—u—s

2144 5116 2347 5194 Epistula
2384 5119 2442 5167 ad
2472 5126 2736 5194 Sm‘yrnteos
2757 5121 2940 5194 se‘buic
2960 5116 3479 5194 simili-tusententiam
3500 5116 3723 5194 reperire

2143 5186 2303 5287 putat
2324 5193 2467 5228 secus
2488 5182 2743 5230 arbitratur
2761 5181 3109 5243 'riliemontius,
3132 5187 3343 5259 dicitque
3366 5190 3521 5240 locum
3541 5181 3722 5287 ἐρίδὶῶ

2163 5254 2206 5287 ae
2244 5254 2270 5287 a
2340 5249 2606 5287 varnaeos
2624 5255 2734 5287 cum
2757 5243 2847 5287 hoc
2873 5246 3186 5287 Chrvsnslnmt
3226 5249 3330 5287 Inm
3368 5254 3446 5287 vi-r
3478 5256 3562 5287 nn:
3600 5258 3721 5287 niam

2163 5216 2277 5227 ...κη
2324 5216 2467 5228 mm..-
2488 5216 2626 5230 ..ι-υ...-
2637 5216 2733 5230 an...
2772 5216 3109 5243 ....u..u.u..ua,
3132 5216 3343 5248 υιωιιμισ
3366 5216 3521 5240 uncum
3541 5216 3572 5240 ι’.
3594 5216 3721 5244 ηδιο-

2163 5216 2303 5317 sed
2322 5249 2606 5317 smitam
2624 5255 2738 5317 sua:
2757 5243 2847 5292 ιιοο
2862 5246 3186 5317 ,ςυνγξοειοειιί
3226 5249 3330 5299 ιοοο
3358 5254 3446 5317 se
3478 5216 3721 5317 ςυεέιιιίιηι

2141 5302 2698 5380 illlnétasiitassrs-Ea
2712 5306 2892 5380 Ψτριιίί
2911 5302 3136 5380 verbis;
3161 5322 3336 5380 anitum
3358 5312 3465 5372 582.
3490 5302 3574 5364 ass
3595 5302 3718 5380 nisi:

2146 5364 2438 5440 quamq-hune
2457 5365 2772 5440 gltrysostomli
2797 5366 2954 5440 locum
2978 5368 3247 5430 protulerat
3281 5386 3351 5422 sic
3370 5364 3718 5440 prosequitur:

2143 5424 2198 5500 tit
2219 5424 2443 5500 quisnam
2453 5424 2951 5500 [tiéqui‘scriptqrum
2973 5424 3276 5500 monumenta
3306 5424 3719 5500 reliqueriiraliui

2820 5488 2951 5562 (θίξιέδ
2980 5488 3030 5562 ὺέ
3051 5493 3261 5562 Εένίδιοια
3288 5506 3355 5545 aa

2613 5549 2757 5622 verba
2785 5562 2802 5600 :
2831 5544 2864 5622 Vc.
2878 5553 2921 5600 si
2947 5544 3202 5622 euimjure
3224 5544 3715 5622 anulariam".

2142 5619 2269 5667 gnus
2290 5610 2371 5669 qui
2394 5610 2628 5679 adversus
2651 5617 2827 5674 Regem
2849 5613 3069 5675 insurgit,
3089 5610 3143 5679 ut
3164 5621 3245 5679 qui
3283 5610 3431 5671 violet
3644 5610 3714 5674 tc-

2142 5680 2257 5744 gum
2270 5671 2699 5744 .Fcpnstitutionesj
2720 5671 2934 5744 :quanto,
2970 5671 3196 5744 putatis,"
3208 5682 3415 5741 graviori
3450 5671 3716 5744 subiacebit

2145 5727 2394 5793 ωνριίοίο,
2422 5732 2503 5794 qui
2524 5733 2631 5783 sine
2654 5727 2879 5797 ερίεξιορο
2899 5727 3015 5799 dum
3057 5727 3187 5791 me}
3208 5727 3388 5807 333:6,—
3401 5727 3504 5795 -εν-
3517 5727 3599 5744 -..-
