4046 6146
503 256 608 314 949

509 385 572 442 τὸ
605 383 888 458 φορτικὸν,
921 383 1166 458 τοσούτῳ
1184 384 1459 458 ἐχρήσατο
1480 384 1860 458 ὑποδείγματι·
1890 386 1950 440 δν
1969 385 2096 458 τρό-

511 487 616 525 πον
651 471 680 524 6
707 469 954 542 περιθεὶς
987 470 1169 544 ἑαυτῷ
1204 468 1500 539 ἁλουργίδα
1542 469 1850 541 βασιλικὴν,
1882 469 2098 540 ἰδιώτης

510 554 798 624 τυγχάνων
818 594 832 616 ,
877 553 1041 617 αὐτός
1071 569 1132 605 τε
1175 554 1276 608 καὶ
1300 554 1351 605 οἱ
1381 552 1530 624 αὑτῷ
1555 556 1996 625 συνεργήσαντες
2021 553 2099 617 ὡς

512 637 766 709 τύραννοι
797 636 1178 708 ἀναιροῦνται·
1211 635 1430 702 Οὕτως,
1454 637 1581 708 ἔφη,
1609 640 1658 691 οἱ
1695 641 1763 710 τῇ
1803 638 2096 708 δεσποτικῇ

514 721 787 790 ἀποφάσει
816 721 1176 793 χρησάμενοι,
1212 721 1308 774 καὶ
1351 720 1600 792 ἀνάθεμα
1638 723 1738 789 τῆς
1775 719 2098 792 Ἐκκλησίας

516 807 844 878 ποιήσαντες
877 803 1186 875 ἄνθρωπον,
1214 806 1295 867 είς
1329 804 1570 875 παντελῆ
1596 804 1816 874 ὀλεθρον
1855 803 2101 871 ἀπάγου-

519 905 604 940 σιν
639 888 884 950 ἑαυτοὺς,
915 887 1014 956 τὴν
1033 887 1190 952 ἀξίαν
1216 887 1310 939 τοῦ
1334 886 1464 939 Υίοῦ
1499 883 2100 958 ἁφαρπάζοντες.⁷Αρα

517 976 578 1025 τὸ
605 972 765 1042 τυχὸν
791 967 928 1024 εἶναι
955 971 1016 1023 τὸ
1038 970 1279 1024 τοιοῦτον
1305 969 1547 1042 ήγεῖσθε,
1573 970 1634 1022 τὸ
1664 971 1768 1041 πρὸ
1794 968 1985 1041 καιροῦ
2007 969 2101 1022 καὶ

518 1057 704 1122 κριτοῦ
743 1057 810 1127 τῇ
843 1052 1068 1126 τοιαύτῃ
1107 1053 1383 1123 ἀποφάσει
1431 1053 1791 1107 καταδικάσαι
1831 1052 1985 1116 τινάς
2027 1051 2102 1104 Τὸ

517 1142 626 1210 γὰρ
651 1139 898 1209 ἀνάθεμα
925 1137 1203 1200 παντελῶς
1225 1136 1319 1190 τοῦ
1338 1135 1577 1208 Χριστοῦ
1595 1137 1915 1190 ἀποκόπτει.
1942 1134 2102 1190 Ἀλλά

517 1224 572 1276 τί
599 1224 846 1291 λέγουσιν
867 1225 915 1276 οἱ
944 1222 1123 1275 πάντα
1160 1221 1324 1275 δεινοὶ
1355 1219 1454 1292 τὴν
1483 1221 1682 1274 κακίαν
1702 1239 1716 1285 ;
1737 1220 2099 1292 ιμίρετικὸς,

519 1307 705 1377 φησὶν,
731 1308 938 1368 ἐκεῖνος
970 1304 1282 1374 γεγένηται,
1312 1302 1520 1356 ἕνοικον
1550 1303 1643 1358 τὸν
1667 1302 1912 1357 διάϐολον
1939 1302 2098 1373 ἔχων,

518 1390 612 1442 καὶ
642 1388 818 1441 λαλῶν
848 1387 992 1440 κατά
1034 1386 1129 1440 τοῦ
1173 1386 1313 1440 Θεοῦ
1346 1385 1588 1453 ἀδικίαν,
1634 1386 1728 1439 καί
1757 1385 1986 1449 πολλοὺς
2015 1384 2104 1438 διὰ

519 1471 901 1538 πιθανολογίας
928 1470 1023 1524 καὶ
1046 1469 1211 1539 κενῆς
1247 1467 1400 1541 [694]
1422 1469 1638 1540 ἀπάτης
1677 1470 1758 1532 είς
1792 1468 1952 1540 βυθὸν
1996 1469 2102 1521 ἀπ-

515 1554 717 1618 ωλείας
738 1553 988 1622 ἀπάγων·
1007 1553 1100 1606 καὶ
1125 1551 1216 1605 διὰ
1234 1551 1391 1606 τοῦτο
1415 1551 1520 1605 ὑπὸ
1539 1551 1646 1606 τῶν
1664 1553 1923 1624 Πατέρων
1946 1551 2103 1605 ἐκϐέ-

519 1638 746 1709 ϐληται,
795 1639 1029 1709 μάλιστα
1071 1638 1100 1690 6
1147 1635 1341 1690 τούτου
1386 1636 1713 1702 διδάσκαλος
1766 1640 1960 1709 μοζραν
2003 1636 2104 1707 τῆς

530 1705 857 1794 Ἐκκλησίας
892 1722 1184 1793 ἀποτεμὼν
1203 1762 1218 1786 ,
1265 1722 1298 1793 ἢ
1328 1721 1418 1774 διὰ
1447 1705 1805 1793 Παυλιανὸνῆ
1845 1705 2098 1775 ’Ἄπολλι-

517 1809 704 1881 νάριον
739 1807 1010 1876 λέγοντες.
1045 1808 1180 1878 Περὶ
1221 1809 1331 1877 γὰρ
1369 1807 1466 1877 τῆς
1495 1807 1728 1861 ἑκάστου
1751 1805 1956 1859 τούτων
1988 1805 2103 1859 δια-

518 1895 691 1965 φορᾶς
733 1895 760 1946 ὁ
789 1893 945 1961 λόγος
985 1893 1099 1954 τοῖς
1138 1889 1349 1943 πλείοσι
1399 1889 1578 1953 καλῶς
1604 1887 1703 1960 τὴν
1752 1888 2103 1958 καινοτομίαν

517 1977 792 2046 διέφυγεν,
815 1975 1108 2046 διελέγχων
1140 1975 1240 2047 τήν
1287 1973 1497 2045 πλάνην
1535 1973 1592 2025 ὲν
1639 1973 1753 2035 τοῖς
1788 1973 1980 2042 μυχοῖς
2003 1973 2103 2043 τῆς

517 2049 827 2132 δεινοτάτης
893 2058 1220 2130 προλήψεως
1273 2056 1662 2129 κρατηθεῖσαν.
1728 2054 1985 2119 Δίδαξον
2033 2055 2105 2108 ἐν

517 2143 804 2214 πραότητι
835 2143 1136 2197 παιδεύων
1169 2141 1314 2208 τοὺς
1343 2138 1947 2208 ἀντιδιατιθεμένους,
1982 2138 2102 2208 μή-

516 2244 664 2281 ποτε
691 2227 774 2293 δῷ
811 2225 1018 2292 αὐτοῖς
1055 2228 1087 2279 ὁ
1119 2223 1264 2290 Θεὸς
1293 2222 1620 2293 μετάνοιαν
1657 2224 1746 2288 είς
1776 2221 2105 2292 ἐπίγνωσιν

518 2313 810 2379 ἀληθείας
830 2351 845 2374 ,
885 2308 984 2364 καί
1015 2307 1416 2377 ἀνανήψωσιν
1445 2307 1514 2360 ἐκ
1543 2303 1652 2374 τῆς
1681 2305 1786 2360 τοῦ
1819 2305 2103 2359 διαϐόλου

519 2394 792 2463 παγίδος,
821 2387 1207 2463 ἐζωγρημένοι
1237 2392 1325 2456 είς
1349 2389 1587 2443 ἐκείνου
1616 2386 1865 2457 θέλημα.
1890 2387 2106 2440 Ἔκτει-

520 2497 608 2532 νον
642 2479 740 2549 τὴν
786 2477 888 2548 τῆς
938 2477 1158 2547 ἀγάπης
1221 2475 1498 2545 σαγήνην,
1550 2472 1637 2526 ἴνα
1691 2473 1766 2544 μὴ
1815 2471 1878 2525 τὸ
1931 2469 2103 2542 χωλὸν

519 2565 770 2636 ἐκτραπῇ
792 2603 806 2628 ν
854 2561 978 2632 ἰαθῇ
1028 2561 1085 2614 δὲ
1115 2559 1345 2631 μᾶλλον·
1383 2555 1555 2622 δεῖξον
1589 2557 1782 2626 ὅτιπερ
1805 2555 1870 2608 ὲκ
1901 2553 2103 2625 πολλῆς

519 2646 812 2710 διαθέσεως
846 2647 906 2699 τὸ
933 2647 1132 2698 οἰκεῖον
1162 2642 1365 2710 ἀγαθὸν
1397 2639 1575 2712 βούλει
1620 2639 1842 2710 ποιῆσαι
1891 2637 2065 2690 κοινόν
2084 2654 2099 2671 ο

521 2727 748 2784 ἐπίϐαλε
786 2727 848 2780 τὸ
889 2725 1063 2794 γλυκὺ
1107 2725 1403 2795 ἄγκιστρον
1443 2723 1543 2794 τῆς
1589 2719 1967 2793 συμπαθείας,
2008 2719 2103 2772 καὶ

517 2811 696 2873 οῦτως
719 2810 1021 2882 ἐρευνήσας
1045 2809 1114 2864 τὰ
1153 2807 1544 2880 κεκρυμμένα,
1574 2804 1887 2859 ἀνάσπασον
1916 2805 1980 2856 ἐκ
2009 2802 2103 2858 τοῦ

522 2895 722 2966 βάθους
753 2897 851 2966 τῆς
879 2894 1158 2958 ἀπωλείας
1185 2893 1277 2946 τὸν
1305 2890 1613 2946 καταδύντα
1634 2889 1696 2942 τὸ
1726 2889 2001 2960 φρόνημα.
2029 2887 2105 2942 Τὸ

521 2979 777 3052 νομισθὲν
805 2978 969 3033 καλὸν
996 2974 1135 3032 εἶναι
1164 2978 1232 3030 ἐκ
1265 2974 1591 3048 προλήψεως
1619 2973 1652 3046 ἢ
1684 2972 1928 3042 ἀγνοίας,
1972 2971 2104 3028 παί-

517 3063 707 3118 δευσον
735 3064 813 3126 ὡς
843 3063 945 3133 τῆς
990 3060 1352 3129 ἀποστολικῆς
1391 3057 1740 3130 παραδόσεως
1787 3055 2104 3128 ἀλλότριον·

519 3147 623 3201 κᾶν
656 3148 753 3219 μὲν
790 3145 1024 3217 βουληθῇ
1055 3144 1215 3200 τοῦτο
1248 3141 1505 3208 δέξασθαι
1537 3141 1565 3194 6
1592 3139 1691 3212 τὴν
1729 3137 1939 3209 πλάνην
1972 3139 2106 3192 ὑπο-

515 3230 812 3302 δεξάμενος
833 3229 929 3285 ἄνθ
936 3246 1140 3302 ρωπος,
1161 3226 1304 3281 κατά
1331 3225 1432 3297 τήν
1453 3221 1548 3278 τοῦ
1587 3223 1867 3295 προφήτου
1895 3219 2102 3292 φωνὴν,

518 3315 726 3377 ἐκεῖνος
764 3314 876 3385 ζωῇ
912 3313 1158 3385 ζήσεται,
1184 3311 1278 3365 καὶ
1314 3309 1378 3363 σὺ
1413 3309 1509 3380 τὴν
1534 3306 1711 3378 ψυχήν
1741 3323 1834 3359 σου
1866 3305 2028 3378 ῥύσῃ·
2055 3305 2106 3358 εί

516 3397 575 3452 δὲ
610 3397 684 3469 μὴ
713 3397 980 3467 βούλεται,
1003 3395 1365 3465 ἁλλ’ὲμμένει
1390 3391 1733 3462 φιλονεικῶν,
1763 3390 1912 3452 ὅπως
1931 3387 1997 3442 ἀν
2030 3387 2105 3461 μὴ

519 3481 823 3544 ὑπεύθυνος
852 3480 1009 3551 γένῃ,
1043 3475 1418 3548 διαμαρτύρου
1461 3475 1622 3546 μόνον
1655 3472 1795 3543 μετὰ
1829 3471 2107 3544 μακροθυ-

521 3565 652 3635 μίας
675 3564 771 3618 καὶ
799 3563 1200 3635 χρηστότητος,
1239 3560 1327 3613 ἵνα
1360 3559 1435 3629 μὴ
1473 3558 1573 3630 τὴν
1602 3555 1782 3628 ψυχὴν
1814 3555 1979 3610 αὑτοῦ
2009 3557 2104 3609 ὲκ-

521 3648 737 3720 ζητήσῃ
767 3649 832 3700 ὲκ
863 3646 1044 3717 χειρός
1071 3662 1165 3698 σου
1194 3646 1222 3697 ὁ
1250 3644 1466 3714 κριτής·
1505 3641 1580 3713 μὴ
1621 3641 1816 3712 μισῶν,
1861 3639 1938 3713 μὴ
1967 3641 2105 3694 ἀπο-

521 3731 910 3803 στρεφόμενος,
928 3730 1002 3799 μὴ
1028 3725 1259 3790 διώκων,
1279 3725 1413 3778 ἀλλά
1428 3724 1526 3796 τὴν
1552 3724 1774 3796 ἀγάπην
1799 3724 2106 3789 ἐπιδεικνὺς

521 3815 787 3886 εἰλικρινῆ
817 3814 910 3867 καὶ
940 3811 1113 3883 ἀληθῆ
1150 3810 1286 3882 πρὸς
1312 3809 1493 3864 αὐτόν.
1543 3807 1761 3880 Ταύτην
1803 3808 2063 3880 κέρδανον
2086 3848 2102 3874 ,

523 3898 629 3952 κᾶν
658 3899 823 3970 μηδὲν
867 3896 1054 3966 ἕτερον
1096 3894 1340 3964 ώφελῇς,
1396 3891 1534 3964 αῦτη
1578 3890 1787 3964 μεγάλη
1837 3891 2103 3961 ὠφέλεια,

520 3982 682 4038 τοῦτο
717 3983 858 4054 μέγα
882 3981 1094 4052 κέρδος,
1127 3979 1189 4032 τὸ
1207 3977 1494 4048 ἀγαπῆσαι
1527 3975 1622 4031 καὶ
1649 3975 1853 4044 διδάξαι
1879 3975 1977 4046 τὴν
2009 3975 2102 4029 τοῦ

519 4066 758 4140 Χριστοῦ
781 4065 1098 4138 μαθητείαν.
1129 4064 1225 4116 Ἐν
1245 4062 1432 4129 τούτῳ
1450 4060 1582 4130 γὰρ,
1599 4059 1750 4131 φησὶ,
1770 4056 2107 4128 γνώσονται

519 4152 608 4206 ὅτ.
637 4151 765 4221 ἐμοὶ
785 4146 1047 4218 μαθηταί
1077 4147 1218 4201 ἐστε
1240 4187 1254 4212 ,
1287 4143 1395 4199 ἐὰν
1420 4143 1667 4214 ἀγάπην
1693 4145 1873 4212 ἔχητε
1905 4142 1975 4196 ἐν
1997 4141 2106 4196 ἀλ·

517 4233 765 4299 λήλοις·
797 4227 865 4304 ἧς
913 4231 986 4303 μὴ
1022 4230 1334 4301 παρούσης,
1381 4226 1505 4280 οῦτε
1540 4225 1740 4295 γνῶσιν
1786 4225 2105 4297 μυστηρίων

518 4317 676 4384 Θεοῦ,
709 4317 770 4370 ού
798 4317 1000 4378 πίστιν,
1019 4316 1079 4368 06
1117 4313 1452 4386 προφητείαν
1471 4353 1484 4377 ,
1534 4311 1635 4364 οὐκ
1677 4310 2066 4382 ἀκτημοσύνην
2085 4351 2100 4376 ,

518 4403 581 4456 06
653 4400 753 4472 τὴν
810 4399 953 4469 ὑπὲρ
1019 4396 1257 4469 Χριστοῦ
1316 4395 1620 4468 μαρτυρίαν
1687 4394 1917 4463 ὠφελεῖν
1999 4394 2103 4448 ἀπ-

519 4483 723 4547 έδειξεν
751 4485 780 4537 6
831 4481 1174 4544 Ἀπόστολος.
1232 4480 1374 4534 Ἐὰν
1421 4479 1551 4550 γὰρ,
1607 4477 1800 4547 φησὶν,
1861 4477 1980 4545 ἔχω
2029 4477 2104 4530 τὰ

514 4566 821 4639 μυστήρια
879 4565 1113 4630 πάντα,
1147 4565 1244 4619 καὶ
1298 4562 1505 4619 πᾶσαν
1559 4561 1675 4628 τὴν
1721 4559 1951 4630 γνῶσιν
1998 4561 2100 4615 καί

519 4651 749 4714 πίστιν,
791 4648 946 4702 ὥστε
994 4649 1101 4716 ὄρη
1141 4645 1548 4717 μεθιστάνειν,
1593 4642 1842 4714 ἀγάπην
1889 4641 1960 4695 δὲ
2011 4642 2100 4712 μὴ

519 4734 638 4803 ἔχω
660 4774 676 4799 ,
742 4733 927 4789 οὐδὲν
977 4731 1320 4801 ὠφελοῦμαι
1342 4747 1355 4760 ·
1415 4729 1515 4782 καὶ
1577 4728 1687 4782 ἐὰν
1731 4727 1862 4793 ταῖς
1913 4725 2105 4796 γλώσ-

518 4835 660 4885 σαις
689 4816 808 4871 τῶν
839 4816 1112 4886 ἀγγέλων
1142 4812 1336 4878 λαλῶ,
1386 4812 1484 4865 καὶ
1527 4810 1636 4864 ἐὰν
1679 4811 1934 4879 ψωμίσω
1979 4826 2101 4878 μου

519 4901 719 4954 πάντα
744 4901 818 4953 τὰ
851 4899 1200 4968 ὑπάρχοντα
1219 4937 1234 4960 ,
1283 4897 1382 4950 καί
1410 4895 1519 4949 ἐὰν
1548 4892 1794 4962 παραδῶ
1830 4892 1897 4946 τὸ
1927 4892 2100 4962 σῶμά

514 5002 636 5056 μου
679 4985 779 5038 ἵνα
809 4983 1195 5050 καυθήσωμαι
1219 5020 1233 5045 ,
1266 4979 1506 5050 ἀγάπην
1531 4977 1600 5031 δὲ
1627 4979 1709 5048 μὴ
1747 4979 1884 5048 ἔχω,
1918 4977 2103 5032 οὐδέν

518 5070 655 5138 ειμι.
697 5069 768 5123 Ἡ
811 5065 1012 5138 ἀγάπη
1050 5065 1471 5134 χρηστεύεται,
1508 5063 1580 5115 οὐ
1627 5061 1977 5131 φυσιοῦται,
2026 5063 2100 5116 οὺ

520 5153 678 5223 ζητεῖ
699 5153 772 5207 τὰ
803 5150 1043 5220 ἑαυτῆς,
1075 5148 1272 5203 πάντα
1305 5146 1525 5216 στέγει,
1560 5146 1757 5201 πάντα
1785 5147 2055 5200 πιστεύει
2081 5186 2096 5210 ,

519 5242 716 5294 πάντα
743 5234 984 5298 ἐλπίζει,
1022 5232 1217 5288 πάντα
1243 5233 1548 5302 ὑπομένει.

587 5326 650 5380 δ’.
683 5323 870 5384 υύδεὶς
899 5321 959 5385 εξ
990 5318 1164 5390 ὑμῶν,
1193 5315 1490 5388 ἀγαπητοὶ,
1524 5313 1778 5383 τοιαύτην
1805 5315 1932 5385 περὶ
1961 5315 2098 5386 Χρι-

521 5406 935 5464 στδνδδιάθεσιν
951 5402 1269 5467 ἐνεδείξατο,
1287 5401 1404 5455 οἵαν
1425 5401 1457 5470 ἡ
1478 5401 1608 5468 ἀγία
1636 5399 1814 5470 ὲκείνη
1837 5399 2001 5471 ψυχή·
2018 5401 2101 5453 οὺ-

582 5559 610 5589 ι
646 5559 701 5607 In
737 5559 869 5605 hunc
905 5556 1065 5604 locum
1109 5554 1218 5602 vide
1258 5566 1368 5615 qua:
1410 5553 1623 5615 diximus
1678 5553 1725 5601 in
1752 5551 1950 5615 Monitp.
1977 5552 2098 5612 Qua

523 5629 815 5732 sequuntur,
835 5618 939 5680 περὶ
960 5618 1048 5678 γὰρ
1068 5622 1152 5674 τῆς
1171 5612 1374 5664 ἑκάστου
1395 5614 1575 5663 τούτων
1601 5615 1840 5678 διαφορᾶς,
1869 5612 2094 5676 obscura,

531 5692 584 5732 cl.
613 5685 727 5731 ‘orle
745 5685 969 5732 corrupta
988 5684 1117 5724 sum.

547 5684 727 5732 2|.1‘0rle
745 5685 969 5738 corrupta
988 5684 1117 5724 sum.

592 5747 617 5781 b
636 5742 655 5786 \
675 5750 782 5793 auc.
800 5735 916 5799 ὓπερ
937 5735 1161 5801 Χριστοῦ.

1201 263 1259 318 S.
1295 263 1583 320 ιοιΝΝιε
1618 261 2108 327 ΟΙΙΒῩΞΟΒΤΟΣΙΙ
2148 263 2472 324 Αιιοηιερ.
2515 269 3069 328 CONSTANTINOP.

3667 283 3782 346 950

2199 389 2310 455 δεῖς
2332 391 2629 465 ἐτόλμησεν
2646 393 2744 447 ἀνθ
2752 392 2950 465 ρώπων
2968 393 3109 467 πλήν
3130 394 3342 450 ἐκείνου
3361 390 3587 451 τοιαῦτα
3614 398 3785 470 φθέγ-

2201 479 2396 544 ξασθαι
2420 481 2661 552 ῥήματα.
2694 478 2875 554 Αὐτὴν
2895 481 2993 554 τὴν
3009 482 3188 554 ψυχὴν
3215 484 3561 555 περιεκαίετο
3585 486 3780 555 λέγων,

2212 567 2682 634 Ἀντοναπληρῶ
2700 567 2773 622 τὰ
2793 570 3178 640 ὑστερήματα
3192 583 3215 610 ε
3240 569 3360 624 τῶν
3384 572 3647 641 θλίψεων
3673 573 3784 630 τοῦ

2199 654 2458 720 Χριστοῦ
2471 653 2542 708 ἐν
2565 657 2746 724 σαρκί
2765 669 2906 724 μου·
2931 657 3129 719 καὶτὸ,
3143 658 3438 727 Ηῠχόμην
3473 660 3657 726 αὐτὸς
3670 659 3789 731 ἐγὼ

2200 739 2468 811 ἀνάθεμα
2485 737 2637 795 εἷναι
2664 741 2782 796 ἀπὸ
2797 742 2905 797 τοῦ
2920 744 3181 812 Χριστοῦ
3199 744 3352 814 ὑπὲρ
3371 743 3491 800 τῶν
3507 743 3790 818 ἀδελφῶν

2197 843 2335 898 μου·
2351 831 2465 892 καὶ,
2491 830 2586 896 Τίς
2610 829 2874 895 ἀσθενεῖ,
2891 829 2993 885 καί
3017 833 3128 886 οὐκ
3158 832 3432 898 ἀσθενῶ;
3466 835 3577 888 Καὶ
3594 837 3790 889 τοσαύο

2200 933 2301 987 την
2340 916 2480 988 ἔχων
2518 919 2649 989 περὶ
2688 919 2924 990 Χριστὸν
2964 919 3203 974 διάθεσιν
3226 960 3242 987 ,
3277 921 3376 992 οὐχ
3415 920 3641 994 ὕϐρεις,
3690 925 3790 978 οὐκ

2202 1005 2467 1074 ἀνάγκας,
2503 1008 2602 1061 οὐκ
2623 1008 2943 1080 ἀναθέματα
2989 1009 3258 1080 ἐπέφερεν
3295 1010 3490 1064 οὐδενί·
3525 1007 3562 1084 ἦ
3588 1012 3701 1084 γὰρ
3727 1013 3789 1066 ἂν

2201 1093 2262 1146 06
2295 1094 2535 1149 τοσαῦτα
2567 1095 2696 1166 ἔθνη
2731 1097 2826 1150 καὶ
2872 1097 3055 1160 πόλεις
3098 1097 3429 1169 ὁλοκλήρους
3474 1100 3793 1172 προσέφερε

2203 1181 2283 1252 τῷ
2310 1182 2450 1254 Θεῷ·
2489 1183 2624 1237 ἀλλὰ
2659 1183 3112 1255 ταπεινούμενος,
3143 1186 3482 1258 τυπτόμενος
3502 1227 3517 1251 ,
3565 1187 3795 1257 κολαφι-

2204 1269 2450 1340 ζόμενος,
2468 1271 2639 1340 γέλως
2669 1271 2821 1344 παρὰ
2849 1273 2982 1326 πᾶσι
3010 1273 3510 1345 γενόμενος,ταῦτα
3527 1274 3794 1348 ἔπραττε,

2204 1358 2534 1426 κολακεύων,
2567 1360 2920 1433 παρακαλῶν,
2949 1361 3225 1432 δεόμενος.

2276 1485 2464 1551 Οὕτως
2485 1482 2579 1541 οὖν
2609 1486 2703 1541 καὶ
2738 1487 2874 1559 πρὸς
2907 1487 3225 1559 Ἀθηναίους
3265 1488 3363 1562 τὴν
3400 1489 3603 1544 εἴσοδον
3639 1490 3796 1564 [695]

2205 1574 2590 1644 ποιησάμενος,
2618 1575 2714 1628 καὶ
2745 1576 2954 1639 πάντας
2997 1576 3305 1647 μεμηνότας
3338 1577 3420 1641 εἰς
3444 1577 3544 1649 τὴν
3575 1579 3799 1632 εἰδωλο-

2203 1660 2459 1732 λατρείαν
2483 1660 2680 1732 εὑρὼν,
2714 1662 2814 1715 ούκ
2839 1662 3087 1716 ὠνείδισε
3124 1664 3348 1729 τούτους
3376 1665 3573 1729 είπὼν,
3602 1666 3796 1720 ’Λθεοί

2206 1748 2330 1800 ὲστε
2367 1748 2525 1818 ὑμεῖς
2554 1747 2650 1802 καὶ¹
2690 1749 2907 1814 ἀσεϐεῖς
2935 1749 3248 1816 παντελῶς·
3288 1753 3390 1806 οὐκ
3426 1747 3571 1816 εἷπε,
3601 1753 3796 1808 Πάντα

2206 1835 2326 1889 θεὸν
2370 1836 2592 1908 ἡγεῖσθε
2637 1837 2824 1908 ὑμεῖς,
2875 1837 2968 1891 τὸν
3004 1838 3136 1892 Θεὸν
3199 1839 3361 1910 μόνον
3399 1840 3662 1912 ἀρνεῖσθε
3703 1841 3795 1897 τὸν

2205 1925 2482 1997 Δεσπότην
2507 1925 2603 1979 καὶ
2626 1926 2689 1998 δη
2699 1925 2958 1998 μιδυργὸν
2980 1926 3074 1980 τοῦ
3104 1928 3328 1992 παντός·
3351 1929 3486 1984 ἀλλά
3509 1929 3564 1982 τί
3586 1947 3600 1996 ;
3631 1933 3798 2000 Περέα

2204 2013 2545 2082 ερχόμενος,
2600 2015 2764 2085 φησὶ,
2814 2015 2912 2069 καί
2942 2015 3297 2085 ἀναθεωρῶν
3327 2016 3400 2069 τὰ
3435 2016 3798 2086 σεϐάσματα

2205 2102 2390 2172 ὑμῶν,
2413 2100 2594 2172 εὗρον
2612 2104 2710 2158 καὶ
2733 2104 2944 2174 ,ϐωμὸν
2967 2105 3036 2158 ἐν
3051 2098 3100 2172 ᾧ
3127 2106 3556 2177 ἐπεγέγραπτο,
3573 2106 3799 2178 Ἀγνώ-

2205 2207 2331 2260 στῳ
2370 2190 2510 2258 Θεῷ.
2540 2195 2642 2247 Ὃν
2671 2189 2788 2249 οὖν
2819 2195 3182 2264 ἀγνοοῦντες
3211 2196 3533 2261 εὐσεϐεῖτε,
3577 2197 3799 2251 τοῦτον

2205 2279 2324 2350 ἐγὼ
2363 2280 2753 2350 καταγγέλλω
2801 2282 2964 2352 ὑμῖν.
3011 2284 3074 2336 Ὢ
3118 2283 3215 2337 τοῦ
3255 2264 3562 2355 θαύματος,
3594 2285 3649 2338 ὣ
3693 2286 3799 2338 τῶν

2205 2367 2486 2440 πατρικῶν
2504 2369 2848 2441 σπλάγχνωνί
2867 2371 3123 2424 Εὑσεϐεῖν
3142 2367 3295 2426 εἶπεν
3309 2373 3595 2443 Ἕλληνας,
3617 2374 3800 2429 καίτοι

2205 2456 2622 2528 εἰδωλολάτρας,
2655 2458 2833 2512 καίτοι
2878 2458 3232 2524 ἀσεϐοῦντας.
3268 2460 3366 2515 Διά
3406 2459 3494 2526 τί;
3531 2459 3801 2533 Ἐπείπερ

2203 2547 2280 2610 ὡς
2313 2545 2557 2611 εὐσεϐεῖς
2599 2547 2889 2602 ἐπετέλουν
2925 2550 3026 2619 τήν
3063 2549 3271 2602 οἰκείαν
3304 2548 3629 2621 θρησκείαν,
3669 2552 3801 2604 Θεὸν

2205 2633 2518 2704 νομίζοντες
2545 2633 2724 2688 σέϐειν
2746 2675 2760 2701 ,
2797 2634 2954 2688 τοῦτο
2982 2634 3270 2698 σπείσαντες
3313 2635 3564 2700 ἑαυτούς.
3588 2636 3798 2691 Τούτου

2209 2719 2450 2792 μιμητὰς
2473 2721 2618 2792 ὑμᾶς
2639 2720 2887 2789 γίνεσθαι
2912 2722 3122 2786 πάντας
3147 2721 3474 2795 παρακαλῶ,
3498 2724 3594 2778 καλ⁸
3625 2726 3799 2796 ἐμαυ-

2204 2808 2297 2862 τὺν
2331 2809 2427 2862 σὺν
2461 2809 2608 2880 ὑμῖν.
2635 2807 2823 2882 Είγάρ
2845 2811 2872 2862 6
2893 2808 3289 2880 προγινώσκων
3313 2809 3520 2882 Κύριος
3546 2811 3656 2883 τὴν
3682 2811 3801 2865 ὲκάο

2209 2915 2335 2952 στου
2371 2897 2715 2970 προαίρεσιν,
2746 2900 2841 2952 καὶ
2873 2898 3030 2964 εἰδὼς
3065 2901 3250 2964 ὁποῖός
3281 2917 3365 2965 τις
3389 2900 3623 2964 ἕκαστος
3649 2903 3803 2972 ήμιῖν

2205 2987 2518 3056 γενήσεται,
2551 2985 2709 3041 τοῦτο
2747 2987 3053 3058 πεποίηκε,
3098 2987 3187 3042 διά
3232 2987 3294 3041 16
3328 2987 3428 3053 τὰς
3465 2988 3687 3060 δωρεὰς
3715 2989 3804 3043 καὶ

2208 3074 2522 3148 φιλοτιμίας
2550 3075 2648 3140 τὰς
2675 3077 2807 3149 παρ’
2835 3077 3002 3132 αὐτοῦ
3035 3075 3342 3149 πληρῶσαι·
3373 3077 3436 3130 οὐ
3457 3078 3569 3150 γὰρ
3590 3080 3695 3133 ἐπὶ
3715 3095 3804 3131 κα-

2208 3165 2324 3228 κοῖς
2352 3163 2526 3230 κτίζει
2551 3164 2579 3216 6
2609 3162 2762 3228 Θεός·
2783 3165 2876 3218 καὶ
2895 3164 3036 3218 οὕτω
3059 3163 3167 3217 τῶν
3195 3165 3389 3218 κοινῶν
3412 3163 3650 3234 ἠξίωσεν
3673 3167 3802 3233 ἀγα-

2208 3251 2337 3318 θῶν,
2371 3251 2580 3315 πάντας
2623 3251 2873 3324 μιμητάς
2913 3250 3080 3306 αὐτοῦ
3119 3251 3446 3323 βουλόμενος
3486 3246 3653 3316 εἶναι,
3691 3252 3803 3316 πῶς

2206 3337 2277 3393 τὰ
2297 3339 2518 3393 ἐναντία
2545 3342 2739 3403 ποιεῖς,
2763 3339 2857 3392 καὶ
2878 3339 2940 3394 ὲν
2975 3339 3241 3411 ἐκκλησία
3270 3340 3530 3411 συνέρχῃ,
3567 3339 3678 3410 τὴν
3711 3340 3802 3394 θυ-

2210 3429 2332 3485 σίαν
2355 3428 2449 3483 τοῦ
2477 3429 2606 3484 Υίοῦ
2634 3429 2729 3483 τοῦ
2761 3428 2898 3483 Θεοῦ
2928 3429 3194 3495 ὲκτελῶν;
3225 3429 3343 3482 Οὐκ
3365 3427 3480 3481 ἴστε
3517 3428 3602 3481 ὅτι
3641 3429 3805 3483 κάλα-

2211 3531 2311 3585 μον
2343 3514 2809 3586 συντεθλασμένον
2849 3514 2951 3567 οὐκ
2993 3513 3308 3579 ἀπέκλασε,
3357 3513 3454 3566 καὶ
3493 3516 3797 3567 στυππεῖον

2209 3603 2608 3676 καπνιζόμενον
2637 3605 2736 3659 ούκ
2757 3603 2979 3671 ἕσϐεσε;
3025 3603 3121 3667 Τίς
3150 3603 3206 3657 δὲ
3238 3601 3430 3656 τούτου
3464 3603 3498 3673 ή
3531 3601 3799 3673 δύναμις;

2212 3695 2436 3761 Ἄκουε,
2457 3695 2540 3749 ὅτι
2566 3693 2660 3748 τὸν
2705 3693 2907 3748 Ἰούδαν
2933 3693 3028 3748 καὶ
3065 3691 3194 3756 τοὺς
3230 3693 3354 3747 κατ’
3384 3692 3548 3746 αὑτὸν
3591 3691 3798 3757 ἐξοκεί·

2207 3782 2408 3848 λαντας
2437 3784 2538 3837 οὐκ
2571 3781 2864 3845 ἀπέϐαλεν,
2905 3780 3065 3852 ἄχρις
3092 3775 3153 3835 06
3181 3779 3372 3833 ἑαυτὸν
3397 3778 3640 3840 ἑλκύσας
3669 3780 3799 3833 ἐκα-

2209 3888 2334 3936 στος
2359 3874 2425 3944 τῇ
2469 3871 2647 3944 πλάνῃ
2683 3869 3021 3940 παρέδωκεν.
3064 3870 3180 3939 υὺχ
3207 3868 3348 3941 ὑπὲρ
3390 3867 3500 3921 τῶν
3526 3864 3626 3921 τοῦ
3670 3867 3802 3921 λαοῦ

2206 3960 2571 4031 ἀγνοημάτων
2614 3959 2713 4023 τὰς
2747 3959 3030 4030 ἱκετηρίας
3067 3956 3485 4029 προσφέρομεν;
3515 3955 3618 4026 οὐχ
3657 3956 3802 4025 ὑπὲρ

2208 4049 2420 4122 ἐχθρῶν
2451 4049 2548 4102 καὶ
2577 4047 2884 4120 μισούντων
2921 4048 3016 4101 καὶ
3052 4045 3358 4100 διωκόντων
3387 4043 3799 4116 προσεύχεσθαι

2207 4136 2609 4207 ὲνετάλθημεν;
2658 4135 2788 4190 Ἰδοὺ
2833 4135 2932 4206 τὴν
2973 4133 3219 4189 δουλείαν
3270 4133 3622 4204 πληροῦμεν,
3690 4132 3799 4186 ίδοῦ

2208 4224 2635 4297 παρακαλοῦμεν
2673 4224 2839 4295 ὑμᾶς·
2889 4225 2923 4294 ή
2961 4221 3264 4293 χειροτονία
3297 4221 3397 4274 οὐκ
3425 4220 3504 4284 είς
3544 4219 3799 4288 ἐξουσίαν

2207 4315 2510 4386 φέρει,ούκ
2559 4314 2638 4378 είς
2687 4312 2821 4382 ὕψος
2871 4311 3108 4384 ἐπαίρει,
3165 4309 3227 4363 06
3277 4309 3597 4363 δεσποτείαν
3660 4325 3798 4380 παρα

2208 4405 2341 4477 ἐχει·
2383 4405 2587 4468 πάντες
2638 4402 2700 4457 τὸ
2755 4401 2888 4456 αὐτὸ
2944 4399 3172 4472 Πνεῦμα
3226 4399 3532 4469 ἐλάϐομεν,
3595 4398 3798 4460 πάντες

2206 4495 2286 4558 είς
2334 4491 2606 4546 υἱοθεσίαν
2661 4489 3007 4562 ὲκλήθημεν·
3066 4487 3160 4552 οὓς
3204 4487 3264 4542 δὲ
3315 4489 3344 4542 6
3395 4487 3589 4557 Πατὴρ
3625 4484 3821 4546 ἐδοκίσ,

2209 4597 2402 4652 μασεν,
2458 4579 2682 4643 τούτους
2727 4578 2849 4632 κατ’
2899 4574 3152 4642 ἐξουσίαν
3198 4579 3312 4640 τοῖς
3343 4575 3495 4639 ίδίοις
3535 4574 3790 4642 ἀδελφοῖς

2204 4668 2474 4722 δουλεύειν
2526 4667 2780 4738 ἠξίωσεν.
2855 4666 2966 4738 Τὴν
3007 4663 3254 4719 δουλείαν
3309 4658 3404 4718 οὖν
3451 4661 3790 4734 πληροῦντες

2205 4756 2632 4831 παρακαλοῦμεν
2660 4757 2804 4826 ὑμᾶς
2829 4755 2924 4810 καὶ
2953 4753 3465 4827 διαμαρτυρόμεθα,
3485 4753 3790 4824 ἀποστῆναι

2204 4848 2300 4902 τοῦ
2334 4845 2577 4900 τοιούτου
2605 4844 2800 4898 κακοῦ.
2836 4845 2909 4897 Ἢ
2947 4842 3057 4915 γὰρ
3089 4843 3155 4915 ζῇ
3184 4842 3277 4897 καὶ
3323 4841 3595 4913 πάρεστιν
3627 4843 3685 4894 ὲν
3715 4833 3790 4907 τῷ

2206 4933 2386 5006 θνητῷ
2413 4933 2512 5005 βίῳ
2538 4931 2736 5002 τούτῳ,
2761 4931 2793 5003 ἢ
2819 4930 3100 5003 τέθνηκεν,
3131 4930 3190 4985 ὃν
3213 4926 3640 4999 ἀναθεματίζειν
3667 4943 3789 4997 ⁸κρο-

2202 5028 2424 5100 ῄρησαι.
2457 5025 2521 5080 EE
2558 5023 2656 5094 μὲν
2677 5017 2769 5078 οὖν
2795 5022 2873 5076 ἔτι
2895 5022 3193 5094 περίεστιν,
3221 5018 3436 5082 ἀσεϐεῖς
3461 5017 3788 5071 ἀποκόπτων

2202 5118 2294 5170 τὸν
2321 5117 2378 5169 ὲν
2395 5114 2722 5186 τρεπτότητι
2765 5112 2915 5179 ὄντα,
2954 5112 3048 5166 καὶ
3084 5109 3452 5182 μετατεθῆναι
3489 5106 3786 5175 δυνάμενον

2202 5208 2268 5259 εκ
2291 5202 2385 5258 τοῦ
2409 5203 2580 5257 κακοῦ
2615 5203 2694 5266 είς
2733 5201 2793 5254 τὸ
2816 5200 3042 5269 ἀγαθόν·
3081 5200 3130 5252 εί
3177 5199 3234 5252 δὲ
3281 5197 3564 5266 τέθνηκεν,
3606 5190 3786 5261 πολλῷ

2206 5293 2426 5364 μᾶλλον.
2483 5289 2547 5343 Τί
2586 5290 2824 5360 δήποτε;
2860 5290 2983 5342 Ὀτι
3025 5286 3103 5358 τῷ
3150 5287 3264 5358 ἰδίῳ
3310 5285 3500 5355 Κυρίῳ
3532 5280 3780 5354 στήκειῆ

2203 5381 2392 5434 πίπτει
2413 5420 2426 5441 ,
2469 5377 2654 5433 οὐκέτι
2684 5379 2789 5431 ὑπὸ
2817 5375 3064 5442 ἐξουσίαν
3089 5375 3434 5447 ἀνθρωπίνην
3468 5372 3778 5442 τυγχάνων·

2201 5470 2295 5523 καὶ
2323 5469 2386 5521 τὸ
2415 5466 2794 5538 κεκρυμμένον
2815 5465 2892 5536 τῷ
2917 5465 3025 5519 τῶν
3047 5463 3260 5518 αἰώνων
3289 5464 3470 5534 κριτῇ,
3487 5459 3782 5528 ἐπισφαλές

2201 5557 2631 5628 ἀποφαίνεσθαι,
2685 5555 2830 5626 μόνῳ
2869 5554 3032 5609 εἰδότι
3077 5555 3170 5609 καὶ
3209 5553 3380 5625 μέτρα
3405 5547 3657 5619 γνώσεως
3683 5543 3780 5598 καὶ

2267 5735 2289 5765 ⁸
2307 5733 2459 5785 Vane.
2486 5730 2548 5778 τὰ
2581 5729 2883 5795 ἐστερημένα.
