4046 6146
315 280 421 340 sta
502 245 504 247 ’

314 398 464 454 verbi
510 393 808 450 molestiam
848 389 1126 458 indicaret,
1156 387 1258 441 hoc
1307 400 1434 441 usus
1479 386 1724 455 exemplo
1766 394 1891 439 est:

316 487 763 560 quemadmodum
789 486 834 541 si
863 485 1000 556 quis,
1021 485 1253 552 privatus
1281 494 1401 535 cum
1431 481 1522 546 sit,
1551 480 1750 549 regiam
1775 493 1898 548 pur-

317 595 503 652 puram
547 577 798 642 induerit,
852 585 960 630 tum
1015 575 1129 644 ipse
1179 583 1286 628 tum
1323 571 1714 626 commilitones
1757 569 1896 638 ejus,

316 672 464 740 quasi
507 668 716 741 tyranni
760 665 1176 729 interficiuntur;
1207 663 1285 718 sic
1311 661 1400 733 qui
1431 661 1700 716 dominico
1742 672 1900 714 utun-

319 775 406 817 tur
428 762 665 826 decreto,
687 771 739 814 et
766 759 1034 813 hominem
1062 755 1317 811 Ecclesia:
1358 753 1636 807 anathema
1677 750 1896 814 faciunt,

317 853 371 908 in
415 862 714 907 extremam
754 864 813 904 se
851 847 1138 918 perniciem
1177 843 1469 908 abducunt,
1517 842 1638 898 Filii
1675 841 1902 912 dignita-

319 955 424 998 tem
472 949 808 1010 usurpantes.
858 941 939 993 An
980 938 1097 992 leve
1144 936 1338 1006 putatis
1381 948 1500 989 esse
1525 942 1647 987 ante
1690 942 1900 1002 tempus

315 1047 369 1090 et
393 1034 586 1103 judicis
612 1032 893 1086 adventum
927 1030 1016 1085 tali
1043 1026 1302 1083 sententia
1323 1025 1621 1095 quempiam
1644 1022 1899 1078 condem-

317 1126 484 1181 nare?
514 1125 643 1178 Nam
668 1123 950 1177 anathema
976 1136 1006 1174 a
1031 1119 1245 1174 Christo
1287 1132 1503 1188 prorsus
1532 1122 1761 1185 separat.
1792 1111 1897 1168 Sed

317 1216 441 1287 quid
473 1215 656 1270 dicunt
689 1213 764 1267 illi
789 1212 854 1267 ad
885 1226 1096 1266 omnem
1125 1209 1377 1264 malitiam
1408 1205 1672 1261 audaces?
1717 1204 1900 1259 llicre-

317 1311 475 1373 tieus,
508 1309 674 1372 aiunt,
703 1306 791 1361 ille
836 1303 1007 1360 factus
1032 1311 1133 1367 est,
1181 1300 1563 1355 iuhabitanlem
1593 1297 1751 1351 habet
1781 1295 1899 1350 dia-

315 1398 1032 1469 bolum,etloquiturcoutra
1052 1396 1216 1450 Deum
1251 1390 1564 1462 nequitiam,
1599 1389 1900 1457 multosque

315 1491 532 1549 suadela
560 1503 798 1560 vanaque
825 1487 1028 1543 fallacia
1055 1486 1107 1540 in
1134 1483 1454 1556 profundum
1479 1483 1622 1538 exitii
1642 1481 1857 1536 abducit
1882 1498 1895 1534 :

317 1585 542 1654 ideoque
565 1601 594 1638 a
617 1578 861 1635 Patribus
875 1578 1078 1648 ejectus
1092 1591 1151 1631 es
1193 1575 1421 1631 maxime
1441 1573 1603 1645 hujus
1623 1575 1896 1644 magister,

316 1677 406 1746 qui
429 1683 630 1744 partem
673 1671 924 1728 Ecclesia:
958 1668 1202 1732 abscidit,
1228 1668 1305 1723 sic
1332 1677 1421 1722 aut
1462 1675 1677 1737 propter
1718 1665 1898 1721 Pauli-

317 1785 475 1832 num,
519 1774 611 1822 aut
650 1774 866 1836 propter
912 1762 1296 1834 Apollinarium
1338 1761 1616 1832 loquentes
1637 1760 1733 1831 (α).
1764 1758 1896 1814 Nam

318 1863 384 1918 de
401 1863 589 1917 horum
616 1859 945 1930 singulorum
969 1855 1266 1912 diﬂerentia
1293 1869 1470 1910 sermo
1498 1853 1681 1910 multis
1698 1851 1898 1906 novita-

318 1955 386 2007 tis
405 1960 584 2007 notam
603 1949 824 2018 pulchre
837 1935 1288 2017 elfugit,errorem
1311 1945 1361 1998 in
1381 1944 1742 2016 penetralibus
1759 1959 1899 2013 pra:-

314 2044 564 2116 judicata:
603 2043 866 2112 Opinionis
908 2041 1194 2097 invaluissc
1239 2054 1467 2110 arguens
1498 2055 1512 2092 :
1547 2037 1684 2091 Doce
1719 2039 1769 2090 in
1791 2052 1897 2090 mo-

316 2135 476 2190 destia
519 2135 798 2204 corripiens
838 2149 945 2198 eos,
989 2133 1074 2202 qui
1110 2132 1370 2195 resistunt,
1399 2146 1461 2183 ne
1483 2129 1686 2200 quando
1714 2128 1797 2181 det
1827 2127 1898 2181 eis

315 2226 455 2280 Deus
482 2225 817 2284 penitentiam
850 2223 918 2276 ad
956 2221 1353 2294 cognoscendam
1397 2221 1670 2284 veritatem,
1703 2227 1750 2271 et
1776 2218 1898 2271 resi-
1947 2266 1950 2268 ν

316 2311 506 2387 piscem
529 2332 561 2369 a
589 2315 777 2366 diaboli
793 2313 998 2383 laqueo,
1019 2329 1049 2364 α
1068 2327 1167 2381 quo
1195 2311 1377 2381 captivi
1403 2320 1632 2363 tenentur
1650 2308 1716 2361 ad
1740 2307 1898 2374 ipsius

317 2405 711 2477 ra!untatem(9..
730 2403 858 2457 Tim.
877 2406 930 2456 '2.
951 2402 1167 2472 25.26).
1203 2401 1439 2456 Extende
1477 2415 1726 2470 sagenam
1756 2398 1896 2453 cari-

316 2498 458 2562 tatis,
481 2497 703 2566 nequod
728 2495 1004 2558 claudicat,
1024 2501 1320 2558 evertatur,
1343 2491 1434 2546 sed
1460 2492 1633 2560 potius
1660 2500 1896 2544 sanetur.

314 2587 551 2644 Ostende
567 2596 615 2641 te
635 2603 700 2642 ex
718 2587 908 2641 atl‘ectu
928 2586 1093 2640 multo
1111 2585 1306 2639 bonum
1323 2585 1593 2652 proprium
1615 2595 1899 2638 commune

315 2679 490 2734 facere
510 2678 666 2734 velle.
689 2677 853 2747 lnjice
881 2676 1089 2730 dulcem
1128 2677 1605 2731 commiserationis
1642 2676 1894 2739 hamum,

315 2781 503 2826 etcum
524 2769 604 2824 sic
628 2769 833 2824 occulta
861 2776 1126 2824 scrutatus
1156 2767 1416 2833 fueris,ex
1434 2767 1693 2838 profundo
1720 2769 1897 2838 perni-

315 2861 414 2916 ciei
457 2859 678 2915 extrahe
721 2875 864 2923 cum,
914 2859 1002 2928 qui
1046 2860 1306 2913 sententia
1350 2859 1662 2914 submersus
1706 2859 1896 2914 fuerat.

314 2952 468 3022 Quod
483 2951 566 3008 vel
577 2968 641 3006 ex
657 2951 991 3021 priejudicata
1005 2950 1250 3020 opinione
1263 2951 1341 3004 vel
1355 2965 1418 3004 ex
1439 2950 1731 3020 ignorantia
1750 2961 1903 3020 puta-

316 3043 474 3099 batur
500 3057 620 3099 esse
648 3042 1090 3112 bonum,corrige
1120 3050 1176 3096 ut
1201 3041 1270 3096 ab
1299 3041 1589 3111 apostolica
1617 3041 1900 3096 traditione

319 3135 572 3188 alienum.
604 3135 682 3188 Ac
707 3133 750 3186 si
791 3132 1004 3203 quidem
1035 3131 1084 3186 id
1112 3132 1354 3202 accipere
1380 3132 1507 3187 velit
1535 3133 1601 3198 is,
1629 3133 1714 3202 qui
1747 3147 1901 3186 erro-

319 3242 432 3281 rem
455 3235 756 3295 exceperat,
783 3223 1072 3279 secundum
1113 3224 1387 3294 propheta:
1427 3239 1634 3289 vocem,
1666 3223 1754 3277 ille
1794 3222 1902 3277 vita

319 3319 480 3385 vivet,
502 3326 558 3372 et
581 3326 636 3372 tu
653 3317 883 3370 animam
909 3323 1050 3369 tuam
1077 3315 1327 3370 liberabis
1354 3313 1569 3384 (Ezech.
1589 3316 1642 3370 ὅ.
1668 3313 1784 3385 2|).
1808 3313 1902 3370 Sin

319 3410 470 3474 nolit,
491 3419 545 3464 et
560 3408 888 3464 contendens
911 3407 1178 3476 persistat,
1197 3421 1264 3461 ne
1279 3417 1332 3463 tu
1349 3421 1472 3461 reus
1488 3407 1581 3471 sis,
1599 3413 1905 3460 contestare

320 3501 494 3556 Solum
519 3516 638 3555 cum
665 3499 1066 3569 longanimitate
1105 3507 1160 3552 et
1192 3496 1618 3563 mansuetudine,
1649 3512 1714 3551 ne
1742 3495 1905 3566 judcx

320 3594 550 3648 animam
596 3592 710 3660 ejus
733 3591 812 3660 de
851 3607 1010 3644 manu
1054 3598 1141 3644 tua
1185 3589 1438 3658 requirat.
1483 3588 1560 3642 Ne
1603 3587 1803 3653 oderis,
1837 3601 1906 3642 ne

321 3682 618 3748 averseris,
660 3697 730 3736 ne
765 3681 1134 3752 persequaris,
1184 3679 1277 3734 sed
1321 3683 1581 3733 sinceram
1621 3694 1905 3748 veramque

321 3791 447 3844 erga
489 3791 612 3829 eum
658 3775 934 3828 caritatem
975 3772 1244 3828 ostendas.
1297 3771 1442 3826 lianc
1489 3772 1732 3835 lucrare,
1779 3772 1902 3826 etsi

323 3867 454 3922 nihil
480 3866 621 3921 aliud
655 3866 896 3922 utilitatis
923 3869 1188 3935 acquiras,
1222 3863 1338 3918 ha-c
1363 3879 1547 3933 magna
1575 3871 1658 3919 est
1680 3863 1901 3931 utilitas,

323 3959 427 4016 hoc
445 3976 692 4030 magnum
725 3961 946 4025 lucrum,
977 3958 1118 4030 quod
1155 3958 1362 4028 diligas,
1389 3968 1443 4013 ct
1472 3956 1666 4012 Christi
1701 3957 1903 4012 doctri-

321 4069 446 4109 nam
489 4054 701 4109 doceas.
739 4053 804 4107 ln
844 4053 939 4108 hoc
975 4054 1126 4118 enim,
1169 4051 1364 4122 inquit,
1407 4061 1724 4122 cognoscent,
1770 4050 1905 4121 quod

321 4145 561 4214 discipuli
592 4143 688 4198 mei
727 4143 864 4207 estis,
893 4144 938 4196 si
956 4143 1271 4197 dilectionem
1311 4141 1583 4195 habueritis
1605 4141 1672 4194 ad
1697 4142 1904 4195 invicem

326 4235 526 4308 (Joan.
574 4235 657 4288 15.
703 4233 806 4298 55)
837 4251 850 4287 :
882 4249 985 4302 qua
1027 4235 1504 4303 absente,.neque
1545 4233 1901 4302 cognitionem

322 4323 698 4396 mysteriorum
757 4322 878 4387 Dei,
907 4338 1078 4392 neque
1123 4324 1298 4385 fidem,
1330 4337 1501 4391 neque
1546 4323 1899 4393 prophetiam,

322 4428 500 4484 neque
542 4420 937 4482 paupertatem,
983 4428 1154 4480 neque
1192 4412 1551 4466 testimonium
1584 4413 1652 4467 de
1692 4412 1905 4468 Christo

323 4507 605 4561 utilitatem
637 4501 829 4556 afferre
868 4502 1150 4571 Apostolus
1179 4501 1465 4556 declaravit
1487 4502 1567 4556 his
1592 4504 1767 4558 verbis
1800 4521 1815 4558 :
1843 4503 1906 4558 Si

324 4599 544 4652 habuero
569 4596 805 4666 mysteria
832 4595 1020 4659 omnia,
1053 4603 1100 4648 et
1125 4609 1322 4647 onmem
1354 4595 1632 4654 scientiam.
1661 4607 1705 4648 et
1730 4595 1901 4663 ﬁdem,

325 4692 393 4744 ita
422 4700 473 4743 ut
501 4698 688 4742 montes
709 4688 1032 4756 transferant,
1059 4685 1322 4739 caritatem
1344 4695 1510 4738 autent
1539 4702 1638 4739 non
1663 4685 1901 4752 habuero,

326 4783 454 4836 nihil
485 4782 608 4834 mihi
634 4780 833 4849 prodest
865 4796 884 4833 :
904 4789 948 4832 et
977 4779 1021 4831 si
1049 4779 1235 4848 linguis
1251 4777 1545 4849 angelorum
1569 4778 1765 4848 loquar,
1794 4779 1904 4832 etsi

323 4875 510 4929 dedero
548 4889 746 4927 omnem
781 4871 1110 4927 substantiam
1143 4887 1306 4924 meant
1341 4870 1392 4924 in
1417 4871 1572 4936 cibos,
1605 4881 1648 4924 et
1675 4871 1720 4924 si
1747 4871 1906 4924 tradi-

325 5064 560 5114 rumpens
582 5049 912 5114 et_decentem
934 5048 1152 5114 ordinem
1172 5046 1486 5108 confundens,
1510 5054 1600 5098 etc.
1621 5064 1644 5093 ι
1683 5049 1909 5114 Reddidit

325 5109 726 5178 ipse'sententiam
747 5118 903 5178 etnon
926 5110 1067 5178 verba
1088 5109 1464 5178 Chrysostomus,
1486 5117 1627 5172 atque
1649 5109 1714 5160 ad
1734 5125 1907 5178 propo—_

323 5172 471 5228 situm
491 5173 612 5226 illud
637 5187 773 5222 suum
793 5172 994 5236 inflexit.
1015 5180 1252 5236 Hactenus
1264 5173 1501 5220 Baronius.
1515 5179 1622 5236 llaec
1634 5172 1761 5230 cuni,
1778 5172 1905 5236 quod

326 5239 384 5288 ad
407 5238 702 5287 sententiam
724 5235 926 5297 Spectat,
943 5236 1000 5282 iis
1017 5247 1126 5295 quae
1148 5235 1505 5297 Chrysostomus
1521 5235 1675 5297 refert
1692 5245 1764 5284 sat
1779 5235 1906 5297 simi:

326 5300 389 5348 lia
412 5301 527 5356 sint,
563 5297 702 5347 facile
732 5293 1048 5346 crediderinf
1067 5308 1180 5345 eum
1213 5293 1496 5345 memoriter
1535 5293 1814 5358 loquentem
1847 5295 1906 5344 ad

324 5369 648 5413 memoratum
671 5359 837 5420 lgnatii
864 5358 1016 5406 locum
1033 5358 1329 5420 respexisse,
1348 5360 1597 5420 verbaque
1616 5359 1682 5406 uti
1701 5369 1814 5406 sese
1841 5358 1914 5408 of-

325 5424 550 5472 ferebant
565 5435 625 5470 ex
652 5417 870 5482 tempore
896 5417 1172 5480 protulisse,
1185 5417 1331 5482 longe
1347 5417 1581 5468 absimilia
1597 5421 1760 5482 verbis
1775 5424 1910 5482 tgna-

404 5457 1046 5545 QiiJJa'Eii'i-‘Eiiieiiiiaﬁi
1068 5457 1197 5542 {Hie
1222 5457 1408 5545 eaodem.
1435 5489 1584 5545 Quem
1601 5481 1740 5545 enim
1761 5457 1907 5529 alium

321 5541 574 5610 martyrem
600 5557 663 5594 ex
687 5541 1014 5610 Apostolorum
1029 5541 1374 5610 successione,
1402 5543 1657 5592 Antiochia:
1681 5543 1905 5604 loquens,

321 5605 598 5672 protulerit,
621 5617 764 5672 quam
785 5605 1050 5672 Ignatium?

384 5672 458 5782 $2
481 5676 548 5718 De
570 5663 758 5792 ιξῗὺιίιίο
768 5663 1059 5718 Antiocheno
1083 5675 1135 5717 et
1151 5663 1436 5729 Apollinario
1453 5667 1714 5720 Laodiceno
1727 5669 1904 5732 agitur.

448 5751 458 5764 -
484 5740 602 5780 nom
628 5743 706 5780 um
731 5763 748 5778 .

320 5735 366 5796 (ι
484 5731 748 5792 monitum).

1627 268 1715 326 DE
1751 268 2241 327 ANATHEMATE.

3483 287 3590 344 950
3627 300 3629 303 '

2002 385 2123 440 dero
2165 403 2350 456 corpus
2381 403 2575 455 meum,
2599 399 2661 443 ut
2685 390 2970 458 comburar,
3013 394 3273 448 caritatem
3295 404 3460 450 autem
3487 416 3590 453 non

2003 478 2243 545 habuero,
2270 479 2398 532 nihil
2423 497 2555 536 sum.
2589 482 2788 538 Caritas
2828 483 3041 554 benigna
3069 497 3163 554 est,
3208 504 3309 542 non
3352 489 3588 559 inﬂatur;

2003 585 2103 622 non
2132 573 2310 638 quierit
2337 589 2450 642 quae
2474 591 2567 626 sua
2595 586 2712 628 sunt
2741 591 2761 630 :
2789 577 2958 631 omnia
2985 578 3181 644 εκῇῐινι,
3211 582 3380 634 omnia
3401 583 3581 646 credit,

2002 663 2170 716 omnia
2197 677 2387 734 sperat,
2410 668 2580 719 omnia
2599 668 2807 722 sustinet
2831 669 2906 741 (1.
2933 669 3049 725 Cor.
3086 673 3171 725 15.
3199 675 3250 726 1.
3281 690 3370 743 sqq
3394 674 3433 743 ).

2072 755 2126 808 4.
2154 755 2322 810 Nemo
2351 773 2414 812 ex
2445 759 2620 823 Vobis,
2652 760 2853 825 dilecti,
2887 763 3044 816 talem
3077 778 3172 832 pro
3200 762 3420 818 Christo
3454 765 3588 819 all‘e-

2002 855 2143 898 ctum
2189 846 2466 912 exhibuit,
2511 851 2720 917 qualem
2784 860 2965 906 sancta
3020 853 3109 907 illa
3162 855 3360 908 anima.
3403 856 3590 911 Nullus

2003 939 2276 995 hominum
2309 953 2502 1010 printer
2525 944 2672 998 illum
2703 960 2862 1000 ausus
2901 957 2985 1000 est
3025 948 3146 1003 talia
3192 949 3429 1017 proferre
3471 966 3592 1003 ver-

2002 1033 2092 1086 ba.
2131 1033 2245 1103 Ipsa
2294 1035 2469 1089 anima
2509 1037 2922 1093 comburehatur
2967 1040 3150 1096 dicens
3183 1059 3196 1094 :
3226 1043 3490 1113 Adimpleo
3529 1061 3589 1097 ea

2001 1140 2116 1193 qua:
2163 1124 2340 1178 desunt
2387 1125 2768 1180 tribulationum
2811 1126 2998 1184 Christi
3041 1132 3092 1183 in
3117 1149 3271 1187 carne
3313 1151 3422 1187 mea
3463 1133 3587 1202 (Co-

2005 1214 2129 1267 loss.
2168 1216 2218 1267 1.
2260 1213 2375 1286 2i);
2418 1225 2492 1279 et,
2560 1216 2809 1288 Optabam
2848 1220 2956 1287 ipse
2997 1238 3086 1292 ego
3127 1225 3392 1277 anathema
3428 1243 3591 1279 ossea

2001 1306 2202 1362 Christo
2232 1326 2322 1378 pro
2345 1311 2588 1380 fratribus
2615 1314 2736 1365 meis
2754 1311 2928 1383 (Rom.
2954 1313 3004 1368 9.
3028 1315 3105 1380 '5);
3131 1324 3202 1379 et,
3227 1315 3351 1380 Quis
3365 1319 3588 1386 infirma'

2002 1407 2107 1461 tur,
2135 1409 2178 1452 et
2208 1416 2299 1468 ego
2339 1417 2439 1453 non
2461 1401 2694 1470 inﬁrmor
2727 1403 2800 1470 (2.
2832 1402 2952 1458 Cor.
2988 1405 3070 1460 ll.
3092 1405 3213 1476 29)?
3239 1407 3479 1476 Cumque
3499 1409 3588 1462 tali

2001 1504 2122 1560 erga
2158 1490 2322 1544 Deum
2353 1491 2540 1548 affectu
2569 1493 2820 1563 praeditus
2849 1505 2991 1550 esset
3014 1538 3029 1563 ,
3057 1512 3160 1551 non
3203 1499 3552 1552 contumelias
3571 1539 3587 1562 ,

2002 1594 2108 1634 non
2123 1581 2249 1646 vim,
2269 1596 2374 1635 non
2389 1583 2723 1639 anathemata
2737 1585 2964 1655 cuipiam
2984 1585 3261 1641 inferebat.
3284 1589 3428 1642 Alias
3445 1590 3588 1643 enim

2002 1687 2108 1726 non
2152 1683 2228 1727 tot
2269 1685 2458 1744 gentes
2497 1677 2762 1747 urbesque
2807 1686 2945 1732 totas
2995 1680 3102 1735 Deo
3142 1681 3462 1736 obtulisset:
3495 1683 3591 1738 sed

2001 1765 2326 1834 humiliatus,
2355 1783 2662 1838 percussus,
2689 1770 2929 1840 colaphis
2969 1787 3160 1839 caesus,
3206 1774 3442 1844 risuique
3470 1792 3588 1830 om-

2001 1859 2146 1912 nium
2177 1863 2470 1930 expositus,
2515 1863 2632 1918 hinc
2675 1865 3031 1934 perpetrabat,
3082 1867 3424 1934 blandiendo,
3459 1870 3585 1923 hor-

2002 1951 2182 2016 tando,
2219 1953 2573 2009 obsecrando.

2074 2041 2228 2097 Pauli
2249 2046 2580 2100 mansuetudo
2597 2046 2648 2100 in
2671 2049 2937 2103 monendo.
2953 2079 3020 2089 —
3035 2049 3124 2105 Sic
3143 2051 3279 2121 apud
3301 2051 3591 2107 Athenien-

1999 2147 2087 2188 ses
2108 2134 2306 2188 aditum
2324 2136 2422 2191 sibi
2453 2137 2840 2208 fecit,cumque
2871 2140 3160 2196 invenisset
3197 2157 3384 2199 omnes
3421 2144 3588 2199 idolo-

2001 2239 2118 2278 rum
2141 2226 2286 2279 cultu
2303 2226 2648 2296 insanientes,
2669 2245 2772 2284 non
2790 2230 3089 2300 opprobriis
3103 2247 3191 2287 θος
3206 2249 3487 2304 aggressus
3498 2246 3583 2290 est

2000 2314 2084 2370 his
2115 2317 2290 2372 verbis
2316 2333 2331 2370 :
2360 2318 2504 2373 athei
2529 2321 2690 2386 estis,
2711 2323 3034 2394 omninoque
3069 2325 3247 2396 impii:
3273 2341 3376 2382 non
3413 2328 3546 2382 dixit
3574 2345 3596 2382 :

2001 2407 2178 2461 omnia
2204 2423 2299 2478 pro
2317 2409 2428 2464 Deo
2446 2410 2673 2478 habetis,
2688 2429 2962 2485 unumque
2980 2417 3144 2471 Deum
3163 2419 3390 2488 negatis,
3413 2419 3591 2474 Domi-

2001 2516 2126 2553 num
2146 2509 2199 2555 et
2213 2501 2459 2571 opificem
2480 2504 2712 2560 universi
2735 2524 2748 2559 :
2767 2508 2862 2562 sed
2879 2508 3003 2577 quid
3024 2507 3592 2581 iCircuntiens,iuqnit,

2002 2600 2049 2644 et
2065 2591 2236 2646 videns
2255 2593 2528 2648 simulacra
2545 2598 2899 2661 vestra,inveni
2913 2609 2957 2653 et
2977 2616 3140 2667 arant,
3160 2602 3212 2654 in
3232 2619 3331 2672 qua
3351 2604 3594 2673 scriptum

2002 2692 2126 2748 erat,
2147 2681 2340 2738 lanoso
2365 2685 2494 2742 Deo.
2520 2687 2679 2752 Quem
2700 2705 2817 2759 ergo
2838 2691 3127 2759 ignorantes
3149 2693 3332 2759 colitis,
3353 2694 3486 2748 hunc
3500 2712 3593 2765 ego

2002 2778 2248 2830 annuntio
2273 2778 2409 2833 vobis
2443 2781 2577 2848 (Act.
2605 2782 2691 2835 17.
2729 2781 2844 2852 25).
2876 2783 2920 2838 Ο
2950 2786 3289 2842 miraculum!
3316 2803 3348 2840 ο
3373 2797 3593 2858 paterna

2005 2871 2247 2925 viscera!
2291 2873 2382 2927 Pie
2424 2874 2600 2929 colere
2639 2875 2857 2931 Grzccos
2896 2879 3058 2946 dicit,
3103 2881 3225 2935 licet
3265 2882 3592 2947 idololatras,

2003 2960 2130 3016 licet
2176 2963 2336 3032 impie
2376 2973 2615 3033 agentes.
2655 2967 2872 3034 Quare?
2911 2969 3043 3036 Quia
3087 2972 3236 3040 quasi
3284 2973 3354 3043 pii
3392 2976 3592 3028 cultum

2005 3067 2158 3106 suum
2203 3055 2593 3122 persolvebaut,
2637 3056 2803 3111 Deum
2848 3075 2906 3113 se
2944 3061 3123 3116 colere
3164 3072 3428 3132 putantes,
3471 3080 3593 3120 cum

2005 3143 2077 3197 ita
2104 3142 2205 3197 sibi
2231 3146 2640 3213 persuasissent.
2665 3147 2832 3218 Hujus
2859 3166 2955 3206 vos
2981 3166 3168 3207 omnes
3195 3151 3382 3208 hortor
3417 3156 3594 3210 imita-

2007 3241 2149 3288 tores
2175 3247 2316 3300 esse,
2356 3250 2418 3290 ac
2441 3237 2715 3292 vobiscum
2744 3239 2903 3294 etiam
2935 3241 3216 3311 meipsum.
3256 3245 3387 3300 Nam
3418 3249 3462 3302 si
3494 3249 3596 3304 Do-

2006 3325 2201 3392 minus,
2233 3328 2323 3398 qui
2358 3328 2684 3399 singulorum
2722 3332 3050 3388 voluntatem
3092 3337 3381 3406 prospicit,
3413 3349 3464 3394 et
3495 3343 3596 3396 scit

2005 3419 2177 3488 qualis
2203 3420 2428 3492 quisque
2456 3432 2702 3480 nostrum
2738 3423 2946 3481 futurus
2979 3427 3066 3494 sit,
3106 3428 3159 3482 id
3201 3430 3342 3494 fecit,
3373 3442 3432 3486 ut
3456 3433 3595 3488 dona

2007 3511 2561 3584 tnagnilicentiamque
2603 3531 2753 3572 suam
2791 3517 3038 3587 impleret
3068 3539 3080 3575 :
3113 3536 3288 3594 neque
3325 3525 3466 3579 enim
3501 3542 3598 3595 pro

2007 3601 2162 3656 malis
2185 3613 2333 3658 creat
2361 3605 2500 3660 Deus
2532 3623 2546 3659 :
2578 3617 2634 3660 et
2668 3608 2748 3662 sic
2787 3617 2963 3665 tamen
2991 3627 3084 3667 eos
3117 3617 3489 3672 communibus
3511 3618 3597 3673 di-

2007 3701 2197 3762 gnatus
2225 3703 2309 3748 est
2334 3695 2506 3761 bonis,
2537 3712 2830 3769 onmesque
2851 3701 2962 3756 vult
2985 3703 3276 3760 imitatores
3298 3707 3411 3777 ejus
3436 3723 3594 3764 esse:

2008 3799 2105 3840 cur
2135 3793 2188 3839 ιιι
2215 3787 2480 3841 contraria
2511 3787 2658 3854 facis,
2691 3791 2780 3860 qui
2816 3791 2868 3846 in
2903 3793 3194 3850 Ecclesium
3231 3799 3514 3865 convenis,
3543 3811 3599 3857 et

2007 3876 2324 3933 sacrificium
2359 3879 2478 3936 Filii
2509 3881 2602 3936 Dei
2632 3883 2882 3951 perficis?
2909 3884 3136 3941 Nescitis
3163 3889 3302 3958 quod
3330 3891 3596 3949 calamum

2009 3979 2418 4040 conquassatum
2448 3989 2553 4028 non
2594 3974 2886 4046 confregit,
2917 3988 2970 4032 et
3000 3979 3165 4033 linum
3195 3982 3453 4052 funtigans
3488 4001 3595 4039 non

2009 4064 2263 4119 exstinxit
2291 4063 2446 4136 (Isai.
2507 4067 2597 4122 42.
2635 4068 2729 4137 5)?
2767 4070 2903 4138 Quid
2943 4071 3044 4126 sibi
3079 4074 3190 4126 vult
3229 4074 3396 4130 illud?
3431 4078 3595 4132 Audi.

2008 4155 2196 4210 Judam
2242 4157 2445 4228 ipsique
2490 4160 2692 4215 similes
2734 4161 2788 4215 in
2832 4163 2980 4230 lapsu
3024 4179 3131 4219 non
3173 4165 3384 4235 abjecit,
3425 4168 3597 4226 donec

2009 4247 2235 4320 quisque
2261 4264 2444 4304 eorum
2466 4261 2656 4320 Sponte
2685 4253 2946 4308 abductus
2974 4255 3141 4309 errori
3165 4271 3223 4311 se
3245 4260 3592 4329 manciparet.

2008 4339 2196 4395 Nonne
2214 4356 2308 4411 pro
2329 4343 2510 4412 populi
2531 4343 2838 4413 ignorautiis
2853 4345 3266 4415 supplicationes
3287 4348 3557 4406 offerimus
3572 4352 3596 4404 ?

2009 4432 2198 4489 Nonne
2229 4450 2323 4504 pro
2349 4435 2599 4500 inimicis,
2633 4452 2727 4505 pro
2753 4436 3056 4493 odieniibus
3082 4447 3136 4494 et
3158 4443 3596 4511 persequentibus

2011 4541 2166 4580 orare
2191 4526 2322 4595 jussi
2354 4527 2576 4582 sumus?
2605 4529 2681 4582 En
2710 4529 3058 4584 ministerium
3091 4531 3390 4600 implemus,
3416 4534 3597 4588 horta-

2013 4632 2235 4686 nturque
2277 4633 2371 4671 vos
2401 4634 2415 4670 :
2443 4618 2708 4674 ordinatio
2751 4634 2858 4674 non
2904 4621 3076 4689 effert,
3121 4636 3226 4677 non
3269 4624 3321 4677 in
3370 4626 3596 4680 sublime

2011 4711 2230 4775 extollit,
2289 4727 2393 4766 non
2452 4711 2738 4780 potentiam
2788 4723 3003 4782 praeStat
3046 4731 3060 4766 :
3109 4730 3298 4770 omnes
3348 4716 3595 4771 eumdent

2014 4803 2267 4871 Spiritum
2306 4804 2628 4874 accepimus,
2671 4821 2858 4861 omnes
2898 4807 2950 4860 in
2979 4806 3319 4877 adoptionem
3365 4809 3593 4864 filiorum

2014 4894 2184 4948 vocati
2214 4910 2398 4949 sumus
2436 4913 2450 4949 :
2485 4911 2620 4966 quos
2659 4896 2814 4952 Pater
2840 4897 3110 4966 probavit,
3147 4914 3240 4953 eos
3267 4898 3516 4953 fratribus
3548 4903 3598 4954 in

2013 4996 2275 5056 potestate
2319 4989 2522 5042 servire
2559 4989 2747 5043 voluit.
2787 4989 3106 5045 Servitutem
3149 4991 3323 5061 itaque
3357 5002 3596 5044 "Oail'illll

2013 5078 2298 5148 implentes
2323 5077 2599 5134 hortamur
2626 5095 2722 5135 vos
2744 5080 3201 5150 obtestanturque,
3232 5090 3288 5134 ut
3313 5080 3381 5135 ab
3413 5080 3598 5150 hujus—

2013 5168 2158 5223 modi
2199 5168 2339 5223 malo
2377 5168 2662 5224 desistatis.
2700 5168 2830 5223 Nam
2876 5170 2940 5235 is,
2981 5185 3137 5238 quem
3177 5178 3231 5224 tu
3283 5171 3596 5225 anathema.

2015 5262 2178 5317 tizarc
2216 5261 2518 5328 decrevisti,
2559 5262 2642 5317 vel
2673 5262 2799 5316 vivit
2826 5263 2878 5316 in
2905 5263 3003 5317 hac
3032 5264 3243 5318 mortali
3282 5265 3386 5319 vita
3413 5279 3600 5335 super

2015 5363 2142 5417 stes,
2184 5353 2268 5408 vel
2309 5367 2547 5410 mortuus
2582 5363 2695 5419 est;
2738 5355 2784 5408 si
2824 5371 2950 5426 ergo
2993 5369 3266 5426 superstes
3294 5367 3395 5426 est,
3435 5361 3597 5429 impie

2013 5446 2146 5514 agis,
2194 5434 2281 5514 qui
2329 5444 2501 5500 adhuc
2541 5446 2864 5512 versatilem,
2910 5449 2997 5517 qui
3040 5449 3207 5518 possit
3247 5449 3314 5504 de
3357 5452 3494 5506 malo
3540 5455 3593 5506 in

2014 5539 2211 5593 bonum
2256 5537 2471 5601 mutari,
2513 5536 2822 5602 abscindas;
2865 5539 2947 5593 sin
2992 5551 3234 5595 mortuus
3272 5550 3380 5606 est,
3429 5545 3595 5598 multo

2017 5628 2185 5697 magis
2233 5625 2521 5698 [abstinere
2564 5625 2771 5699 debes.]
2815 5627 3022 5695 Quare?
3059 5630 3191 5697 Quia
3241 5632 3462 5688 Domino
3500 5649 3594 5688 suo

2018 5730 2122 5778 stat
2149 5720 2230 5778 vel
2255 5719 2418 5788 cadit,
2448 5735 2616 5791 neque
2639 5720 2749 5790 jam
2773 5720 2872 5776 sub
2900 5721 3127 5778 humana
3156 5726 3360 5796 positus
3390 5735 3472 5783 est
3499 5741 3588 5797 po-
