4046 6146
483 267 585 326 981

479 391 695 442 testate.
725 377 803 433 Ac
826 375 895 432 de
923 390 1010 444 eo,
1042 374 1184 446 quod
1209 373 1474 429 occultum
1502 379 1605 438 est,
1636 370 2061 439 saeculorumquo

486 471 644 540 iudici
675 477 1022 535 reservatum,
1047 467 1364 522 sententiam
1392 464 1534 520 ferre
1562 463 1917 534 periculosum
1945 469 2058 525 est;

483 578 606 620 eum
637 562 748 632 ipse
785 559 930 614 solus
959 557 1108 613 novit
1133 567 1188 612 et
1227 555 1465 612 scientiae
1502 567 1833 620 mensuram,
1855 561 1910 608 et
1939 550 2061 607 ﬁdei

481 653 720 710 modum.
759 649 1058 716 Undenam,
1101 661 1311 719 quaeso,
1347 646 1545 701 scimus
1577 645 1770 715 quibus
1798 657 1858 699 se
1885 642 2063 698 verbis

481 743 772 808 accusabit,
794 748 886 796 aut
905 753 1064 813 quam
1091 738 1456 794 defensionem
1489 735 1722 806 proferet
1743 736 1796 788 in
1817 735 1927 801 die,
1956 747 2059 804 qua

484 837 623 892 Deus
647 835 978 906 judicaturus
1001 840 1084 887 est
1107 830 1316 886 occulta
1341 828 1653 883 hominum?
1681 826 1820 882 Vere
1853 826 2063 880 inseru-

481 927 658 982 tabilia
695 934 823 982 sunt
856 923 1052 995 judicia
1092 922 1226 992 ejus,
1265 931 1320 976 et
1351 919 1744 990 investigabiles
1780 918 1881 972 viae
1920 917 2058 988 ejus.

483 1020 607 1084 Quis
647 1019 778 1073 enim
818 1018 951 1070 novit
987 1030 1185 1070 sensum
1215 1011 1442 1077 Domini,
1472 1019 1561 1064 aut
1587 1011 1700 1081 quis
1739 1007 2062 1063 consiliarius

478 1113 588 1180 ejus
615 1111 712 1180 fuit
755 1108 906 1180 (Isai.
947 1106 1038 1162 40.
1069 1106 1138 1162 15
1160 1102 1220 1177 )?
1265 1103 1428 1159 Forte
1455 1102 1633 1157 nullus
1668 1116 1732 1156 ex
1761 1100 1948 1166 nobis,
1977 1100 2061 1154 di-

480 1201 622 1267 lecti,
650 1215 708 1255 se
728 1200 991 1269 baptismo
1011 1197 1284 1266 dignatum
1311 1207 1428 1248 esse
1457 1199 1625 1262 putat,
1659 1204 1816 1245 nemo
1841 1190 1941 1244 scit
1971 1188 2060 1259 ju-

479 1293 675 1346 dicium
714 1303 963 1358 umquam
1003 1286 1236 1341 futurum
1264 1299 1404 1338 esse.
1434 1281 1574 1349 Quid
1615 1281 1734 1337 dico
1756 1279 2060 1350 judicium?

481 1384 651 1452 Ipsam
693 1395 905 1451 quoque
936 1387 1164 1433 mortem
1202 1384 1257 1430 et
1290 1375 1491 1430 exitum
1531 1387 1564 1429 e
1594 1386 1822 1442 corpore
1851 1371 2063 1442 ignora-

480 1487 620 1538 mus,
649 1471 718 1525 ob
744 1471 886 1525 illam
913 1484 1090 1524 rerum
1115 1467 1447 1522 saecularium
1469 1464 1792 1535 phrenesim,
1815 1477 1934 1533 qua:
1963 1475 2061 1516 nos

480 1562 692 1616 invasit.
721 1561 803 1616 Ab
831 1561 933 1616 hoc
951 1601 967 1627 ,
1001 1572 1202 1630 qumso,
1237 1555 1374 1612 malo
1398 1555 1659 1610 absiStite.
1693 1553 1828 1608 Ecce
1857 1551 1977 1608 dico
2004 1560 2062 1608 et

480 1661 752 1707 contestor
781 1651 830 1705 in
857 1657 1148 1720 conspectu
1184 1647 1279 1703 Dei
1316 1655 1372 1702 et
1398 1647 1693 1701 electorum
1726 1643 2055 1714 angelorum,

480 1747 603 1800 hinc
631 1743 784 1798 nobis
814 1743 867 1798 in
895 1741 1186 1813 die.judicii
1215 1739 1411 1794 malum
1440 1745 1691 1808 magnum
1727 1747 1782 1792 et
1809 1735 2060 1791 intolera-

485 1833 643 1886 bilem
692 1835 869 1902 ignem
917 1830 1121 1902 parari.
1156 1829 1290 1884 Nam
1320 1831 1365 1886 si
1397 1832 1450 1886 in
1479 1834 1753 1904 virginum
1797 1833 2058 1889 similitu-

483 1927 611 1982 dine
630 1940 725 1982 eos
750 1921 1093 1996 (Matthﬁg‘i,
1124 1924 1234 1995 ll),
1269 1924 1360 1995 qui
1386 1940 1508 1981 cum
1536 1927 1822 1997 splendida
1855 1926 1958 1983 [ide
1995 1934 2052 1982 et

1193 263 1249 320 S.
1287 261 1562 320 .IOANNIS
1597 257 2071 316 CIIRYSOS'I'OMI
2109 255 2424 318 ARClIIEP.
2464 258 2998 318 CONS’I‘ANTINOP.

3645 263 3754 319 932

2179 385 2387 425 morum
2415 370 2646 426 candore
2673 372 2938 438 vixerunt,
2966 371 3222 428 Dominus
3251 373 3639 439 universorum.
3664 379 3757 450 qui

2174 464 2410 534 ipsorum
2434 479 2594 534 opera
2624 464 2784 528 vidit,
2812 465 2882 520 ob
2904 465 3384 522 commiserationis
3423 470 3699 536 penuriam
3726 487 3760 526 a

2176 555 2412 610 thalamo
2457 555 2662 610 alienos
2705 553 2936 610 reddidit
2977 573 2992 611 :
3029 555 3296 625 quomodo
3334 571 3454 626 nos,
3491 559 3582 628 qui
3614 562 3761 618 omni

2175 661 2297 702 cum
2345 647 2557 703 licentia
2597 648 2841 711 vivimus,
2881 655 2938 702 et
2975 647 3426 704 immisericordes
3467 664 3592 720 erga
3627 667 3762 707 eon-

2177 739 2396 794 tribules
2420 749 2632 793 nostros
2660 753 2757 793 nos
2785 739 3129 806 exhibemus,
3167 739 3341 795 salute
3365 739 3511 811 digni
3540 741 3762 797 habebi-

2175 831 2326 886 mur?
2355 830 2711 899 Quamobrem
2741 831 2966 886 obsecro
3005 847 3122 899 vos,
3151 847 3219 886 ne
3249 832 3410 888 verba
3447 832 3563 888 bmc
3593 835 3762 905 negli-

2174 932 2362 994 genter
2399 923 2648 980 audiatis.
2679 923 2939 978 Haaretica
2984 923 3184 994 quippe
3222 922 3467 994 dogmata
3511 925 3598 988 iis,
3642 942 3764 996 qua:

2177 1032 2276 1071 nos
2325 1017 2650 1086 accepimus,
2692 1015 2959 1072 contraria
3002 1016 3472 1080 anathematizare,
3508 1025 3565 1072 et
3601 1018 3762 1088 impia

2174 1106 2416 1175 dogmata
2443 1105 2717 1162 confutare
2740 1114 2968 1176 oportet,
2999 1105 3304 1161 hominibus
3328 1116 3503 1161 autem
3533 1122 3762 1178 parcen-

2174 1198 2324 1263 dum,
2354 1207 2408 1253 et
2446 1211 2542 1268 pro
2569 1212 2755 1254 eorum
2785 1197 2958 1253 salute
2994 1197 3253 1251 orandum
3286 1207 3390 1253 est.
3417 1196 3632 1253 Utinam
3666 1213 3766 1254 nos

2175 1303 2384 1354 omnes,
2411 1288 2502 1343 Dei
2527 1296 2582 1343 et
2609 1287 2835 1358 proximi
2867 1288 3039 1342 amori
3067 1287 3284 1354 addicti,
3307 1296 3464 1358 atque
3487 1288 3764 1345 Dominica

2176 1389 2532 1449 exsequentes
2557 1389 2856 1450 praecepta,
2886 1394 3007 1434 cum
3048 1379 3413 1435 misericordia
3449 1389 3504 1435 et
3545 1381 3765 1452 fulgidis

2176 1472 2530 1541 lampadibus,
2571 1473 2623 1527 in
2663 1471 2751 1527 die
2780 1471 3185 1527 resurrectionis
3213 1471 3410 1528 caelesti
3438 1487 3638 1542 sponso
3665 1487 3762 1527 oc-

2175 1579 2472 1629 curramus,
2494 1562 2783 1620 oll‘erentes
2803 1563 2880 1618 illi
2908 1564 2960 1617 in
2983 1562 3151 1634 gloria
3175 1563 3596 1633 quamplurimos
3619 1579 3762 1618 com-

2175 1656 2519 1713 miseratione
2569 1665 2751 1711 nostra
2798 1663 3064 1722 servatos,
3113 1655 3281 1725 gratia
3329 1663 3386 1710 et
3433 1654 3762 1725 benignitate

2176 1753 2343 1822 ipsius
2379 1749 2632 1821 unigeniti
2676 1749 2798 1804 Filii
2845 1748 2960 1815 Dei,
3003 1748 3218 1818 quicum
3269 1747 3413 1802 Patri
3450 1747 3612 1816 gloria
3657 1761 3760 1802 una

2175 1858 2296 1900 cum
2336 1853 2522 1900 saneto
2561 1842 2783 1914 Spiritu,
2825 1855 2967 1897 nunc
3009 1849 3066 1897 et
3096 1855 3310 1910 semper
3345 1848 3400 1896 et
3437 1840 3489 1894 in
3523 1840 3760 1904 smcula,

2172 1938 2368 1992 Amen.

508 2308 3740 2362 Μελ-’Μ

1535 2563 1646 2623 AD
1694 2557 2108 2620 HOMILIAM
2165 2557 2242 2618 IN
2293 2556 2710 2619 KALENDAS

573 3095 670 3156 lllc
707 3097 966 3156 Kalendae
1011 3107 1388 3156 memorantur
1419 3091 1669 3152 Januarii
1709 3095 1953 3162 mensis,
1998 3112 2076 3151 ea:

505 3205 715 3259 scilicet
741 3219 862 3274 qua:
880 3217 1095 3257 annum
1148 3200 1419 3271 incipiunt
1459 3197 1600 3268 apud
1633 3197 1935 3264 Romanos,
1970 3212 2079 3267 qua

507 3309 595 3363 die
639 3321 758 3361 mos
801 3314 919 3361 erat
959 3304 1108 3372 ξένια
1140 3319 1234 3359 seu
1280 3302 1604 3357 munuscula
1649 3302 1842 3354 amicis
1883 3315 2082 3369 cogna-

511 3408 690 3478 tisque
717 3406 939 3470 offerre,
960 3406 1212 3461 convivia
1253 3405 1554 3470 celebrare,
1596 3403 1816 3472 aliaque
1851 3401 2083 3471 publica:

514 3506 714 3560 laetitiae
744 3506 896 3575 signa
920 3505 1072 3570 dare,
1105 3504 1194 3559 ubi
1229 3505 1554 3574 plerumque
1593 3503 1878 3558 dissoluta:
1911 3503 2084 3573 plebis

515 3616 686 3675 gesta,
715 3606 1127 3675 superstitiosas
1156 3605 1562 3659 observationes
1585 3603 1804 3672 aliaque
1828 3602 1880 3656 id
1911 3617 2084 3676 genus

514 3705 700 3759 videre
728 3713 868 3770 erat,
892 3704 946 3759 in
978 3719 1100 3774 quae
1127 3704 1228 3758 hoc
1255 3718 1510 3758 sermone
1540 3702 1816 3755 invehitur
1859 3709 2084 3756 sanctus

510 3805 720 3860 doctor.
760 3803 1022 3860 Liban‘us
1052 3819 1216 3874 porro
1242 3801 1562 3874 opusculum
1593 3801 1763 3856 edidit
1799 3801 1855 3855 in
1878 3799 2084 3856 Kalen-

511 3905 610 3958 das
642 3904 998 3974 inscriptum,
1031 3904 1125 3959 ubi
1160 3918 1269 3973 quo
1303 3903 1411 3956 ritu
1443 3900 1700 3956 Kalendae
1744 3899 1936 3955 llerent
1971 3901 2081 3956 mi-

514 4006 744 4059 nutatim
765 4004 1046 4069 describit,
1071 4005 1254 4074 aitque
1281 4017 1447 4058 unam
1473 3999 1834 4070 eamdemque
1863 3999 2089 4055 celebri-

515 4115 677 4161 tatem
712 4110 1022 4175 per‘totum
1059 4101 1370 4160 Romanum
1425 4099 1715 4171 imperium
1768 4099 1959 4154 eadem
1999 4098 2088 4155 die

513 4210 619 4279 agi,
646 4209 775 4280 μίαν
796 4208 854 4263 δὲ
879 4204 997 4263 οἶδα
1053 4208 1236 4280 κοινὴν
1270 4198 1736 4262 ἁπάντωνόπόσοι
1770 4200 1936 4268 ζῶσιν
1980 4202 2088 4257 ὑπὸ

511 4311 612 4381 τὴν
627 4301 915 4380 Ῥωμαίων
957 4309 1130 4381 ἀρχήν
1155 4325 1167 4338 ο
1200 4308 1447 4377 γίγνεται
1475 4308 1534 4364 δὲ
1561 4305 1814 4364 ἐνιαυτοῦ
1853 4306 1948 4360 τοῦ
1977 4304 2088 4376 μὲν

511 4407 1015 4479 πεπαυμένου,τοῦ
1057 4407 1115 4461 δὲ
1160 4407 1487 4480 ἀρχομένου.
1545 4407 1732 4478 Itaque
1777 4406 1846 4462 de
1901 4405 1991 4459 die
2023 4418 2089 4458 ac

522 4526 707 4565 mense
734 4509 880 4563 nulla
908 4509 1120 4563 videtur
1169 4509 1400 4578 qurestio
1443 4508 1651 4564 moveri
1690 4522 1883 4577 posse:
1927 4522 2088 4563 secus

510 4616 700 4662 autem
736 4607 803 4663 de
852 4621 1018 4668 anno,
1060 4622 1222 4676 quem
1277 4623 1346 4663 ne
1384 4607 1718 4678 eonjecluris
1747 4607 1967 4678 quidem
2004 4614 2090 4662 sat

518 4707 894 4777 probabilibus
926 4705 1192 4776 assignari
1227 4721 1386 4773 posse
1413 4715 1691 4776 putamus.
1736 4703 2090 4760 Ilermantius

507 4807 888 4863 'subodoratur
924 4803 978 4858 in
1013 4804 1243 4874 primam
1293 4805 1437 4859 diem
1475 4805 1616 4858 enni
1660 4803 1761 4859 587
1809 4803 2094 4859 conferen-

517 4909 642 4962 dam
691 4906 836 4960 hanc
892 4903 1172 4959 homiliam
1227 4919 1368 4968 esse,
1420 4904 1548 4972 quia
1597 4913 1721 4974 post
1777 4904 2092 4958 encominm

505 5007 740 5080 aliquod
773 5006 950 5062 sancti
981 5003 1133 5059 Pauli
1170 5004 1353 5060 habita
1403 5014 1505 5059 est.
1569 5003 1704 5060 Illttd
1744 5016 1948 5070 autem,
1999 5007 2093 5073 ait,

521 5111 834 5166 eucomium
865 5107 1100 5178 idipsum
1130 5106 1344 5160 videtur
1371 5119 1512 5169 esse,
1548 5105 1691 5174 quod
1741 5105 1974 5176 legimus
2005 5119 2099 5158 su-

523 5229 643 5284 pra,
675 5211 898 5266 bomilia
922 5209 998 5264 De
1021 5208 1271 5278 petitione
1299 5207 1535 5278 ﬁliorum
1561 5205 1822 5272 Zebedwi,
1855 5223 2005 5261 num.
2041 5207 2094 5273 5,

523 5326 644 5380 qua:
669 5311 838 5380 paulo
874 5316 997 5379 post
1029 5307 1218 5363 Natale
1267 5308 1392 5360 anni
1427 5305 1531 5360 586
1577 5307 1693 5362 sive
1742 5318 1864 5378 post
1893 5308 1964 5362 25
1994 5307 2098 5362 De-

531 5412 766 5466 cembris
805 5410 986 5464 habita
1037 5418 1142 5465 est.
1171 5407 1372 5463 Verum
1412 5408 1552 5462 hanc
1581 5405 1882 5463 Ilermantii
1910 5409 2100 5476 conje—

521 5523 742 5567 cturam
792 5511 987 5564 merito
1026 5510 1232 5580 respuit
1261 5507 1663 5564 Tillemontius.
1699 5507 1857 5573 Nam,
1900 5509 2099 5579 inquit,

533 5611 670 5665 nihil
699 5610 1038 5680 frequentius
1067 5608 1210 5680 apud
1241 5609 1692 5681 Chrysostomum
1723 5609 1878 5664 Pauli
1911 5611 2091 5664 laudi-

527 5711 635 5764 bus
658 5719 712 5764 et
742 5708 1046 5776 encomiis;
1106 5711 1162 5766 in
1193 5711 1282 5766 illa
1327 5727 1456 5767 vero
1491 5712 1715 5767 bomilia
1773 5711 2102 5784 Cbrysosto-

2190 3089 2312 3130 mus
2365 3073 2541 3130 obiter
2595 3080 2806 3129 tantum
2844 3070 3000 3128 Pauli
3036 3072 3290 3126 virtutem
3344 3069 3627 3138 celebrat;
3693 3067 3763 3124 ad

2190 3175 2304 3230 haec
2335 3185 2514 3230 autem
2545 3173 2767 3228 bomilia
2795 3173 2884 3228 illa
2919 3173 2986 3228 de
3024 3171 3150 3227 ﬁliis
3180 3171 3423 3227 Zebedazi
3465 3171 3609 3226 dicta
3660 3170 3766 3224 fuit

2188 3285 2312 3348 post
2341 3275 2620 3330 homiliam
2652 3274 2720 3330 de
2747 3272 3206 3329 Consubstantiali
3237 3272 3378 3327 ludis
3408 3269 3764 3326 Circensibus

2189 3389 2336 3429 anno
2369 3373 2475 3428 587
2505 3375 2770 3441 habitam,
2803 3373 3010 3429 scilicet
3037 3373 3126 3428 die
3160 3373 3317 3428 tertia
3350 3372 3430 3426 vel
3457 3379 3652 3442 quarta
3677 3372 3769 3426 vel

2190 3475 2378 3544 quinta
2421 3473 2668 3547 Januarii
2716 3493 2731 3530 :
2768 3491 2895 3531 uatn
2938 3474 3023 3529 his
3073 3474 3264 3530 diebus
3327 3475 3438 3529 ludi
3475 3474 3770 3531 Circenses

2193 3577 2538 3648 agebantur;
2591 3586 2757 3646 atque
2809 3575 2945 3630 adeo
2975 3589 3082 3628 non
3133 3574 3310 3644 potuit
3367 3573 3456 3629 die
3513 3574 3770 3644 ejusdem

2193 3680 2321 3733 anni
2355 3679 2532 3749 primo
2574 3676 2733 3748 quasi
2780 3677 2894 3746 jam
2945 3675 3131 3731 habita
3187 3677 3501 3732 memorari.
3560 3663 3774 3734 Mavult

2192 3795 2354 3851 porro
2388 3777 2770 3834 Tillemontius
2820 3776 2975 3834 Pauli
3007 3778 3140 3832 illud
3187 3777 3497 3834 encomiutn
3529 3792 3652 3832 esse
3711 3779 3771 3832 in

2194 3878 2416 3935 bomilia
2447 3878 2535 3934 cui
2563 3876 2773 3946 titulus,
2806 3877 3001 3942 Quales
3029 3875 3281 3931 ducendre
3308 3876 3415 3930 sint
3435 3891 3644 3939 uxores,
3670 3875 3773 3929 ubi

2193 3981 2385 4037 doctor
2421 3979 2513 4035 ille
2542 3979 2783 4050 gentium
2815 3976 3110 4033 identidem
3158 3976 3434 4032 laudatur.
3471 3975 3606 4032 Cum
3662 3991 3774 4030 au-

2195 4089 2300 4135 tem
2333 4083 2448 4135 ltazc
2488 4078 2710 4132 bomilia
2759 4077 2965 4132 nullam
2997 4076 3262 4148 temporis
3317 4085 3500 4131 notam
3536 4090 3647 4146 prae
3706 4087 3774 4129 se

2197 4183 2356 4248 ferat,
2390 4181 2519 4238 hinc
2552 4182 2802 4252 sequitur
2833 4180 3036 4234 nullam
3066 4178 3191 4233 inde
3223 4177 3327 4247 peti
3360 4185 3520 4247 posse
3553 4185 3770 4240 notam,

2199 4300 2308 4355 qua
2341 4284 2578 4339 bomilia:
2616 4283 2684 4337 de
2715 4271 2974 4336 Kalendis
3001 4287 3216 4349 tempus
3240 4287 3296 4332 et
3323 4294 3500 4332 annus
3524 4277 3776 4346 assigne-

2198 4396 2306 4440 tur.
2345 4382 2415 4440 Ut
2443 4383 2793 4438 Tillemontio
2815 4379 3214 4449 adstipulamur
3239 4376 3438 4432 dicenti
3470 4392 3577 4430 non
3609 4389 3773 4445 posse

2197 4501 2300 4541 nos
2354 4501 2420 4541 ex
2464 4483 2780 4540 memoratis
2827 4481 2984 4538 Pauli
3035 4479 3304 4536 encomiis
3351 4479 3590 4548 aliquam
3639 4466 3800 4534 annii

2193 4595 2382 4640 notam
2412 4585 2679 4650 mutuari,
2721 4584 2796 4637 ita
2827 4582 2903 4636 illi
2939 4580 3287 4650 acquiescere
3315 4593 3428 4633 non
3478 4591 3776 4647 possumus

2196 4686 2411 4758 putanti
2444 4685 2694 4740 encomia
2727 4683 2816 4738 illa
2852 4680 3043 4737 haberi
3072 4681 3129 4734 in
3167 4679 3390 4734 liomilia
3423 4676 3512 4732 eui
3558 4676 3776 4741 titulus,

2203 4787 2399 4853 Quales
2430 4785 2684 4841 ducenda:
2716 4787 2822 4838 sint
2850 4798 3064 4850 umores,
3086 4782 3176 4836 ubi
3199 4789 3580 4851 argumentum
3603 4778 3776 4843 aliud,

2204 4907 2368 4960 quam
2399 4891 2646 4948 encomia
2678 4889 2854 4955 Pauli,
2880 4889 3138 4944 nimirttm
3167 4889 3220 4941 id
3244 4887 3390 4957 quod
3419 4884 3578 4940 titulo
3603 4898 3780 4938 enutr-

2206 4995 2393 5058 tiatur,
2418 4994 2777 5064 proponitur:
2805 4989 3008 5044 Paulus
3040 5005 3171 5044 vero
3205 4988 3380 5043 obiter
3406 4994 3618 5040 tantum
3650 4984 3778 5037 hinc

2204 5106 2260 5152 et
2302 5095 2426 5150 inde
2459 5093 2733 5148 laudatur.
2771 5091 2841 5143 At
2884 5088 3135 5144 encomia
3175 5086 3329 5141 Pauli
3367 5101 3490 5156 qua:
3535 5084 3779 5156 Chryso-

2207 5207 2420 5253 SlOllluS
2461 5195 2516 5249 in
2535 5194 2637 5248 hac
2659 5191 2923 5246 concione
2941 5198 3226 5253 memorat,
3256 5187 3484 5242 Paulum
3517 5187 3598 5240 vel
3619 5185 3780 5240 unice

2209 5301 2289 5355 vel
2312 5299 2578 5370 prtecipue
2594 5303 2870 5366 spectasse
2887 5293 3158 5346 videntur.
3178 5290 3254 5344 En
3270 5285 3645 5360 Chrysostomi
3667 5301 3780 5338 ver-

2213 5402 2276 5456 Itzt
2304 5418 2317 5455 :
2349 5398 2548 5470 Πρὼην
2570 5397 2700 5465 γοῦν
2726 5393 2882 5465 ἡμῶν
2909 5391 3361 5462 ἐγκωμιαζόντων
3389 5387 3479 5440 τὸν
3510 5384 3778 5456 μακάριον

2212 5497 2447 5561 Παῦλον,
2471 5495 2645 5558 οὕτως
2667 5493 3050 5564 ἐσκιρτήσατε,
3080 5491 3156 5555 ὡς
3195 5489 3357 5544 αὐτὸν
3376 5487 3609 5558 ὁρῶντες
3641 5498 3779 5552 παρ-

2209 5601 2404 5654 όντα...
2442 5599 2550 5651 Kal
2585 5595 2884 5666 ἐϐουλόμην
2935 5593 3032 5664 μὲν
3065 5593 3146 5654 εἰς
3184 5591 3283 5661 τὴν
3333 5587 3500 5658 αὐτὴν
3529 5584 3781 5637 ὑπόθεσιν

2213 5700 2365 5776 [697]
2399 5698 2698 5770 καταϐῆναι
2725 5697 2819 5750 καὶ
2845 5697 3103 5766 τήμερον,
3135 5692 3268 5748 ἀλλὰ
3305 5688 3436 5760 πρὸς
3459 5687 3624 5758 ἔτερα
3651 5699 3782 5737 κατ-
