4046 6146
303 281 408 340 951

303 394 582 460 ποσὸτητα
619 393 872 454 πίστεως.
893 389 1062 443 Πόθεν
1085 388 1194 461 γάρ
1220 392 1399 465 ῐσμεν,
1434 392 1557 447 είπέ
1579 411 1690 464 μοι,
1713 407 1890 464 παρα-

302 473 477 532 καλῶ.
505 473 680 536 ποίοις
709 474 916 545 ῥήμασι
940 475 1306 546 κατηγορήσει
1340 474 1556 539 ἑαυτοῦ,
1583 475 1615 547 ἢ
1643 475 1736 529 καὶ
1761 476 1893 528 ἀπο-

300 557 595 626 λογήσεται
630 557 688 610 ἐν
741 556 954 626 ἡμέρᾳ,
990 555 1078 608 ὅτε
1114 555 1296 626 μέλλει
1337 559 1366 610 ὁ
1410 557 1543 622 Θεὸς
1589 558 1796 630 κρίνειν
1824 557 1892 611 τὰ

301 639 526 710 κρυπτά
571 637 680 691 τῶν
731 635 1072 708 ἀνθρώπων;
1119 639 1328 704 Ὄντως
1381 639 1778 712 ἀνεξερεύνητα
1823 641 1891 694 τὰ

302 722 550 793 κρίματα
583 718 770 784 αὐτοῦ,
802 721 896 772 καὶ
928 719 1323 790 ἀνεξιχνίαστοι
1355 725 1410 776 al
1444 724 1550 777 ὁδοὶ
1579 724 1763 777 αὑτοῦ.
1795 725 1893 790 Τίς

301 807 416 874 γὰρ
455 803 610 872 ἔγνω
646 801 798 857 νοῦν
826 805 1049 870 Κυρίου
1071 842 1086 865 ,
1123 803 1161 872 ἢ
1203 805 1295 872 τίς
1333 807 1680 876 σύμϐουλος
1704 807 1892 861 αὑτοῦ

301 887 576 956 ἐγένετο;
605 886 756 955 Τάχα
784 885 961 948 οὐδεὶς
983 884 1043 950 ἐξ
1069 887 1250 958 ἡμῶν,
1300 888 1596 962 ἀγαπητοὶ,
1625 890 1892 961 ἠξιῶσθαι

306 969 684 1040 βαπτίσματος
717 969 910 1032 οἴεται,
940 969 1120 1034 οὐδεὶς
1151 971 1438 1025 ἐπίσταται
1471 973 1652 1042 κρίσιν
1677 973 1896 1044 μέλλου-

305 1068 408 1105 σαν
449 1051 694 1119 γίνεσθαι
728 1050 968 1104 πώποτε.
1018 1053 1083 1105 Τί
1134 1052 1280 1122 λέγω
1320 1055 1550 1127 κρίσιν;
1599 1056 1764 1110 αὐτὸν
1803 1057 1894 1110 τὸν

305 1133 539 1188 θάνατον
565 1135 659 1187 καὶ
685 1133 782 1204 τὴν
808 1136 874 1187 ἐκ
905 1134 1000 1187 τοῦ
1031 1136 1284 1206 σώματος
1315 1137 1492 1202 ἔξοδον
1519 1141 1892 1213 ἠγνοήσαμεν,

304 1219 373 1271 ἐκ
401 1217 924 1288 τῆςιέπισκηψάσης
961 1219 1108 1289 ἡμᾶς
1152 1221 1457 1291 φρενίτιδος
1492 1222 1602 1274 τῶν
1643 1222 1738 1276 τοῦ
1777 1223 1894 1294 βίου

306 1300 671 1372 πραγμάτων.
731 1302 1031 1372 Ἀπόστητε
1065 1302 1161 1356 τοῦ
1197 1304 1442 1358 τοιούτου
1485 1305 1680 1371 κακοῦ,
1712 1325 1894 1379 παρα-

307 1385 477 1440 καλῶ.
530 1386 660 1440 Ἰδοὺ
701 1385 846 1454 λέγω
893 1388 987 1440 καὶ
1025 1387 1470 1460 διαμαρτύρομαι
1515 1390 1746 1444 ἐνώπιον
1801 1392 1894 1445 τοῦ

306 1468 444 1522 Θεοῦ
475 1469 567 1522 καὶ
596 1468 702 1521 τῶν
725 1469 996 1522 ἐκλεκτῶν
1030 1470 1280 1538 ἀγγέλων
1299 1512 1314 1536 ,
1342 1472 1418 1535 ὡς
1446 1474 1686 1543 μεγάλου
1719 1475 1892 1528 κακοῦ

311 1554 404 1606 καὶ
445 1551 616 1622 πυρὸς
662 1553 968 1622 ἀνηκέστου
1012 1554 1305 1622 γενήσεται
1343 1555 1476 1625 ἡμῖν
1522 1558 1580 1610 ἐν
1625 1560 1691 1629 τῇ
1741 1557 1894 1630 [696]

311 1637 492 1708 ἡμέρᾳ
516 1638 614 1704 τῆς
642 1635 874 1706 κρίσεως
899 1636 1089 1688 αἴτιον.
1111 1637 1170 1689 El
1191 1636 1299 1708 γὰρ
1327 1640 1384 1690 ἐν
1414 1643 1479 1711 τῇ
1507 1642 1847 1712 παραστάσει
1865 1653 1891 1681 ι

310 1722 418 1773 τῶν
477 1719 764 1789 παρθένων
808 1720 937 1782 τοὺς
1001 1720 1143 1790 μετά
1211 1721 1471 1794 λαμπρᾶς
1519 1724 1759 1788 πίστεως
1800 1725 1893 1778 καὶ

314 1803 666 1876 φαιδρότητος
701 1802 818 1872 βίου
839 1802 1128 1873 ζήσαντας,
1155 1804 1233 1869 ὡς
1263 1805 1430 1865 αὑτοῦ
1464 1807 1796 1879 θεωροῦντος
1822 1807 1892 1861 τὰ

375 1969 396 1996 ⁸
413 1971 568 2024 Vatic.
592 1978 648 2035 τῇ
676 1973 925 2036 παρουσίᾳ.

346 3065 633 3136 επείτοντα
656 3069 788 3140 ἡμῖν
811 3071 838 3124 ὁ
859 3069 1014 3140 λόγος
1037 3070 1314 3142 ὥρμηται,
1331 3069 1401 3124 τὰ
1425 3072 1664 3144 σήμερον
1693 3068 1800 3123 ὑπὸ
1823 3069 1921 3140 τῆς

349 3168 543 3231 πόλεος
578 3169 797 3242 ἀπάσης
833 3170 1237 3245 ἁμαρτηθέντα.
1281 3171 1420 3235 Τοὺς
1463 3173 1572 3244 γὰρ
1621 3171 1922 3236 ἀκούοντας

339 3269 448 3325 τῶν
485 3272 776 3343 ἐγκωμίων
821 3273 1072 3336 Παύλου,
1117 3273 1386 3344 πρότερον
1430 3273 1529 3344 τῆς
1573 3274 1774 3344 ἀρετῆς
1825 3275 1920 3328 τοῦ

342 3371 557 3425 Παύλου
588 3371 836 3442 ζηλωτὰς
868 3371 1008 3428 εἶναι
1033 3375 1160 3446 χρὴ,
1194 3376 1291 3430 καὶ
1327 3377 1428 3447 τῆς
1471 3376 1676 3446 ταύτης
1715 3376 1921 3448 ἀκροάφ

347 3489 483 3536 σεως
516 3471 716 3538 ἀξίους·
729 3467 772 3538 ,1-
797 3490 847 3530 e.
883 3474 1070 3546 Nuper
1097 3478 1263 3547 igitur
1287 3493 1404 3531 cum
1447 3477 1659 3531 beatum
1691 3477 1922 3531 Paulum

339 3574 590 3626 encomiis
614 3573 1017 3638 celebraremus,
1049 3578 1128 3630 ita
1158 3578 1542 3642 exsultavistis,
1568 3579 1722 3648 quasi
1747 3579 1921 3648 ipsum

344 3684 651 3743 praesentem
677 3675 1016 3732 vidissetis...
1057 3675 1307 3732 Volebam
1361 3688 1538 3731 autem
1571 3678 1626 3734 in
1656 3677 1794 3732 idem
1829 3695 1916 3732 ar-

342 3786 646 3844 gumentum
675 3775 830 3828 hodie
870 3775 1221 3840 descendere;
1267 3776 1360 3831 sed
1394 3775 1463 3830 ad
1489 3775 1598 3830 alia
1653 3776 1916 3847 qua’dam,

344 3891 462 3944 qua:
492 3876 658 3944 magis
682 3885 889 3946 urgent,
919 3879 1093 3932 oratio
1123 3886 1306 3932 nostra
1338 3878 1662 3946 prore/titur,
1714 3879 1766 3932 in
1797 3879 1917 3948 qui-

344 3975 496 4030 busa
525 3985 636 4030 tota
685 3977 838 4032 hodie
889 3980 1102 4034 civitate
1152 3988 1422 4048 peccatur.
1477 3978 1583 4034 Eos
1634 3981 1772 4034 enim
1831 3982 1923 4052 qui

344 4077 535 4133 laudes.
559 4076 723 4131 Pauli
747 4079 932 4133 audire
992 4080 1231 4150 cupiunt,
1284 4080 1435 4151 prius
1488 4081 1699 4134 uirtutis
1760 4080 1920 4135 Pauli

344 4177 560 4232 mutulos
587 4192 696 4231 esse
736 4186 958 4245 oportet,
992 4188 1042 4233 et
1080 4179 1384 4248 hujusmodi
1432 4181 1679 4236 concione
1709 4181 1917 4251 dignos.

344 4276 445 4334 llic
475 4277 630 4334 vides
656 4279 973 4335 concionem
1010 4281 1344 4345 memorari,
1378 4282 1539 4352 cujus
1597 4283 1920 4354 hypothesis

344 4397 445 4438 seu
479 4390 864 4451 argumentum
903 4389 1058 4435 erant
1087 4379 1238 4434 Pauli
1272 4381 1498 4447 laudes;
1551 4389 1714 4452 atque
1741 4381 1921 4452 Chry-

344 4491 652 4538 sostomum
688 4479 926 4550 idipsum
982 4488 1364 4553 argumentum
1399 4481 1521 4535 aliis
1552 4483 1605 4535 in
1637 4482 1921 4536 concioni-

345 4586 450 4641 bus
479 4593 724 4655 repetere
745 4581 1129 4639 destinavisse.
1183 4581 1340 4648 Quod
1399 4598 1524 4637 cum
1575 4584 1917 4655 exploratum

346 4687 438 4752 sit,
469 4686 600 4758 quid
632 4685 778 4741 aliud
830 4685 922 4740 hic
976 4681 1203 4738 indicari
1235 4691 1436 4753 potest,
1489 4699 1654 4752 quam
1713 4694 1920 4753 septem

343 4787 452 4844 illa
505 4787 574 4843 de
629 4785 786 4843 Pauli
821 4786 1076 4841 laudibus
1110 4785 1367 4846 homilim,
1399 4800 1539 4855 quas
1589 4783 1731 4839 infra
1782 4785 1924 4840 inter

341 4905 628 4947 sermones
661 4889 1021 4960 panegyricos
1049 4887 1316 4942 edemus?
1343 4885 1453 4942 Illae
1505 4895 1685 4942 autem
1743 4887 1921 4941 homi-

340 4989 428 5046 liaa
457 4990 660 5046 nullam
715 5005 825 5060 pra-
855 5004 915 5044 se
975 4987 1159 5042 ferunt
1219 4987 1482 5058 temporis
1535 4995 1760 5042 notum:
1818 4986 1922 5042 hoc

350 5105 520 5145 unum
552 5105 618 5144 ex
667 5087 770 5144 hac
799 5087 866 5143 de
898 5087 1158 5142 Kalendis
1209 5086 1434 5141 homilia
1492 5086 1763 5157 expiscari
1797 5101 1922 5156 pos-

345 5205 562 5256 sumus,
593 5187 738 5259 quod
770 5188 934 5242 etiam
966 5201 1032 5242 ex
1065 5195 1260 5258 quarta
1318 5187 1374 5242 in
1429 5185 1656 5242 Paulum
1692 5187 1918 5246 homilia

349 5291 732 5354 confirmatur,
771 5287 940 5344 fuisse
968 5287 1111 5352 illas,
1142 5287 1368 5356 perinde
1418 5296 1582 5356 atque
1641 5286 1920 5341 homiliam

346 5389 417 5445 de
445 5388 722 5452 Kalendis,
759 5389 1061 5444 Antiochia:
1095 5387 1352 5454 habitas;
1401 5403 1526 5442 nam
1569 5388 1726 5442 initio
1759 5387 1922 5457 hujus

347 5489 588 5546 homilite
614 5488 765 5550 dicit,
819 5489 1160 5559 episcopum,
1216 5503 1409 5556 nempe
1448 5487 1786 5553 Flavianum,
1822 5488 1916 5544 ab-

342 5599 551 5648 sentem
583 5598 714 5646 tunc
747 5589 938 5653 fuisse,
963 5605 1086 5644 cum
1125 5589 1241 5642 haec
1271 5588 1358 5643 ille
1387 5588 1725 5658 praedicaret.

393 5692 589 5777 .Aliam
638 5691 845 5764 profert
903 5689 1291 5747 Tillcmontius
1348 5688 1756 5761 conjecturam,
1807 5705 1915 5763 qua

1459 279 1528 336 IN
1566 280 1952 336 KALENDAS.
1977 314 2044 323 ——
2073 277 2413 338 MONITUM.

3472 274 3576 329 952

1994 388 2132 462 ἔργα
2157 387 2334 440 αὐτῶν
2355 386 2452 440 τοῦ
2485 385 2595 441 τῶν
2640 385 2778 440 ὅλων
2804 380 3097 451 Λεσπὸτου,
3133 383 3447 454 ἀλλοτρίους
3479 387 3576 442 τοῦ

1992 471 2282 544 νυμφῶνος
2313 471 2400 525 διὰ
2431 471 2493 524 τὸ
2522 470 2846 543 ἀσυμπαθές
2879 470 3154 540 ἐποίησεν,
3182 470 3300 530 πῶς
3327 472 3508 540 ἡμεῖς,
3528 471 3578 526 o!

1994 557 2137 611 κατὰ
2166 558 2345 609 πᾶσαν
2383 555 2570 609 ἀῗειαν
2616 555 2980 625 διαιτώμενοι,
3021 555 3117 608 καὶ
3157 553 3403 624 ἀνηλεῶς
3466 557 3581 619 τοῖς

1993 638 2284 710 ὁμοφύλοις
2316 637 2775 710 προσφερόμενοι,
2807 638 3083 707 σωτηρίας
3114 637 3466 707 ἀξιωθῶμεν;
3492 638 3582 690 Διὸ

1991 723 2184 791 δέομαι
2238 722 2426 792 ὑμῶν,
2468 721 2542 792 μὴ
2603 722 2898 792 παρέργως
2951 720 3060 773 τῶν
3102 719 3360 773 τοιούτων
3409 720 3583 787 λόγων

1993 806 2286 877 ἀκούσητε.
2320 806 2402 860 Ί³ἀ
2453 807 2561 877 γὰρ
2612 805 2862 877 αἱρετικὰ
2911 805 3190 881 δόγματα,
3240 807 3310 858 τὰ
3346 805 3475 877 παρ’
3509 800 3585 858 ὧν

1996 889 2412 960 παρελάϐομεν,
2443 888 2862 959 ἀναθεματίζειν
2902 888 3033 960 χρὴ.
3073 889 3168 942 καὶ
3190 888 3259 942 τά
3284 890 3455 960 ἀσεϐῆ
3499 891 3582 943 δό-

1993 989 2183 1042 γματα
2215 972 2478 1042 ἐλέγχειν,
2499 973 2678 1025 πᾶσαν
2703 971 2759 1025 δέ
2787 972 2950 1040 φειδὼ
2975 971 3275 1043 ἀνθρώπων
3293 972 3583 1039 ποιεῖσθαι,

1997 1058 2091 1110 καὶ
2123 1056 2380 1127 εῦχεσθαι
2418 1057 2560 1127 ὑπὲρ
2592 1057 2692 1126 τῆς
2733 1056 2914 1110 αὐτῶν
2945 1057 3243 1126 σωτηρίας.
3283 1059 3499 1112 Γένοιτο
3527 1059 3586 1112 δὲ

1997 1141 2205 1203 πάντας
2231 1141 2376 1211 ἡμᾶς
2406 1139 2507 1209 τῆς
2537 1156 2603 1191 πε
2615 1140 2667 1210 pl.
2703 1139 2796 1192 τὸν
2822 1139 2955 1192 Θεὸν
2991 1139 3084 1193 καὶ
3111 1141 3337 1208 πλησίον
3364 1142 3588 1211 ἀγάπης

1997 1224 2390 1294 ἀντεχομένους
2409 1265 2424 1284 ,
2461 1224 2555 1277 καὶ
2583 1222 2692 1276 τῶν
2720 1222 3057 1276 δεσποτικῶν
3093 1224 3323 1278 ἐντολῶν
3355 1227 3454 1297 τὴν
3499 1230 3589 1297 ἐρ-

1997 1307 2198 1375 γασίαν
2226 1305 2590 1377 πληροῦντας,
2619 1305 2756 1377 μετά
2783 1305 2970 1368 ἐλέους
2987 1309 3083 1359 καὶ
3101 1307 3342 1378 φαιδρῶν
3369 1308 3590 1378 λαμπὰο

1997 1389 2103 1442 δων
2130 1391 2439 1460 ἀπαντῆσαι
2466 1392 2523 1442 ἐν
2551 1389 2736 1461 ἡμέρᾳ
2765 1389 2864 1460 τῆς
2903 1390 3254 1455 ἀναστάσεως
3281 1391 3307 1430 b
3336 1393 3486 1462 αὐτῷ
3511 1393 3590 1463 τῷ

1999 1474 2308 1545 ἐπουρανίῳ
2335 1475 2574 1545 νυμφίῳ,
2604 1474 3016 1545 προσφέροντας
3039 1475 3190 1546 αὑτῴ
3218 1476 3506 1542 πλείστους
3531 1482 3590 1534 ἐν

1997 1555 2124 1628 δόξῃ
2147 1557 2530 1627 ὠφεληθέντας
2567 1559 2632 1610 ἐκ
2658 1557 2756 1627 τῆς
2796 1556 2953 1627 ήμῶν
2992 1558 3373 1627 συμπαθείας,
3404 1562 3590 1632 χάριτι

1991 1643 2094 1708 ,καὶ
2116 1642 2498 1714 φιλανθρωπίᾳ
2521 1641 2686 1695 αὑτοῦ
2709 1643 2799 1694 τοῦ
2827 1643 3147 1712 μονογενοῦς
3168 1643 3295 1696 Υίοῦ
3319 1644 3413 1698 τοῦ
3429 1646 3588 1712 Θεοῦ,

2003 1726 2122 1796 μεθ’
2150 1722 2210 1780 οὗ
2238 1725 2317 1795 τῷ
2353 1727 2527 1797 Πατρὶ
2553 1724 2678 1790 δόξα
2713 1724 2829 1796 ἅμα
2853 1724 2930 1795 τῷ
2969 1725 3110 1798 ἁγίῳ
3155 1728 3434 1798 Πνεύματι
3453 1769 3468 1794 ,
3496 1729 3592 1783 νῦν

2000 1808 2094 1861 καὶ
2123 1809 2230 1875 ἀεὶ,
2262 1810 2356 1863 καὶ
2376 1810 2454 1873 είς
2491 1809 2712 1871 αἰῶνας.
2757 1809 2948 1879 Ἀμήν.

2062 1978 2093 2018 ι)
2118 1977 2272 2028 Valic.
2298 1987 2381 2040 τῆς
2402 1983 2620 2045 κρίσεως.

2025 3071 2168 3128 hanc
2195 3070 2260 3127 dc
2288 3070 2547 3128 Kalendis
2587 3071 2870 3128 homiliam
2904 3072 2958 3128 in
2991 3089 3194 3128 annum
3226 3073 3328 3128 387
3361 3073 3596 3129 conferri

2026 3187 2186 3241 pos~e
2215 3173 2568 3243 probabiliter
2599 3173 2898 3229 existimat.
2937 3172 3229 3228 llomiliam
3260 3174 3490 3243 primam
3527 3173 3597 3229 de

2025 3272 2268 3340 Lazaro,
2305 3273 2504 3342 inquit,
2546 3273 2854 3344 insequenti
2908 3279 3033 3341 post
3065 3272 3344 3326 homiliam
3391 3272 3458 3325 de
3489 3270 3601 3325 Ka-

2025 3370 2201 3427 lendis
2253 3372 2363 3436 die,
2403 3373 2518 3428 sive
2551 3369 2792 3426 secunda
2847 3367 3116 3433 Januarii,
3157 3370 3396 3424 habitam
3431 3367 3602 3423 fuisse

2025 3484 2234 3531 certum
2259 3486 2364 3532 est.
2389 3475 2502 3530 Cur
2531 3483 2712 3530 autem
2746 3475 2986 3530 secunda
3013 3471 3280 3538 Januarii,
3308 3481 3599 3542 postquam

2025 3575 2201 3645 prima
2242 3575 2370 3630 ιιιιιιί
2409 3576 2495 3630 die
2537 3575 2650 3645 jam
2686 3574 3010 3629 concionem
3063 3573 3348 3636 habuerat,
3403 3573 3598 3626 lterum

2026 3673 2455 3728 concionaturns
2490 3673 2684 3727 fuisset
2718 3686 2826 3727 non
2870 3671 3161 3734 videmus;
3202 3671 3305 3724 nisi
3362 3670 3482 3725 dies
3515 3671 3602 3726 ille

2026 3784 2333 3830 conventus
2368 3773 2583 3839 fuisset,
2627 3773 2886 3827 nimirum
2911 3781 3006 3827 aut
3051 3771 3334 3827 sabbatum
3369 3779 3463 3826 aut
3499 3771 3602 3826 Do-

2026 3875 2248 3940 minica,
2281 3874 2484 3944 quibus
2511 3873 2819 3928 certissime
2843 3871 3039 3926 diebus
3065 3870 3305 3925 collecta:
3327 3869 3602 3924 habeban-

2024 3981 2156 4029 tur:
2192 3973 2344 4044 atqui
2373 3987 2518 4026 anno
2545 3970 2650 4027 387
2693 3970 2812 4025 dies
2850 3968 3091 4024 secunda
3124 3967 3369 4022 Januarii
3411 3968 3602 4024 incidit

2026 4077 2081 4132 in
2142 4076 2450 4143 sabbatum,
2507 4072 2742 4142 indeque
2781 4069 3152 4125 verisimiliter
3204 4067 3496 4137 conjicitur
3544 4070 3600 4124 in

2025 4195 2230 4236 annum
2263 4177 2368 4234 387
2401 4175 2786 4233 conferendam
2822 4187 2944 4229 esse
2989 4172 3130 4226 hanc
3163 4170 3466 4225 homiliam.
3499 4169 3602 4224 Le-

2024 4281 2250 4337 vissima
2283 4294 2414 4335 sane
2445 4277 2760 4348 conjectura
2789 4292 2812 4335 :_
2834 4289 2960 4328 nam
2988 4286 3132 4342 saepe
3170 4271 3600 4342 Chrysostomus

2027 4377 2204 4431 tribus
2261 4383 2568 4445 quatuorve
2627 4370 3139 4440 consequentibus,
3203 4368 3316 4424 imo
3368 4369 3600 4440 singulis

2025 4475 2380 4532 hebdomadas
2439 4475 2634 4532 diebus
2708 4473 3072 4530 concinnatus
3134 4469 3596 4540 deprehenditur:

2024 4592 2201 4648 neque
2230 4591 2530 4647 possumus
2558 4573 2641 4627 vel
2673 4582 2876 4629 certam
2931 4572 3014 4626 vel
3064 4573 3354 4627 admodum
3401 4572 3598 4641 probae

2023 4676 2186 4732 bilem
2229 4690 2450 4730 causam
2484 4672 2728 4745 proferre
2757 4686 2857 4728 cur
2903 4680 2996 4726 aut
3033 4672 3215 4742 plures
3260 4686 3357 4740 per
3389 4669 3596 4724 hebdo-

2021 4775 2240 4835 madam
2271 4783 2368 4831 aut
2413 4773 2720 4844 pauciores,
2752 4779 2846 4827 aut
2880 4772 3248 4838 continuatas,
3283 4778 3378 4825 aut
3417 4770 3587 4826 inter-

2021 4874 2222 4937 missas
2251 4873 2545 4930 conciones
2575 4871 3003 4943 Chrysostomus
3031 4869 3301 4934 habuerit,
3358 4875 3419 4923 ut
3484 4868 3602 4936 ipse

2023 4977 2408 5032 Tillemontius
2442 4991 2551 5030 non
2577 4975 2743 5030 semel
2788 4973 3012 5038 fatetur,
3045 4981 3099 5026 et
3129 4972 3375 5040 pluribus
3417 4970 3598 5024 decla-

2021 5078 2236 5133 rabitur
2275 5077 2329 5131 in
2362 5075 2484 5130 Vita
2527 5073 2930 5147 Chrysostomi.
2965 5069 3256 5126 l‘lomiliam
3297 5070 3480 5139 itaque
3531 5070 3600 5125 de

2024 5178 2281 5234 Kalendis
2311 5177 2416 5232 hoc
2449 5177 2570 5232 loco
2605 5175 2886 5244 ponimus,
2925 5172 3054 5241 quia
3089 5187 3196 5224 non
3224 5169 3489 5238 aptiorem
3520 5169 3602 5225 lo-

2021 5298 2144 5338 cum
2171 5280 2495 5351 consignare
2526 5277 2790 5333 valemus.

2094 5381 2600 5452 lnterpretationcm
2649 5392 2778 5432 vero
2839 5374 3067 5430 Joannis
3112 5373 3276 5429 Checi
3310 5372 3602 5428 Cantabri-

2027 5484 2249 5556 giensis,
2311 5481 2563 5551 plurimis
2616 5479 2670 5534 in
2705 5480 2840 5537 locis
2895 5480 3237 5552 castigatam,
3293 5494 3323 5534 c
3379 5478 3599 5549 regione

2029 5588 2200 5644 (ἓτερςί
2238 5595 2416 5643 textus
2443 5585 2715 5656 ponimus.
