4046 6146
399 173 511 232 955

1716 156 1735 169 “”
1797 187 1861 245 IN
1900 188 2287 252 KALENDAS.

3564 191 3667 249 954

417 413 3630 469 ..________________________________________

394 767 681 812 EJUSDEM
714 771 948 815 οιιΔτιο
976 774 1288 823 KALENDIS
1325 779 1584 838 ΗΑΒΙΤΔ,
1626 783 1759 830 CUM
1813 785 1941 831 NON
1981 789 2281 839 VENISSE’I‘
2328 796 2392 838 IN
2430 796 2751 841 PUBLICUM
2789 795 2869 840 EO
2910 799 3016 841 DIE
3055 800 3391 845 EPISCOPUS
3430 802 3658 844 ANTID-

472 848 637 889 CIIIE
671 848 1045 911 FLAVIANUS,
1096 856 1348 901 CONTRA
1387 861 1501 905 EOS
1536 864 1646 916 QUI
1690 866 1944 911 NOVILUI

2072 874 2469 930 OBSERVANT,
2513 877 2591 919 ET
2635 877 2699 920 IN
2750 878 3047 924 CIVITATE
3097 880 3344 924 CUOROS
3376 881 3633 927 DUCUNT

475 926 552 969 ar
588 927 651 971 ιη
684 929 922 975 meum
956 933 1281 996 arosrou,
1320 940 1520 985 manu
1555 913 1620 985 in
1653 944 1934 991 emam:

2047 913 2602 1015 .'..~.a.‘-'.'.;n"c5;.
2635 913 3046 1016 iet-3'1)?“
3100 913 3342 924 "VM
3380 913 3654 939 "m"

450 1784 499 1838 1.
525 1782 645 1837 Ηωο
671 1781 917 1840 Flaviano
937 1780 1187 1852 Episcopo
1208 1796 1307 1835 non
1329 1787 1568 1850 prasente
1586 1776 1722 1831 dicta
1744 1780 1965 1829 sunt.—

374 1874 826 1940 Qucmadmodum
876 1874 1073 1928 chorus
1127 1871 1496 1943 prmsultorem
1523 1911 1539 1936 ,
1585 1876 1640 1924 et
1684 1875 1961 1922 nautarum

375 1965 660 2020 multitudo
688 1967 1099 2035 gubernatorem
1148 1963 1366 2033 inquirit
1392 1978 1407 2014 :
1436 1961 1515 2017 sic
1543 1969 1598 2015 et
1624 1958 1960 2014 sacerdotum

373 2057 475 2114 iste
502 2068 672 2113 cetus
701 2058 1001 2127 pontificem
1034 2055 1192 2111 hodie
1221 2070 1377 2109 suum
1406 2062 1460 2108 et
1491 2068 1827 2107 communem
1869 2064 1960 2118 pa-

373 2158 509 2204 trem
535 2148 821 2205 desiderat.
853 2148 959 2213 Sed
990 2149 1041 2203 in
1069 2148 1234 2203 choro
1262 2156 1316 2209 et
1341 2146 1460 2201 navi
1487 2160 1673 2201 eorum
1704 2143 1791 2212 qui
1821 2158 1960 2211 pra:—

369 2256 496 2297 esse
522 2242 717 2298 debent
754 2242 990 2298 absentia
1012 2283 1026 2306 ,
1055 2242 1277 2297 multum
1319 2256 1462 2311 smpe
1497 2250 1605 2295 tum
1636 2237 1957 2304 ornamenti,

372 2344 482 2390 tum
512 2338 812 2392 securitatis
855 2336 1087 2391 detrahit
1116 2352 1131 2390 :
1159 2336 1245 2389 hic
1285 2345 1460 2389 autem
1502 2347 1678 2388 secus.
1708 2329 1959 2397 Quamvis

368 2427 511 2480 enim
547 2440 710 2481 carne
738 2442 841 2480 non
870 2426 1012 2480 adsit
1036 2466 1052 2492 ,
1084 2426 1274 2495 spiritu
1319 2434 1494 2478 tamen
1522 2421 1711 2487 adest,
1739 2429 1792 2476 et
1819 2432 1959 2473 nunc

369 2516 644 2571 nobiscum
670 2526 753 2572 est
771 2559 785 2583 ,
809 2517 951 2571 domi
979 2533 1101 2572 cum
1141 2516 1323 2571 sedeat
1349 2554 1364 2580 ,
1391 2512 1834 2583 quemadmodum
1860 2524 1958 2564 nos

372 2622 495 2661 cum
526 2608 616 2661 illo
640 2623 843 2675 sumus,
877 2623 1196 2678 quamquam
1226 2606 1312 2660 hic
1336 2616 1559 2660 stemus.
1593 2604 1663 2658 lta
1694 2603 1835 2658 enim
1862 2617 1954 2657 ca-

369 2698 547 2753 ritatis
569 2709 753 2753 natura
782 2708 865 2754 est
884 2743 897 2765 ,
923 2710 975 2754 ιιι
1023 2700 1180 2769 longo
1207 2698 1484 2753 intervallo
1506 2697 1800 2766 disjuuctos
1827 2710 1955 2749 con-

375 2800 562 2859 greget
590 2800 643 2845 et
671 2790 953 2845 devinciat.
986 2790 1116 2844 Nam
1164 2790 1433 2844 hominem
1464 2788 1515 2842 in
1542 2789 1712 2842 aliena
1740 2787 1955 2856 regione

363 2891 818 2948 commorantem,
875 2892 931 2937 et
985 2881 1191 2952 magnis
1246 2896 1274 2934 a
1318 2881 1472 2935 nobis
1517 2879 1819 2950 aequoribus
1846 2876 1955 2931 dis-

362 2970 606 3039 junctum
633 2972 678 3026 si
705 2971 1005 3041 diligamus,
1038 2972 1271 3042 quotidie
1298 2972 1477 3025 animo
1526 2968 1953 3039 cogitationeque

364 3063 658 3130 sequimur,
690 3063 1138 3133 quemadmodum
1165 3078 1285 3117 cum
1316 3078 1441 3132 erga
1469 3061 1699 3131 aliquem
1734 3075 1839 3113 non
1878 3059 1950 3113 ita

364 3153 536 3208 affecti
562 3170 775 3218 sumus,
803 3170 924 3210 eum
954 3171 1021 3209 nc
1051 3171 1214 3225 prope
1241 3155 1454 3223 quidem
1483 3153 1781 3207 adstantem
1810 3152 1952 3220 aspi-

362 3258 487 3300 cere
510 3246 811 3316 dignamur.
837 3245 941 3301 Sed
976 3255 1035 3301 ut
1063 3262 1182 3301 cum
1208 3246 1403 3299 caritas
1424 3244 1595 3310 adest,
1621 3243 1822 3297 nullum
1848 3243 1949 3296 im-

363 3337 726 3405 pedimentum
769 3354 837 3393 ex
877 3339 977 3393 loci
1022 3337 1301 3392 intervallo
1341 3344 1452 3400 est;
1489 3335 1567 3390 sic
1602 3333 1789 3389 eadem
1827 3348 1948 3388 cum

361 3427 545 3494 abest,
574 3429 774 3483 nullum
807 3429 1117 3498 prmsidium
1146 3443 1211 3482 ex
1244 3428 1481 3482 locorum
1503 3425 1771 3480 vicinitate
1799 3440 1951 3494 para-

362 3525 470 3570 tur.
494 3517 672 3587 Nuper
690 3527 869 3572 autem
891 3535 1011 3572 cum
1041 3518 1253 3572 beatum
1276 3517 1495 3571 Paulum
1519 3515 1777 3571 eucomiis
1802 3515 1947 3569 cele-

362 3605 671 3673 hraremus,
706 3609 773 3663 ita
812 3608 1209 3670 exsultavistis,
1240 3608 1390 3677 quasi
1431 3607 1600 3675 ipsum
1629 3612 1946 3673 przesentem

366 3697 655 3753 vidissetis.
684 3699 848 3768 Atqui
873 3713 1068 3768 corpus
1092 3698 1209 3768 ejus
1232 3712 1353 3753 cum
1383 3697 1435 3751 in
1460 3697 1599 3765 regia
1626 3695 1757 3750 urbe
1776 3695 1945 3749 Roma

358 3787 554 3860 jaceat,
582 3792 760 3845 anima
790 3802 967 3846 autem
995 3792 1046 3844 in
1074 3806 1234 3844 manu
1265 3790 1354 3843 Dei
1383 3788 1489 3851 sit;
1519 3786 1783 3841 Justorum
1811 3787 1946 3840 enim

329 3870 547 3937 ἀηἱιηιε
572 3884 623 3937 in
650 3900 801 3937 manu
832 3882 928 3937 Dei
952 3892 1087 3947 sunt,
1110 3892 1158 3937 et
1189 3899 1289 3935 non
1309 3889 1476 3952 tanget
1502 3881 1617 3934 illos
1643 3889 1943 3934 tormentum

361 3976 535 4047 (Sep.
574 3977 628 4031 '5.
659 3977 680 4030 l
709 3976 728 4045 )
763 3993 778 4029 :
809 3975 1043 4030 caritatis
1085 3983 1263 4029 tamen
1304 3974 1381 4030 vis
1410 3974 1560 4028 illum
1600 3982 1723 4027 ante
1758 3972 1942 4027 oculos

359 4074 569 4122 vestros
606 4066 906 4120 collocavit.
946 4066 1197 4120 Volebam
1239 4074 1415 4120 autem
1459 4065 1510 4119 in
1556 4064 1692 4120 idem
1732 4077 1942 4134 quoque

357 4165 731 4225 argumentum
762 4155 919 4209 hodie
944 4154 1267 4211 descendere
1289 4194 1304 4218 ,
1330 4155 1421 4210 sed
1451 4154 1517 4207 ad
1542 4156 1641 4207 alia
1672 4154 1937 4224 quaedam,

359 4258 480 4314 quae
503 4243 671 4312 magis
696 4251 904 4312 urgent,
930 4244 1101 4296 oratio
1121 4252 1300 4297 nostra
1325 4242 1646 4311 provehitur,
1671 4243 1722 4297 in
1748 4242 1940 4313 quibus

358 4351 389 4391 a
421 4344 527 4391 tota
560 4334 716 4389 hodie
754 4335 969 4389 civitate
1003 4343 1273 4404 peccatur.
1305 4336 1408 4389 Eos
1446 4336 1587 4389 enim
1626 4337 1715 4406 qui
1753 4336 1939 4390 laudes

357 4428 508 4484 Pauli
534 4426 721 4483 audire
739 4426 982 4495 cupiunt,
1008 4426 1153 4494 prius
1176 4425 1385 4479 virtutis
1406 4427 1551 4479 Pauli
1579 4426 1799 4480 aemulos
1818 4441 1938 4481 esse

356 4528 587 4590 oportet,
613 4529 667 4577 et
688 4518 993 4589 hujusmodi
1019 4518 1277 4573 concione
1297 4518 1502 4587 dignos.
1526 4518 1786 4585 Quoniam
1809 4534 1936 4589 ergo

358 4627 465 4669 non
486 4612 636 4667 adest
654 4610 813 4666 hodie
840 4620 1011 4681 pater,
1043 4625 1159 4680 age,
1191 4610 1433 4679 precibus
1459 4610 1597 4664 illius
1624 4608 1763 4674 freti,
1791 4611 1932 4680 quod

356 4703 423 4758 ad
454 4703 839 4758 institutionem
882 4702 1045 4757 vestri
1084 4703 1313 4771 pertinet
1339 4704 1681 4770 attingamus.
1718 4700 1850 4755 Nam
1879 4708 1937 4756 et

354 4795 585 4866 Moyses.
616 4809 932 4866 quamquam
969 4810 1074 4849 non
1103 4809 1331 4865 corpore
1358 4809 1596 4864 praiscns
1634 4809 1754 4848 cum
1776 4808 1931 4849 exer-

354 4888 465 4942 citu
492 4886 609 4953 fuit,
636 4887 979 4943 nihilominus
1011 4897 1210 4953 tamen,
1242 4887 1351 4941 imo
1380 4887 1547 4941 multo
1574 4886 1743 4956 magis
1771 4901 1930 4956 quam

287 5052 291 5055 λ
351 4978 540 5049 reliqui
569 4979 895 5049 praeliantes,
926 4978 1204 5033 victoriam
1238 4979 1517 5048 promovit,
1552 4977 1730 5047 pansis
1756 4977 1930 5032 mani-

350 5070 452 5126 bus
472 5078 778 5126 sustentans
806 5084 1021 5125 causam
1047 5084 1262 5125 suorum
1283 5109 1298 5135 ,
1326 5078 1381 5123 et
1409 5068 1645 5123 hostibus
1672 5075 1929 5121 terrorem

349 5161 617 5216 incutiens
638 5160 825 5231 (Exod.
853 5161 961 5229 l7).
985 5159 1442 5227 Quemadmodum
1466 5158 1609 5213 enim
1641 5171 1810 5227 neque
1836 5173 1928 5212 ca-

347 5254 522 5311 ritatis
544 5254 658 5319 vis,
690 5254 761 5308 ita
809 5268 981 5323 neque
1023 5252 1340 5321 precationis
1379 5250 1667 5307 efficacitas
1710 5249 1813 5303 loci
1849 5249 1931 5302 iu-

348 5342 574 5401 tervallo
618 5354 935 5411 coercetur;
981 5344 1075 5399 sed
1122 5344 1260 5398 sicut
1306 5344 1391 5397 illa
1438 5343 1595 5414 longe
1634 5341 1928 5410 disjunctos

344 5435 582 5506 copulat,
610 5436 688 5491 sic
714 5445 768 5491 et
793 5435 909 5490 hac
936 5448 1031 5489 eos
1055 5433 1147 5504 qui
1178 5433 1359 5504 procul
1389 5433 1613 5496 absunt,
1642 5431 1926 5486 admodum

339 5528 530 5601 juvare
551 5537 746 5601 potest.
773 5527 1023 5585 Fidentes
1044 5527 1201 5602 igitur
1230 5527 1281 5582 in
1304 5542 1527 5597 pugnam
1550 5524 1922 5598 procedamus.

2067 1768 2201 1826 Nam
2229 1784 2283 1829 et
2304 1776 2455 1832 nobis
2482 1778 2638 1837 hodie
2661 1780 2860 1839 bellum
2889 1785 3144 1843 indictum
3170 1798 3271 1857 cst,
3303 1808 3407 1847 non
3434 1798 3637 1853 Amale-

2065 1861 2185 1914 citis
2214 1864 2288 1917 im
2301 1866 2598 1934 adentibus,
2628 1881 2684 1926 ut
2714 1881 2825 1928 tum
2866 1876 3116 1942 fecerant,
3144 1889 3233 1935 aut
3262 1882 3380 1937 aliis
3406 1885 3638 1945 barbaris

2066 1950 2453 2011 incursantibus
2478 2000 2493 2023 ,
2521 1960 2613 2020 sed
2658 1962 2986 2026 (Immonibus
3029 1982 3273 2044 pompam
3316 1972 3366 2025 iu
3399 1975 3512 2029 loro
3544 1978 3640 2032 du-

2064 2044 2325 2102 ecntibus.

2139 2137 2252 2202 Quo
2290 2152 2436 2210 pacto
2478 2144 2674 2200 initium
2723 2151 2847 2204 anni
2869 2153 3218 2210 celebraretur.
3248 2189 3319 2199 -—
3360 2161 3637 2220 Diabolicae

2062 2228 2203 2282 enim
2227 2237 2653 2299 pernoctationes
2678 2256 2796 2310 qua:
2846 2242 3002 2300 hodie
3031 2247 3232 2304 liuntet
3275 2253 3637 2318 cavillationes

2062 2322 2393 2391 etcouvicia,
2438 2335 2492 2381 et
2527 2329 2837 2386 saltationes
2866 2345 3137 2391 nocturnae
3158 2379 3172 2403 ,
3204 2349 3256 2395 et
3282 2341 3496 2397 ridicula
3524 2345 3636 2402 lucc

2061 2413 2568 2485 commdia,quovis
2619 2420 2769 2476 hoste
2797 2422 3034 2482 deterius
3081 2430 3347 2485 civitatem
3398 2445 3633 2492 nostram

2060 2502 2318 2570 captivam
2350 2505 2549 2563 faciunt
2580 2528 2593 2564 :
2626 2520 2680 2566 et
2723 2527 2844 2568 cum
2883 2526 3186 2586 oporteret,
3220 2530 3276 2575 ut
3304 2523 3481 2578 animo
3517 2542 3637 2581 con-

2061 2594 2420 2665 traherentur,
2451 2600 2713 2671 lugerent,
2760 2605 3163 2676 erubescerent,
3207 2621 3315 2666 tum
3366 2615 3453 2684 qui
3498 2616 3634 2671 delt-

2058 2695 2319 2754 querunt,
2373 2698 2486 2744 tum
2541 2694 2629 2761 qui
2685 2712 2791 2750 non
2849 2697 3219 2769 deliquerunt,
3268 2705 3341 2759 illi
3422 2707 3633 2777 quidem

2057 2786 2274 2846 propter
2293 2780 2523 2837 admissa
2554 2783 2785 2841 facinora
2806 2829 2823 2855 ,
2852 2788 2907 2843 hi
2939 2805 3066 2846 vero
3093 2794 3214 2862 quia
3260 2796 3451 2853 fratres
3487 2801 3634 2856 vide-

2056 2878 2178 2923 runt
2207 2872 2431 2941 turpiter
2476 2886 2725 2944 agentes:
2759 2879 2877 2933 laeta
2898 2896 3019 2937 cum
3063 2885 3248 2953 primis
3277 2890 3463 2945 civitas
3494 2893 3629 2949 facta

2055 2970 2157 3025 est,
2184 2969 2238 3014 et
2262 2976 2535 3027 coronata,
2566 2976 2619 3020 et
2650 2968 2839 3034 forum,
2872 2972 3020 3040 quasi
3046 2973 3260 3044 elegans
3289 2989 3628 3048 sumptuosa-

2053 3065 2158 3119 que
2200 3053 2409 3119 mulier,
2439 3056 2720 3113 ambitiose
2748 3059 2905 3116 hodie
2928 3073 3238 3132 exornatur,
3271 3076 3326 3121 et
3366 3085 3515 3135 auro,
3550 3072 3631 3126 in-

2054 3141 2319 3198 dumentis
2363 3148 2632 3215 pretiosis,
2680 3151 2906 3219 calceis,
2935 3162 2989 3207 et
3014 3155 3231 3226 reliquis
3280 3160 3395 3228 ejus
3419 3168 3629 3232 generis

2053 3234 2294 3300 vestitur,
2320 3236 2542 3305 singulis
2581 3238 2634 3293 in
2664 3239 2874 3295 ofticina
2920 3257 3013 3298 sua
3056 3246 3251 3314 cpiticii
3281 3249 3354 3302 sui
3388 3251 3629 3308 vendita-

2052 3323 2195 3378 tione
2222 3326 2459 3393 ejusdem
2490 3328 2698 3385 artiticii
2727 3332 2900 3388 socios
2927 3335 3244 3392 antecellere
3273 3339 3627 3399 studentibus.

2049 3414 2177 3471 11ωο
2202 3426 2378 3471 autem
2406 3423 2731 3477 concertatio
2757 3439 3076 3495 quamquam
3106 3430 3322 3497 puerilis
3352 3433 3628 3502 cujusdam

2049 3506 2385 3574 cogitationis
2401 3517 2518 3575 est,
2545 3520 2600 3565 et
2623 3512 2785 3566 animi
2811 3514 2942 3568 nihil
2972 3531 3143 3586 neque
3178 3534 3425 3589 magnum
3456 3539 3631 3593 neque

2048 3598 2279 3655 sublime
2300 3602 2614 3670 cogitantis,
2644 3619 2746 3657 non
2774 3605 2843 3659 ita
2870 3607 3095 3662 multum
3118 3617 3293 3664 tamen
3324 3628 3504 3668 secum
3545 3616 3628 3671 in-

2046 3693 2312 3747 commodi
2342 3706 2616 3765 apportat;
2650 3697 2743 3752 sed
2791 3698 3179 3755 inconsiderata
3207 3705 3448 3773 quaedam
3475 3709 3628 3763 solli-

2045 3786 2224 3841 citudo
2262 3796 2380 3853 est,
2408 3804 2526 3857 quae
2555 3790 2796 3845 sollicitis
2821 3792 2985 3845 risum
3018 3794 3173 3862 parit.
3200 3795 3255 3851 Si
3299 3799 3440 3851 enim
3464 3815 3625 3855 exor-

2046 3892 2175 3931 nare
2215 3878 2414 3947 aliquid
2446 3879 2672 3934 volueris
2692 3920 2709 3945 ,
2739 3896 2844 3935 non
2892 3883 3189 3950 officinam,
3220 3886 3313 3939 sed
3354 3899 3618 3958 utentem,

2045 3983 2150 4022 non
2201 3966 2395 4033 forum,
2440 3969 2535 4025 sed
2584 3970 2983 4040 intelligentiam
3034 3980 3175 4027 tuam
3226 3986 3517 4044 exornato,
3564 3990 3623 4035 ut

2042 4057 2217 4129 angeli
2251 4058 2530 4123 mirentur,
2558 4061 2861 4131 archangeli
2894 4060 2994 4116 hoc
3034 4063 3351 4132 approbent,
3380 4066 3494 4135 ipse
3524 4085 3621 4124 an-

2041 4152 2277 4221 gelorum
2309 4152 2564 4207 Dominus
2605 4153 2716 4207 suis
2756 4163 2808 4207 te
2854 4153 3010 4207 donis
3051 4166 3440 4211 remuneretur.
3493 4159 3618 4214 Haec

2039 4244 2181 4298 enim
2211 4260 2329 4314 quae
2358 4260 2497 4300 nunc
2516 4252 2603 4300 est
2628 4244 2936 4308 venditatio,
2958 4252 3067 4299 tum
3097 4245 3280 4310 risum,
3316 4257 3424 4301 tum
3446 4266 3614 4305 temu-

2040 4336 2293 4391 lationem
2321 4344 2595 4405 apportat;
2623 4335 2692 4389 ab
2732 4336 2798 4389 iis
2831 4336 2918 4405 qui
2965 4336 3179 4390 excelso
3229 4346 3354 4392 sunt
3399 4340 3613 4409 animo,

2038 4427 2203 4481 risum
2225 4443 2247 4492 ;:
2272 4426 2341 4480 ab
2363 4428 2467 4481 illis
2493 4428 2581 4497 qui
2612 4427 2662 4482 in
2690 4426 2877 4481 eadem
2920 4428 3232 4497 mgritudine
3269 4438 3425 4498 sunt,
3449 4447 3617 4487 aemu-

2036 4515 2285 4571 lationem
2317 4516 2674 4586 invidiamque
2698 4517 2941 4572 multam.

2106 4607 2163 4661 2.
2203 4606 2327 4671 Sed,
2359 4616 2417 4663 ut
2444 4616 2597 4661 antea
2626 4606 2732 4662 dixi
2751 4649 2765 4672 ,
2800 4623 2905 4662 non
2929 4608 2996 4661 ita
3019 4608 3469 4677 reprehendenda;
3492 4624 3614 4667 sunt

2036 4697 2121 4752 hae
2159 4698 2729 4767 concertationeszqui
2755 4714 2883 4753 vero
2924 4699 2977 4753 in
3023 4700 3256 4755 tabernis
3300 4701 3409 4755 ludi
3452 4701 3612 4758 hodie

2035 4788 2196 4853 fiunt,
2231 4790 2306 4845 illi
2339 4805 2427 4845 me
2455 4790 2683 4845 maxime
2706 4790 3045 4855 excruciant,
3067 4800 3122 4847 et
3141 4791 3426 4861 impietatis
3451 4801 3610 4862 atque

2035 4882 2455 4952 intemperantia:
2498 4882 2635 4950 pleni
2676 4891 2832 4947 sunt;
2867 4881 3151 4952 impietatis
3197 4883 3429 4952 quidem,
3466 4884 3609 4951 quod

2033 4975 2123 5044 qui
2151 4974 2265 5028 lucc
2293 4974 2523 5039 faciunt,
2551 4973 2664 5027 dies
2690 4972 2995 5040 observant,
3021 4981 3075 5027 et
3093 4974 3325 5041 auguriis
3351 4972 3610 5026 addicun-

2036 5074 2140 5123 tur.
2167 5072 2222 5119 et
2246 5073 2425 5134 putant
2454 5064 2499 5117 si
2527 5063 2849 5117 novilunium
2879 5064 3078 5117 mensis
3095 5061 3248 5130 hujus
3293 5076 3412 5116 cum
3458 5060 3611 5116 volu-

2035 5164 2180 5225 ptate
2208 5164 2263 5210 et
2284 5154 2461 5209 laatitia
2491 5153 2715 5221 degant,
2745 5152 3008 5222 reliquum
3031 5166 3090 5206 se
3109 5165 3311 5204 annum
3334 5148 3413 5203 sic
3439 5156 3612 5203 trans-

2033 5254 2250 5301 acturos
2293 5261 2308 5311 ;
2364 5243 2789 5312 intemperantia:
2859 5255 3008 5305 vero,
3059 5238 3200 5309 quod
3270 5238 3439 5307 prima
3485 5237 3604 5294 luce

2035 5335 2246 5391 femina:
2273 5343 2328 5388 et
2355 5334 2454 5387 viri
2487 5332 2671 5402 pocula
2716 5330 3002 5399 implentes
3022 5370 3036 5394 ,
3064 5328 3226 5383 multa
3256 5343 3376 5383 cum
3408 5326 3604 5382 intem-

2032 5427 2273 5499 perantia
2302 5426 2483 5478 vinum
2531 5436 2735 5476 merum
2789 5420 2994 5475 bibunt.
3047 5420 3171 5474 llaec
3217 5418 3427 5489 indigna
3480 5430 3605 5472 sunt

2030 5529 2206 5574 vestra
2264 5513 2628 5585 philosophia,
2679 5512 2792 5568 sive
2834 5526 2895 5567 ea
2948 5524 3043 5565 vos
3090 5510 3186 5580 ipsi
3224 5509 3461 5574 faciatis.
3492 5508 3606 5564 sive
