4046 6146
505 212 611 270 953

507 330 638 397 alios
665 328 768 397 hoc
797 326 970 384 facere
1007 322 1359 394 permittatis,
1390 323 1503 376 sive
1549 320 1602 375 hi
1649 319 1827 375 famuli
1869 320 2030 375 vestri
2058 360 2072 386 ,

505 393 633 475 sive
659 393 837 481 amici,
865 418 979 472 sive
1013 393 1176 470 =vieini
1217 412 1434 468 fuerint.
1467 412 1580 466 Non
1624 412 1815 466 audisti
1857 411 2074 466 Paulum

505 512 803 568 dicentem:
848 506 970 561 Dies
1035 504 1304 560 observatis
1357 512 1401 555 rt
1439 519 1682 569 menses,
1732 512 1778 556 et
1826 511 2072 572 tempora,

505 614 550 667 et
579 616 756 653 annos.
788 598 987 663 Metuo,
1021 614 1080 652 ne
1109 599 1297 667 frustra
1340 595 1390 648 in
1437 594 1572 648 vobis
1592 591 1932 647 laboraverim
1947 587 2074 665 (Ga-

505 694 596 762 ιρι.
630 693 680 744 4.
719 690 804 744 10.
838 691 949 757 Η).

577 781 927 848 Auspiciorunt
951 788 998 832 et
1023 779 1245 832 ominum
1267 778 1479 832 vanitas.
1512 807 1580 817 —
1609 777 1853 845 Alioquin
1892 786 2074 831 extre-

506 891 606 930 ma:
635 875 732 928 hoc
762 881 842 927 est
869 871 1134 934 amentite,
1186 880 1398 939 propter
1425 885 1584 922 unum
1614 869 1751 921 diem
1775 909 1787 931 ,
1821 870 1865 922 si
1893 867 2070 935 auspi-

502 977 649 1020 catus
677 965 850 1029 fuerit,
883 979 976 1032 per
1006 963 1308 1015 universum
1356 960 1456 1012 hoc
1504 969 1812 1028 exspectare
1839 972 2067 1012 annum:

499 1071 673 1126 neque
717 1054 964 1108 amentia
994 1053 1162 1108 solum
1187 1091 1204 1118 ,
1230 1050 1322 1104 sed
1349 1049 1621 1104 diabolica:
1649 1048 1919 1117 cujusdam
1949 1047 2070 1101 effi-

498 1148 710 1214 cientia:
735 1145 988 1215 judicium
1017 1154 1118 1210 est,
1139 1158 1243 1196 non
1275 1141 1488 1212 proprio
1515 1140 1686 1195 studio
1711 1152 1763 1195 et
1788 1141 2069 1206 alacritati,

499 1237 591 1303 sed
618 1234 935 1311 quibusdam
970 1233 1173 1288 dierum
1203 1231 1600 1286 eireuilionibus
1628 1231 1787 1285 vitam
1832 1242 2069 1285 nostram
2123 1300 2134 1310 γ’

497 1327 893 1396 commendare.
939 1325 1259 1394 Fortunatus
1326 1323 1416 1377 tibi
1470 1321 1522 1375 in
1558 1323 1860 1376 universum
1900 1336 2070 1376 annus

496 1422 618 1489 erit,
644 1433 748 1490 non
775 1417 821 1488 si
851 1417 903 1472 in
936 1415 1203 1478 novilunio
1227 1414 1404 1475 ebrius
1426 1411 1587 1478 fueris
1607 1454 1621 1478 ,
1653 1412 1744 1466 sed
1772 1412 1815 1466 si
1841 1413 1890 1465 iu
1915 1413 2068 1466 novi-

498 1512 643 1580 tpnio
668 1519 722 1564 et
746 1523 1062 1587 unoquoque
1085 1506 1172 1571 die
1197 1521 1314 1575 qua:
1339 1506 1444 1560 Deo
1470 1505 1686 1574 probata
1713 1513 1835 1558 sunt
1860 1503 2066 1577 feceris.

499 1604 622 1658 Dies
643 1600 785 1657 enim
824 1599 991 1653 bonus
1012 1606 1064 1668 et
1093 1597 1260 1650 malus
1283 1605 1393 1661 est,
1423 1611 1526 1655 non
1549 1595 1775 1665 quadam
1807 1595 1905 1651 sibi
1944 1611 2067 1664 pro-

496 1694 608 1764 pria
637 1701 822 1746 natura
841 1731 856 1757 ,
891 1689 1022 1743 nihil
1045 1689 1184 1765 enim
1214 1687 1329 1742 dies
1359 1703 1387 1739 a
1417 1687 1502 1741 die
1526 1685 1732 1767 differt;
1766 1685 1858 1741 sed
1888 1697 2068 1762 nostra

494 1767 576 1841 vel
593 1785 860 1854 diligentia
881 1821 898 1850 ,
921 1782 1006 1837 vel
1037 1781 1259 1851 ignavia.
1287 1780 1341 1835 Si
1364 1779 1622 1849 justitiam
1650 1776 1838 1832 feceris
1857 1818 1872 1842 ,
1897 1777 2069 1832 bonus

490 1878 586 1932 tibi
624 1876 740 1931 dies
780 1874 1020 1930 erit:sin
1066 1881 1335 1942 peccatum
1374 1870 1766 1941 designaveris,
1795 1870 1965 1924 malus
2016 1878 2071 1924 et

493 1967 731 2038 supplicii
762 1966 965 2035 plenus.
997 1965 1051 2020 Si
1083 1965 1180 2019 ista
1211 1962 1494 2018 meditatus
1514 2003 1528 2027 ,
1554 1963 1598 2017 si
1635 1961 1703 2016 ita
1735 1961 1910 2014 animo
1936 1959 2066 2014 affe—

492 2068 610 2113 ctus
636 2056 835 2123 fueris,
867 2063 920 2110 et
949 2069 1133 2125 preces
1171 2055 1645 2123 eleemosynasque
1685 2050 1918 2120 quotidie
1969 2049 2066 2104 ad-

495 2149 758 2214 hibueris,
817 2147 1140 2208 fortunatum
1192 2145 1412 2200 habebis
1488 2153 1656 2198 totum
1708 2159 1938 2199 annum:
1983 2143 2066 2198 sin

490 2239 741 2294 virtutem
797 2237 1131 2307 neglexeris,
1183 2245 1236 2290 et
1284 2235 1444 2289 initiis
1497 2235 1759 2288 mensium
1808 2247 1871 2287 ac
1916 2234 2066 2288 statis

497 2330 687 2384 diebus
734 2328 895 2380 animi
932 2327 1002 2380 tui
1035 2325 1438 2380 oblectationem
1487 2323 1919 2390 concredidcris,
1947 2338 2066 2376 ont-

442 2409 448 2415 ’
491 2421 636 2475 Itium
659 2435 778 2487 qua:
805 2417 871 2471 ad
902 2428 951 2470 te
981 2417 1246 2484 pertinent
1274 2415 1444 2468 inanis
1476 2416 1582 2468 eris
1611 2414 1890 2468 bonorum.
1915 2413 2065 2480 Quod

409 2530 412 2532 ·
489 2528 611 2567 cum
641 2511 880 2565 diabolus
903 2509 1214 2580 perspiciat,
1243 2519 1296 2562 et
1325 2505 1534 2561 studeat
1563 2515 1770 2561 nostros
1796 2507 1846 2559 in
1871 2507 2066 2562 virtute

499 2602 709 2663 labores
747 2602 1023 2668 frangere,
1053 2608 1107 2652 et
1154 2596 1317 2650 animi
1343 2596 1664 2650 alacritatem
1687 2597 2024 2666 exstinguere
2045 2637 2061 2662 ,

497 2703 607 2748 tum
666 2692 854 2754 bonos,
885 2697 994 2741 tmn
1045 2687 1212 2741 malos
1264 2687 1598 2756 negotiorum
1657 2687 1830 2740 exitus
1880 2687 2065 2741 diebus

489 2782 796 2841 adscribere
844 2795 942 2834 nos
983 2779 1156 2847 docet.
1187 2778 1317 2833 Nam
1361 2779 1451 2848 qui
1492 2778 1591 2833 sibi
1641 2778 1740 2848 ipsi
1786 2781 2066 2849 persuadet

490 2874 630 2928 diem
657 2870 738 2926 vel
764 2870 959 2925 bonum
987 2870 1070 2929 vel
1099 2869 1291 2924 malum
1322 2883 1472 2936 esse,
1497 2884 1670 2938 neque
1699 2870 1750 2924 in
1788 2871 1927 2925 malo
1976 2871 2064 2928 die

490 2963 750 3018 bonorum
775 2961 1027 3015 factorum
1053 2974 1236 3026 curam
1262 2958 1474 3015 habebit
1497 3000 1512 3024 ,
1536 2960 1684 3029 quasi
1715 2972 1931 3029 propter
1957 2961 2062 3016 diei

490 3053 858 3116 necessitatem
887 3052 1077 3105 frustra
1108 3049 1399 3104 laborando
1419 3050 1554 3104 nihil
1593 3051 1833 3120 proficiat
1855 3069 1868 3104 :
1893 3067 2065 3123 neque

488 3153 672 3207 contra
717 3142 768 3203 in
798 3143 937 3198 bono
961 3141 1050 3196 die
1089 3140 1376 3210 quidquam
1409 3140 1600 3206 faciet,
1627 3142 1812 3210 quasi,
1844 3151 2064 3213 propter

490 3237 685 3294 bonum
711 3231 817 3293 dici
847 3246 1153 3291 successum
1173 3273 1188 3296 ,
1220 3231 1430 3300 propria
1461 3231 1702 3288 socordia
1732 3247 2062 3303 nequaquam

487 3325 727 3382 hedatur.
756 3323 845 3381 Sic
871 3323 1118 3392 utrinque
1161 3336 1313 3376 suam
1360 3322 1525 3391 ipsius
1572 3322 1760 3391 prodet
1798 3324 2021 3378 salutem
2043 3364 2058 3389 ,

486 3427 646 3487 atque
678 3414 939 3470 interdum
989 3422 1046 3470 ut
1079 3413 1356 3484 inutiliter.
1399 3411 1666 3468 interdum
1697 3414 1846 3482 quasi
1873 3429 2061 3482 super..—

490 3523 719 3562 vaeanee
750 3507 1026 3567 laborans,
1061 3504 1112 3557 in
1162 3504 1270 3556 otio
1299 3511 1352 3556 et
1397 3504 1627 3572 nequitia
1677 3505 1839 3558 vitam
1884 3504 2057 3572 deget.

489 3599 636 3666 Quod
665 3613 785 3650 eum
811 3597 1059 3659 sciamus,
1083 3593 1279 3647 diaboli
1320 3595 1542 3652 astutias
1592 3593 1770 3662 fugere
1816 3603 2058 3663 Oportet,

488 3701 543 3745 et
569 3690 708 3742 hunc
733 3688 891 3741 animi
912 3701 1126 3740 sensum
1157 3685 1444 3754 deponere,
1478 3693 1534 3739 ut
1554 3700 1723 3755 neque
1740 3685 1856 3740 dies
1875 3687 2062 3741 obser-

487 3796 706 3846 vemus,
731 3795 901 3850 neque
950 3778 1088 3833 hunc
1118 3777 1255 3832 diem
1286 3778 1602 3847 refugiamus
1626 3819 1642 3844 ,
1675 3777 1820 3832 illum
1872 3778 2061 3848 diliga-

489 3887 627 3937 mus.
656 3871 772 3926 Non
801 3871 940 3925 enim
973 3869 1143 3924 solum
1192 3876 1247 3922 ut
1276 3881 1374 3922 nos
1418 3868 1470 3922 in
1517 3868 1810 3922 socordiam
1841 3868 2058 3939 injiciat,

487 3963 581 4020 sed
605 3963 761 4018 etiaut
789 3970 846 4016 ut
872 3977 1031 4030 Opera
1071 3961 1162 4014 Dei
1204 3958 1408 4028 sugillet
1437 4000 1452 4025 ,
1480 3962 1592 4013 lucc
1617 3959 1784 4012 malus
1805 3959 1892 4014 ille
1942 3975 2060 4013 mo-

488 4053 616 4109 htur
657 4053 888 4118 dmnton,
921 4060 977 4106 et
1027 4052 1076 4105 in
1108 4051 1430 4118 impietatem
1475 4050 1875 4120 socordiamque
1904 4051 2062 4105 simul

487 4147 690 4202 animas
715 4154 924 4199 nostras
955 4141 1260 4212 pertrahere
1281 4141 1496 4210 cogitat.

558 4237 709 4292 Nihil
735 4237 946 4302 malum,
966 4236 1061 4288 nisi
1087 4243 1372 4304 peccatum;
1393 4232 1523 4286 nihil
1541 4235 1741 4296 bonum,
1759 4233 1857 4286 nisi
1885 4234 2059 4288 virtus.

486 4359 557 4371 ——
585 4328 692 4384 Sed
735 4327 940 4382 resilire
982 4341 1078 4379 nos
1111 4316 1337 4395 oportet,
1368 4333 1421 4379 et
1461 4332 1610 4378 certo
1648 4331 1898 4390 statuere,
1933 4324 2060 4378 nihil

487 4421 686 4476 malum
711 4432 828 4471 esse
849 4416 947 4470 nisi
978 4425 1249 4485 peceatum
1275 4416 1467 4481 solum,
1497 4425 1550 4468 et
1575 4414 1704 4469 nihil
1735 4415 1929 4469 bonum
1961 4415 2060 4470 nisi

485 4511 733 4564 virtutem
757 4508 944 4570 solam,
969 4517 1022 4560 et
1047 4519 1354 4576 perpetuum
1371 4506 1711 4561 cultumDei.
1742 4506 2062 4562 Oblectalio-

486 4615 610 4662 nem
635 4598 818 4664 animi,
850 4613 955 4655 non
980 4596 1230 4660 ebrietas,
1249 4596 1340 4650 sed
1372 4595 1604 4664 precatio
1628 4597 1935 4666 spiritualis,
1955 4613 2060 4653 non

485 4693 688 4757 tinum,
712 4689 805 4744 sed
831 4689 1047 4742 verbum
1073 4687 1319 4744 erudiens
1345 4686 1515 4752 affert.
1548 4686 1734 4743 Vinum
1760 4689 1900 4742 enim
1929 4698 2063 4744 tent-

484 4793 766 4855 pestatem,
786 4782 1004 4836 verbum
1035 4780 1459 4849 tranquillitatem
1483 4788 1626 4839 creat
1656 4797 1669 4834 :
1700 4781 1826 4836 illud
1860 4782 2059 4836 tumul-

488 4888 600 4933 tum
630 4873 937 4941 introducit,
971 4873 1070 4927 hoc
1102 4871 1475 4928 turbulentiant
1505 4873 1722 4940 expellit
1749 4890 1764 4926 :
1793 4873 1921 4928 illud
1959 4874 2060 4928 ob-

483 4979 664 5034 seurat
711 4977 980 5030 mentem,
1032 4965 1134 5020 hoc
1177 4965 1510 5027 obscuratam
1556 4965 1815 5023 illuminat
1867 4983 1882 5020 :
1933 4967 2059 5021 illud

484 5059 649 5114 animi
677 5073 937 5126 maerores
962 5057 1051 5127 qui
1081 5064 1202 5110 ante
1233 5071 1337 5109 non
1364 5055 1568 5110 fuerant
1595 5055 1810 5120 invehit,
1846 5056 1946 5111 hoc
1967 5072 2061 5118 eos

479 5153 570 5220 qui
591 5151 784 5205 adsunt
809 5149 1071 5208 exturbat.
1103 5147 1242 5203 Nihil
1270 5147 1409 5205 enim
1438 5147 1507 5201 ita
1536 5147 1766 5201 laetitiam
1783 5147 2058 5217 gaudiumu

483 5259 587 5312 que
618 5244 775 5313 parit,
813 5251 868 5295 ut
911 5243 1026 5296 hare
1065 5240 1411 5310 philOSOpitim
1441 5249 1636 5296 nostra:
1663 5240 1898 5297 instituta
1927 5258 1942 5296 :
1974 5257 2059 5295 res

483 5320 776 5404 pra‘sentes
802 5334 1096 5403 despicere,
1128 5332 1320 5387 futuris
1349 5331 1553 5386 inhiare
1579 5348 1592 5384 :
1621 5331 1748 5388 nihil
1773 5332 2058 5395 humanum

482 5427 673 5482 stabile
711 5425 984 5495 judicare,
1033 5440 1136 5480 non
1184 5424 1414 5490 divitias,
1464 5439 1570 5478 non
1617 5423 1924 5491 potentiam,
1954 5439 2059 5482 non

483 5518 735 5578 honores,
759 5531 862 5576 non
884 5516 1172 5570 clientelas.
1207 5515 1330 5568 llaec
1356 5515 1398 5569 si
1431 5523 1572 5569 recta
1596 5514 1797 5567 ratione
1826 5524 2055 5582 reputes,

481 5623 603 5680 cum
635 5606 852 5667 divitem
880 5607 1092 5674 videris,
1123 5622 1226 5661 non
1269 5616 1318 5661 te
1354 5605 1545 5660 invidia
1585 5603 1846 5660 mordebit
1876 5621 1886 5658 :
1921 5605 1965 5659 si
2005 5607 2054 5661 in

1205 207 1263 264 Β.
1302 205 1579 263 JOANNIS
1616 202 2089 262 CHRYSOSTOMI
2121 183 2437 260 ARCIIIEP.
2464 205 2994 267 CONSTANTI‘NOP.

3617 209 3625 216 ’
3657 221 3787 320 936.

2185 326 2547 388 paupertatem
2599 322 2880 389 incideris,
2928 340 3030 378 non
3088 325 3440 396 despondebis
3477 325 3786 400 animum;J

2182 416 2340 477 atque
2361 409 2494 464 adeo
2523 423 2779 481 perpetuo
2807 412 2984 468 feriari
3019 424 3189 484 potes.
3219 417 3574 473 Christianum
3607 410 3753 476 enim

2182 514 2287 552 non
2319 502 2590 558 mensibus
2613 545 2628 570 ,
2657 518 2762 557 non
2793 505 3097 572 noviluniis,
3125 523 3230 562 non
3262 509 3542 566 dominicis
3566 513 3758 569 diebus

2178 585 2356 641 feriari
2393 597 2640 658 oportet:
2670 593 2762 647 sed
2812 609 2908 662 per
2943 610 3152 650 omnem
3184 598 3340 651 vitam
3383 598 3574 655 festum
3613 603 3757 657 diem

2179 677 2278 732 sibi
2323 681 2774 735 accommodatum
2822 699 2998 753 agere.
3045 689 3113 739 At
3153 687 3270 756 quis
3313 688 3389 742 illi
3437 688 3599 744 festus
3643 693 3758 748 dies

2177 773 2464 827 convenit?
2503 773 2792 829 Audiamus
2822 777 3040 832 Paulum
3060 779 3319 834 dicentem
3355 798 3368 834 :
3402 781 3584 851 Itaque
3607 788 3758 854 ferie-

2178 881 2312 930 ntur,
2343 882 2442 919 non
2469 867 2521 919 in
2551 871 2792 936 fermento
2815 870 2985 937 veteri,
3016 888 3175 940 neque
3199 873 3250 926 in
3279 875 3520 942 [eratento
3551 879 3758 933 malitiw

2177 964 2223 1008 et
2253 955 2636 1024 nequitiaeésed
2675 958 2729 1012 in
2762 960 2952 1029 azymis
2989 961 3287 1017 sinceritatis
3327 975 3375 1018 et
3413 967 3638 1020 veritatis
3680 968 3754 1038 (l.

2177 1042 2293 1097 Cor.
2317 1045 2370 1098 5.
2402 1046 2479 1112 8).
2509 1046 2563 1099 Si
2593 1062 2718 1118 ergo
2739 1064 2922 1117 puram
2948 1050 3111 1106 habes
3131 1055 3534 1122 conscientiam,
3560 1057 3752 1112 festum

2175 1130 2315 1185 diem
2342 1148 2464 1202 ages
2493 1147 2746 1204 perpetuo
2766 1179 2780 1201 ,
2823 1137 2957 1192 bona
2983 1141 3208 1196 nutritus
3233 1158 3350 1212 spe,
3373 1155 3428 1199 et
3456 1146 3753 1203 futurorum

2175 1219 2432 1274 bonorunt
2462 1225 2699 1290 perfusus
2723 1228 3104 1294 expectatione.
3149 1230 3242 1285 Sin
3281 1234 3458 1287 animo
3482 1235 3752 1303 diffidens,

2173 1322 2227 1364 et
2251 1314 2537 1368 sceleribus
2567 1309 2744 1370 multis
2770 1317 3029 1374 obnoxius
3065 1321 3252 1388 fueris,
3283 1341 3604 1394 quamquam
3631 1345 3757 1383 sex-

2174 1414 2342 1458 centa:
2368 1403 2513 1460 feriae
2542 1415 2596 1461 et
2622 1407 2957 1464 celebritates
2981 1411 3106 1479 sint,
3138 1415 3301 1468 nihilo
3329 1425 3506 1470 tamen
3538 1419 3752 1485 melius,

2173 1511 2330 1564 quam
2359 1497 2392 1550 ii
2418 1498 2504 1567 qui
2528 1498 2707 1568 lugent
2735 1502 3052 1556 constitutus
3088 1519 3167 1559 es.
3216 1507 3347 1571 Quae
3388 1507 3533 1562 enim
3575 1510 3756 1577 splen-

2172 1587 2310 1660 didae
2352 1590 2455 1644 diei
2504 1591 2701 1645 utilitas
2729 1607 2847 1647 esse
2876 1604 3064 1663 potest,
3108 1596 3152 1649 si
3191 1596 3319 1651 mihi
3349 1600 3524 1653 anima
3555 1603 3752 1657 obscu-

2179 1687 2295 1732 rata
2323 1694 2419 1770 per
2443 1683 2818 1753 conscientiam
2848 1683 2950 1738 sit?
2992 1683 3085 1739 Sin
3117 1685 3342 1741 fructum
3371 1690 3600 1759 aliquem
3635 1709 3752 1762 per-

2171 1769 2350 1837 cipere
2390 1784 2420 1824 e
2463 1772 2731 1828 novilunio
2756 1774 2855 1838 vis,
2881 1773 2981 1829 hoc
3006 1774 3182 1831 facito.
3218 1777 3313 1833 Ubi
3343 1797 3538 1835 annum
3567 1786 3754 1854 exple-

2173 1868 2285 1912 tum
2323 1860 2540 1930 videris,
2583 1863 2778 1932 gratias
2827 1879 2924 1934 age
2966 1865 3209 1935 Domino,
3255 1869 3342 1938 qui
3393 1877 3444 1924 te
3491 1871 3557 1925 ad
3619 1873 3752 1929 hanc

2170 1965 2430 2004 annorum
2451 1952 2813 2008 circuitionem
2838 1955 3099 2025 perduxit.
3127 1958 3430 2030 Compunge
3455 1978 3548 2016 cor
3578 1975 3748 2031 tuum,

2173 2040 2290 2093 vita:
2317 2049 2418 2094 tua:
2449 2048 2655 2111 tempus
2696 2053 2867 2098 tecum
2913 2057 3113 2114 reputa,
3148 2059 3320 2103 tecum
3357 2051 3425 2105 ad
3464 2054 3612 2108 hunc
3637 2072 3748 2108 mo-

2167 2130 2294 2184 dum
2325 2132 2479 2186 verba
2510 2132 2668 2188 facito
2702 2153 2714 2187 :
2750 2135 2864 2190 dies
2902 2139 3113 2193 avolant
3160 2150 3212 2195 et
3254 2152 3597 2210 prteterennt,
3628 2149 3748 2201 anni

2170 2221 2463 2278 finiuntur:
2493 2239 2733 2293 magnam
2773 2226 2872 2280 viae
2907 2238 3101 2282 nostrae
3144 2240 3345 2299 partem
3377 2234 3745 2292 confecimus:

2167 2312 2294 2382 quid
2311 2313 2432 2366 boni
2454 2329 2483 2368 a
2505 2316 2657 2368 nobis
2678 2314 2868 2371 factum
2893 2321 3006 2373 est?
3036 2320 3168 2375 Num
3198 2322 3382 2379 inanes
3403 2325 3546 2394 hinc,
3573 2331 3749 2383 omni-

2168 2418 2273 2473 que
2308 2403 2511 2474 justitia
2549 2407 2784 2463 destituti
2824 2410 3194 2468 discedemus?
3233 2415 3497 2472 Judicium
3529 2421 3624 2474 Dei
3657 2439 3750 2490 pro

2169 2495 2368 2550 foribus
2403 2506 2505 2563 est,
2545 2507 2596 2553 et
2631 2499 2886 2570 reliquum
2928 2503 3045 2557 vita:
3089 2513 3295 2576 tempus
3323 2507 3387 2562 ad
3418 2522 3746 2567 senectutem

2167 2587 2332 2656 vet-gi.
3519 2599 3523 2603 '

2237 2677 2288 2732 ὃ.
2313 2678 2436 2734 Hmc
2454 2679 2506 2734 in
2526 2680 2809 2739 noviluuiis
2830 2683 3110 2740 meditare:
3128 2685 3238 2741 haec
3254 2687 3320 2743 de
3335 2706 3594 2746 annorum
3624 2710 3747 2749 con.

2168 2768 2500 2834 versionihus
2530 2774 2741 2828 revolvo
2770 2793 2784 2825 :
2818 2774 3004 2830 future
3053 2777 3154 2831 diei
3203 2792 3455 2848 perpetuo
3491 2787 3730 2841 recorde-

2167 2875 2308 2928 mur,
2337 2876 2403 2915 ne
2426 2861 2704 2917 adversunt
2732 2882 2826 2920 nos
2858 2866 3103 2934 loquatur
3130 2870 3248 2938 quis
3277 2871 3429 2938 illud,
3461 2875 3608 2943 quod
3651 2878 3743 2930 ad-

2166 2964 2352 3006 versus
2372 2949 2584 3006 Juda'os
2611 2968 2640 3006 2
2667 2955 2918 3023 prepheta
2957 2956 3154 3012 dictum
3195 2970 3278 3014 est
3308 2979 3322 3015 ε
3353 2959 3664 3031 Defecermu
3697 2969 3747 3021 in

2165 3041 2382 3099 vanitate
2423 3041 2530 3096 dies
2573 3059 2764 3111 eorum,
2801 3056 2848 3099 et
2892 3049 3013 3101 anni
3052 3065 3222 3102 eorum
3268 3067 3379 3106 cum
3427 3056 3747 3124 festinatione

2167 3131 2186 3203 (
2209 3130 2350 3186 Psal.
2381 3133 2465 3186 77.
2496 3134 2566 3188 55
2585 3136 2628 3204 ).
2673 3132 2776 3189 llas
2801 3150 2928 3205 ergo
2952 3136 3109 3192 ferias
3135 3133 3412 3210 perpetuas
3437 3156 3493 3199 et
3517 3147 3746 3202 ambitus

2165 3237 2422 3276 annorum
2438 3238 2539 3278 non
2557 3236 2944 3294 exspectantes,
2962 3245 3132 3298 neque
3152 3232 3356 3286 dierum
3373 3239 3747 3301 permensionc

2167 3312 2456 3383 descriptas
2481 3326 2586 3372 tum
2609 3317 2756 3380 dives
2781 3329 2887 3374 ltltll
2910 3335 3107 3389 pauper
3128 3338 3191 3376 ex
3211 3340 3362 3394 a-quo
3381 3338 3744 3399 potestagerc.

2166 3405 2278 3460 Non
2298 3408 2437 3462 enim
2453 3409 2534 3462 hic
2552 3410 2804 3478 pecuniis,
2823 3427 2990 3482 neque
3007 3430 3183 3471 rerum
3199 3415 3468 3472 affluentia
3487 3437 3627 3489 opus
3645 3431 3741 3486 est,

2166 3500 2258 3553 sed
2281 3501 2471 3556 virtute
2491 3504 2621 3558 ευιιι.
2645 3503 2758 3557 Non
2783 3503 2944 3561 babes
2973 3508 3255 3575 pecunias?
3283 3510 3350 3563 At
3377 3511 3467 3566 Dei
3499 3514 3742 3573 timorem

2167 3589 2328 3646 babes
2341 3593 2585 3649 omnibus
2602 3595 2836 3663 pecuniis
2863 3596 3155 3652 uberiorem
3185 3599 3509 3667 thesaurum,
3533 3607 3623 3673 qui
3652 3621 3743 3660 nc-

2165 3700 2267 3754 que
2283 3685 2628 3750 consumitur,
2645 3702 2816 3756 neque
2837 3688 3220 3758 intervertitur,
3245 3708 3416 3762 neque
3435 3696 3744 3750 exhauritur

2167 3791 2436 3846 umquam.
2461 3776 3030 3843 Intuereincmlum,et
3056 3782 3106 3834 in
3136 3784 3324 3837 cadum
3354 3785 3491 3848 cazli,
3523 3795 3738 3850 terram,

2168 3882 2334 3933 mare,
2368 3883 2581 3936 aerem,
2625 3870 2677 3922 in
2719 3885 2914 3940 genera
2955 3872 3323 3941 animantium,
3345 3891 3408 3931 ac
3431 3878 3740 3932 varietatem

2167 3960 2432 4028 stirpium,
2455 3960 2510 4014 in
2532 3970 2772 4016 naturam
2801 3962 3074 4017 hominum
3103 3965 3422 4021 universam.
3453 3967 3739 4022 Considera

2166 4052 2401 4120 angelos,
2434 4051 2804 4122 archangelos,
2831 4054 3133 4123 superiores
3159 4067 3444 4125 potestates
3467 4075 3658 4115 revoca
3691 4062 3741 4114 in

2167 4137 2475 4198 memoriam
2501 4185 2517 4211 ,
2560 4145 2673 4199 hare
2709 4145 2884 4199 omnia
2916 4147 2967 4200 in
3000 4147 3205 4202 Domini
3249 4149 3317 4202 tui
3361 4159 3484 4202 sunt
3521 4151 3737 4205 ditioue.

2168 4235 2317 4290 Haud
2359 4237 2470 4292 fieri
2511 4245 2703 4306 potest,
2732 4246 2789 4291 ut
2813 4238 3014 4292 domini
3046 4250 3150 4294 tam
3178 4240 3473 4310 locupletis,
3507 4257 3734 4311 pratserv

2169 4327 2261 4382 tim
2286 4327 2331 4381 si
2360 4329 2642 4398 prepitium
2680 4329 2870 4384 habeat
2909 4331 3208 4396 Dominum,
3243 4349 3440 4402 pauper
3463 4335 3738 4404 quisquam

2167 4434 2353 4474 servus
2391 4420 2480 4474 sit.
2528 4421 2650 4474 Dies
2683 4421 2967 4477 observare
3011 4438 3115 4477 non
3159 4423 3472 4479 Christiame
3502 4427 3737 4495 philoso-

2167 4511 2326 4580 phiae,
2357 4509 2451 4565 sed
2479 4511 2650 4565 Gratei
2688 4513 2887 4566 erroris
2921 4523 3026 4567 est.
3072 4513 3126 4568 In
3167 4515 3433 4570 caelestem
3471 4517 3737 4574 civitatem

2167 4603 2462 4671 adscriptas
2485 4619 2562 4669 es,
2591 4604 2640 4657 itt
2661 4605 3035 4673 rempublicam
3066 4622 3181 4659 eam
3213 4619 3454 4676 receptus
3477 4622 3557 4674 es,
3579 4625 3738 4679 ange-

2168 4695 2234 4748 lis
2264 4694 2486 4762 tcipsum
2514 4696 2837 4750 adntiscuisti
2870 4715 2882 4750 :
2912 4699 2998 4752 ubi
3038 4714 3141 4751 non
3187 4707 3270 4752 est
3312 4700 3484 4754 lumen
3515 4702 3656 4770 quod
3687 4703 3736 4756 in

2169 4786 2398 4840 tenebris
2422 4785 2646 4850 desinat,
2673 4802 2842 4856 neque
2867 4786 2981 4841 dies
3003 4803 3122 4858 qua:
3158 4789 3208 4842 in
3243 4800 3450 4844 noctem
3485 4793 3736 4847 termiucc

2169 4884 2272 4940 tur,
2301 4877 2394 4932 sed
2424 4888 2672 4948 perpetua
2709 4877 2854 4943 dies,
2897 4889 2952 4934 et
2993 4891 3242 4950 perpetua
3272 4882 3378 4935 lux.
3413 4881 3467 4935 In
3499 4882 3585 4936 illa
3613 4899 3736 4952 ergo

2167 4983 2376 5036 semper
2419 4969 2735 5022 intueamur.
2790 4969 2915 5034 Quae
2951 4987 3152 5024 sursum
3194 4982 3345 5036 sunt,
3402 4972 3571 5042 inquit
3628 4974 3732 5036 ille,

2167 5059 2390 5129 quaerite,
2415 5058 2496 5112 ubi
2518 5057 2745 5114 Christus
2765 5061 2832 5112 ad
2855 5061 3110 5114 dexteram
3133 5060 3232 5116 Dei
3259 5065 3394 5117 sedet
3416 5061 3550 5136 (σοι.
3573 5065 3626 5118 3.
3661 5065 3730 5133 1).

2167 5148 2305 5203 Nihil
2345 5148 2506 5204 habes
2533 5165 2815 5204 commune
2842 5165 2961 5204 cum
2995 5163 3130 5206 terra
3151 5193 3167 5218 ,
3208 5153 3295 5207 ubi
3322 5154 3448 5208 sohs
3474 5169 3660 5208 cursus
3682 5163 3734 5207 et

2161 5239 2562 5305 conversiones,
2587 5250 2640 5293 ct
2662 5240 2776 5294 dies
2800 5251 2943 5306 sunt,
2969 5242 3062 5297 sed
3092 5243 3135 5296 si
3167 5253 3310 5299 recte
3329 5245 3494 5312 vivas,
3517 5260 3616 5300 nos
3643 5245 3754 5297 tibi.

2167 5328 2280 5384 dies
2304 5331 2404 5384 erit
2435 5347 2447 5382 :
2477 5341 2660 5384 contra
2689 5347 2810 5385 vero
2840 5332 2943 5386 illis
2971 5333 3061 5402 qui
3090 5334 3141 5388 iu
3171 5335 3384 5390 lascivia
3409 5347 3461 5390 et
3486 5337 3730 5390 ebrietate

2167 5430 2221 5475 et
2263 5421 2666 5489 intemperantia
2691 5422 2890 5485 vivunt,
2934 5422 3049 5477 dies
3089 5424 3155 5478 ad
3205 5427 3374 5481 noctis
3419 5427 3729 5486 convertitur

2170 5511 2445 5576 tenebras,
2487 5528 2590 5580 non
2629 5511 2839 5588 quidem
2867 5513 3161 5571 defectione
3200 5518 3345 5584 solis,
3379 5518 3470 5573 sed
3507 5519 3758 5583 illorum,_

2168 5615 2383 5676 propter
2425 5604 2770 5673 ebrietatem,
2812 5605 3181 5664 obscuratione
3211 5609 3419 5665 mentis.
3467 5610 3583 5667 Dies
3608 5623 3722 5678 ergo
