4046 6146
518 204 624 264 951

516 321 736 394 ⁴ἡμέρας
771 317 1068 389 ἐπτοῆσθαι
1099 316 1372 382 τοιαύτας,
1404 319 1497 372 καὶ
1522 317 1746 371 πλείονα
1794 319 1854 372 ἐν
1895 319 2088 383 αὐταῖς

517 404 770 477 δέχεσθαι
804 402 1015 474 ἡδονὴν,
1033 401 1127 455 καὶ
1143 401 1371 472 λύχνους
1405 402 1598 454 ἀπτειν
1622 401 1715 454 ἐπὶ
1743 400 1843 471 τῆς
1861 402 2088 472 ἀγορᾶς,

519 490 616 543 καὶ
650 485 1048 557 στεφανώματα
1071 484 1311 546 πλέκειν,
1331 483 1588 552 παιδικῆς
1617 484 1802 548 ἀνοίας
1823 483 1990 538 ἐστίν.
2018 483 2092 537 Σὺ

519 571 578 626 δὲ
614 569 818 639 ταύτης
848 569 1152 640 ἀπήλλαξαι
1182 567 1281 639 τῆς
1307 567 1610 633 ἀσθενείας,
1645 567 1743 621 καὶ
1772 568 1852 631 είς
1893 567 2095 639 ἄνδρας

518 655 713 718 τελεῖς,
736 652 832 707 καὶ
854 654 936 716 είς
949 652 1047 723 τὴν
1067 653 1174 705 τῶν
1193 650 1437 722 οὐρανῶν
1463 651 1770 722 ἐνεγράφης
1790 649 2094 704 πολιτείαν.

519 737 612 806 Μὴ
643 735 823 789 τοίνυν
855 735 948 789 ἐπὶ
975 735 1072 806 τῆς
1092 735 1297 806 ἀγορᾶς
1326 734 1640 807 ἀνακαύσῃς
1674 733 1788 805 πῦρ
1811 731 2094 803 αἰσθητὸν,

519 819 636 872 ἀλλ’
676 819 770 872 ἐπὶ
827 818 928 888 τῆς
967 815 1204 881 διανοίας
1253 815 1455 885 ἀναψον
1477 828 1504 858 ι
1534 816 1651 884 φῶς
1702 813 2093 886 πνευματικόν.

519 900 823 970 Λαμψάτω
848 899 979 969 γὰρ,
1009 899 1162 971 φησί,
1180 897 1248 953 τὸ
1278 897 1404 969 φῶς
1425 898 1593 968 ὑμῶν
1615 898 1957 968 ἔμπροσθεν
1978 894 2100 950 τῶν

519 981 866 1050 ἀνθρώπων,
905 981 1065 1048 ὅπως
1097 981 1270 1037 ἴδωσι
1301 981 1373 1036 τὰ
1411 980 1569 1036 καλὰ
1593 982 1737 1051 ἔργα
1780 978 1970 1049 ὑμῶν,
1995 979 2096 1034 καί

519 1064 828 1130 δοξάσωσι
855 1067 962 1118 τὸν
976 1063 1208 1133 Πατέρα
1231 1062 1401 1133 ἡμῶν
1429 1064 1535 1118 τὸν
1549 1065 1620 1117 ἐν
1647 1063 1772 1130 τοῖς
1795 1061 2094 1132 οὐρανοῖς.

520 1147 693 1202 Τοῦτο
713 1146 774 1201 τὸ
799 1146 916 1217 φῶς
946 1147 1148 1217 πολλήν
1170 1164 1253 1201 σοι
1286 1147 1441 1216 φέρει
1471 1146 1571 1218 τὴν
1599 1146 1856 1218 ἀμοιϐήν.
1885 1143 1980 1217 Μὴ
1997 1144 2098 1216 τὴν

521 1229 694 1303 θύραν
720 1229 819 1301 τῆς
855 1229 1034 1292 οἰκίας
1092 1228 1466 1302 στεφανώσῃς,
1494 1228 1632 1283 ἀλλά
1673 1227 1930 1297 τοιαύτην
1978 1225 2100 1280 ἐπί-

520 1314 693 1381 δειξαι
726 1312 1022 1378 πολιτείαν,
1049 1309 1192 1365 ὥστε
1217 1309 1309 1365 τὸν
1331 1312 1430 1384 τῆς
1447 1311 1794 1382 δικαιοσύνης
1831 1309 2097 1380 στέφανον

525 1397 592 1467 σῇ
637 1394 847 1466 κεφαλῇ
879 1393 1031 1467 παρὰ
1055 1394 1159 1464 τῆς
1191 1393 1284 1448 τοῦ
1315 1393 1552 1467 Χριστοῦ
1599 1394 1856 1460 δέξασθαι
1893 1392 2096 1464 χειρός.

523 1477 707 1550 Μηδὲν
758 1477 902 1548 εικῆ,
966 1475 1100 1549 μηδέ
1147 1476 1332 1541 ἁπλῶς
1388 1477 1658 1547 γενέσθω·
1706 1475 1850 1530 οὕτω
1881 1475 2100 1540 Παῦλος

524 1559 756 1625 ἐπέταξε
816 1559 995 1616 πάντα
1049 1561 1130 1624 εἰς
1186 1559 1342 1626 δόξαν
1378 1559 1512 1613 Θεοῦ
1577 1561 1769 1614 ποιεῖν.
1804 1559 1940 1613 Εττε
1987 1557 2101 1630 γὰρ

521 1643 778 1706 ἐσθίετε,
809 1641 993 1713 φησιν,
1023 1641 1143 1695 εἴτε
1169 1643 1393 1706 πίνετε,
1415 1641 1536 1696 εἴτε
1558 1659 1613 1696 τι
1638 1640 1879 1708 ποιεῖτε,
1905 1641 2102 1696 πάντα

522 1727 611 1791 εἰς
640 1724 830 1790 δόξαν
871 1723 1018 1779 Θεοῦ
1050 1725 1290 1779 ποιεῖτε.
1325 1723 1439 1780 Kal
1471 1724 1591 1789 πῶς
1623 1724 1762 1790 ἐστι,
1804 1725 1960 1796 φησὶ,
1995 1741 2102 1794 φα-

523 1810 642 1876 γεῖν
684 1809 779 1862 καὶ
827 1810 1002 1862 ποιεῖν
1048 1808 1130 1872 είς
1181 1806 1340 1872 δόξαν
1382 1807 1551 1874 Θεοῦ;
1592 1806 1830 1861 Κάλεσον
1869 1807 2098 1879 πένητα,

524 1890 781 1944 κοινωνὸν
809 1890 1036 1961 ¹ιιυοίησον
1069 1890 1168 1962 τῆς
1200 1889 1480 1961 τραπέζης
1497 1890 1589 1943 τὸν
1617 1889 1871 1960 Χριστὸν,
1898 1889 1992 1944 καὶ
2022 1891 2103 1950 εἰς

520 1972 679 2040 δόξαν
711 1973 849 2027 Θεοῦ
902 1973 1106 2042 ἐφαγες
1153 1973 1248 2027 καὶ
1295 1972 1622 2036 ἐπιες.Ἀλλ’
1643 1973 1704 2026 οὐ
1738 1971 1897 2026 τοῦτο
1942 1971 2104 2043 μόνον

523 2056 787 2122 ἐπέταξεν
826 2058 906 2120 είς
950 2056 1108 2123 δόξαν
1151 2055 1286 2108 Θεοῦ
1331 2058 1525 2116 ποιεῖν,
1555 2055 1691 2110 ἀλλά
1720 2056 1815 2110 καὶ
1845 2055 1914 2109 τά
1939 2053 2104 2108 λοιπά

523 2139 760 2206 ἅπαντα,
784 2131 895 2192 οἶόν
927 2139 1074 2192 ἐστιν
1105 2139 1362 2209 ἐμϐαλεῖν
1399 2140 1480 2203 είς
1507 2139 1608 2210 τὴν
1634 2139 1862 2211 ἀγοράν,
1895 2138 1991 2192 καὶ
2026 2137 2104 2191 οτ-

523 2241 610 2276 κοι
640 2225 822 2294 μεῖναι
842 2240 857 2254 ο
893 2221 1182 2292 ἀμφότερα
1216 2221 1391 2276 ταῦτα
1425 2221 1516 2276 διά
1543 2223 1635 2276 τὸν
1673 2222 1806 2276 Θεὸν
1835 2221 2098 2292 γενέσθω.

522 2308 637 2361 Kal
685 2305 803 2370 πῶς
845 2305 992 2360 ἔστιν
1038 2306 1324 2378 ἀμφότερα
1373 2305 1546 2361 ταῦτα
1593 2306 1839 2376 γίνεσθαι
1878 2305 1966 2360 διά
2011 2303 2104 2358 τὸν

522 2390 693 2458 Θεόν;
725 2391 898 2444 Ὅταν
926 2391 1006 2454 εἰς
1033 2389 1330 2461 ἐκκλησίαν
1365 2389 1609 2461 βαδίζῃς,
1626 2390 1755 2443 ὅταν
1784 2389 1951 2460 εὐχῆς
1976 2405 2104 2459 μετ-

525 2473 676 2547 έχῃς,
711 2474 839 2528 ὅταν
875 2472 1223 2536 διδασκαλίας
1265 2473 1666 2543 πνευματικῆς,
1691 2472 1725 2542 ή
1758 2471 1982 2543 πρόοδος
2025 2472 2106 2535 εἰς

521 2555 679 2621 δόξαν
711 2553 848 2609 Θεοῦ
885 2555 1097 2625 γέγονε.
1140 2554 1310 2608 Πάλιν
1345 2555 1492 2609 ἐστὶν
1537 2555 1676 2608 οἴκοι
1709 2554 1796 2608 διά
1838 2555 1930 2609 τὸν
1970 2553 2103 2607 Θεὸν

526 2645 729 2710 μεῖναι.
762 2637 889 2702 Πῶς
929 2638 1025 2691 καὶ
1066 2637 1172 2691 τίνι
1202 2637 1419 2709 τρόπῳ;
1464 2637 1634 2691 Ὅταν
1673 2635 1913 2710 ἀκούσῃς
1946 2634 2106 2705 θορύ-

523 2720 674 2785 ϐους,
703 2720 928 2786 ἀταξίας
957 2719 1052 2774 καὶ
1091 2720 1317 2789 πομπὰς
1348 2718 1679 2784 διαϐολικάς,
1712 2717 1968 2790 πονηρῶν
2012 2718 2108 2772 ἀν-

524 2803 762 2874 θρώπων
807 2803 900 2858 καὶ
941 2803 1257 2858 ἀκολάστων
1284 2803 1385 2874 τὴν
1411 2803 1618 2873 ἀγοράν
1641 2801 2102 2874 πεπληρωμένην,

521 2887 665 2941 οἴκοι
699 2886 850 2959 μένε,
877 2887 973 2942 καὶ
999 2887 1102 2958 τῆς
1124 2887 1369 2958 ταραχῆς
1389 2884 1731 2939 ἀπαλλάττου
1763 2884 1988 2956 ταύτης,
2012 2884 2108 2938 καὶ

523 2969 750 3041 ἔμεινας
786 2972 866 3034 είς
899 2970 1056 3036 δόξαν
1089 2968 1465 3039 Θεοῦ,Ὤσπερ
1495 2968 1553 3022 δὲ
1585 2968 1686 3031 τάς
1713 2969 1852 3021 οίκοι
1891 2967 2105 3039 διατρι-

522 3053 627 3118 ϐὰς
669 3055 762 3108 καὶ
809 3052 910 3117 τάς
958 3051 1172 3119 ἐξόδους
1200 3051 1378 3117 ἔξεστι
1411 3050 1678 3104 ποιεῖσθαι
1709 3050 1798 3105 διά
1827 3049 1919 3104 τὸν
1947 3049 2104 3117 Θεὸν,

521 3136 665 3191 οὓτω
699 3137 792 3191 καὶ
821 3136 1076 3200 ἐπαίνους
1113 3136 1209 3190 καὶ
1236 3135 1457 3206 ψόγους.

595 3221 706 3274 Καὶ
724 3219 841 3283 πῶς
862 3219 1008 3273 ἐστιν
1029 3221 1110 3282 εἰς
1129 3219 1288 3285 δόξαν
1311 3219 1448 3272 Θεοῦ
1473 3235 1595 3273 τινα
1619 3218 1926 3283 ἐπαινέσαι,
1949 3219 2104 3290 φησὶ,

523 3303 617 3357 καὶ
655 3303 1037 3370 αἰτιάσασθαι;
1083 3300 1388 3366 Καθίζεσθε
1427 3300 1691 3365 πολλάκις
1739 3303 1798 3356 ἐν
1851 3304 1966 3366 τοῖς
2011 3304 2107 3374 ἐρ-

523 3387 865 3458 γαστηρίοις,
899 3387 1063 3456 ὁρᾶτε
1091 3385 1390 3457 παριόντας
1414 3385 1687 3454 πονηροὺς
1730 3385 1827 3438 καὶ
1870 3385 2108 3456 φαύλους

523 3466 865 3540 ἀνθρώπους,
891 3468 989 3531 τάς
1019 3467 1192 3538 όφρῦς
1218 3465 1599 3530 ἀνασπῶντας,
1630 3467 2102 3538 πεφυσιωμένους,

523 3551 860 3621 παρασίτους
886 3553 981 3605 καὶ
1002 3550 1241 3615 κόλακας
1266 3550 1494 3614 πολλοὺς
1523 3551 1975 3622 ἐπισυρομένους,
2008 3567 2108 3605 πο-

523 3632 719 3702 λυτελῆ
753 3632 1053 3703 φοροῦντας
1085 3633 1312 3702 ἱμάτια,
1357 3632 1560 3704 πολλὴν
1607 3632 2108 3705 περιϐεϐλημένους

522 3713 624 3784 τὴν
654 3713 980 3782 φαντασίαν,
1010 3716 1079 3769 τά
1107 3715 1326 3768 πάντων
1355 3713 1506 3788 [702]
1530 3713 1900 3784 ἁρπάζοντας,
1925 3715 2109 3770 πλεονο

525 3795 950 3861 εκτοῦντας.’Ἇν
979 3797 1220 3870 ἀκούσῃς
1239 3797 1387 3858 τινὸς
1414 3795 1686 3866 λέγοντος,
1711 3798 1845 3869 Οὐχὶ
1867 3797 2109 3870 ζηλωτὸς

524 3875 700 3945 οὗτος,
735 3881 858 3950 οὐχὶ
900 3882 1201 3954 μακάριοςς
1247 3883 1594 3956 ἐπιτίμησον,
1631 3879 1946 3949 ἐγκάλεσον,
1994 3882 2110 3934 ἐπι-

526 3965 803 4036 στόμισον,
835 3965 1145 4032 ταλάνισον,
1173 3965 1446 4037 δάκρυσον
1467 3981 1481 3995 ·
1509 3963 1671 4019 τοῦτό
1693 3966 1808 4018 ἐστι
1836 3963 1998 4033 ψέξαι
2021 3964 2110 4020 διὰ

524 4048 618 4104 τὸν
665 4049 894 4106 Θεόν.’0
933 4049 1101 4120 ψόγος
1149 4049 1468 4104 διδασκαλία
1512 4050 1627 4113 τοῖς
1672 4047 2108 4120 συγκαθημένοις

525 4132 845 4202 φιλοσοφίας
888 4133 982 4187 καὶ¹
1031 4133 1232 4204 ἀρετῆς
1275 4135 1304 4188 6
1339 4134 1600 4200 τοιοῦτος,
1639 4133 1836 4204 μηκέτι
1871 4131 2001 4202 περὶ
2037 4131 2110 4186 τὰ

528 4214 760 4287 βιωτικά
791 4215 1101 4286 κεχηνέναι.
1149 4217 1286 4270 Εἰπὲ
1316 4217 1451 4290 πρὸς
1479 4217 1570 4271 τὸν
1599 4215 1777 4270 ταῦτα
1807 4215 2107 4288 εἰρηκόταο

524 4299 622 4354 Διά
640 4299 692 4353 τί
727 4300 996 4370 μακάριος
1029 4293 1213 4364 οὗτοςς
1245 4300 1433 4372 ἐπειδὴ
1462 4299 1778 4370 θαυμαστὸν
1803 4298 1968 4352 ἵππον
1991 4297 2108 4369 ἔχει

525 4382 619 4436 καὶ
647 4382 1053 4452 χρυσοχάλινον,
1086 4383 1180 4436 καὶ
1214 4383 1431 4448 οἰκέτας
1457 4383 1685 4446 πολλοὺς
1709 4381 1994 4452 κέκτηται,
2011 4382 2107 4436 καὶ

525 4463 803 4534 φαιδράνδ
832 4463 1224 4535 περιϐέϐληται
1260 4465 1472 4538 στολὴν,
1506 4466 1600 4520 καὶ
1629 4463 1766 4536 μέθῃ
1796 4465 1891 4517 καὶ
1923 4468 2104 4537 τρυφῇ

523 4546 918 4616 διαρῤήγνυται
947 4546 1070 4600 καθ’
1093 4547 1335 4620 ἐκάστην
1359 4549 1603 4619 ἡμέρανς
1640 4547 1801 4602 Ἀλλά
1832 4546 1922 4601 διὰ
1944 4547 2105 4601 τοῦτο

524 4629 707 4693 ἄθλιος
741 4628 807 4684 ἂν
836 4631 920 4702 εἴη
951 4631 1046 4684 καὶ
1081 4631 1445 4704 ταλαίπωρος,
1476 4633 1569 4686 καὶ
1603 4632 1814 4704 μυρίων
1851 4631 2103 4704 δακρύων

523 4714 693 4780 ἄξιος.
709 4713 853 4786 Ὀρῶ
881 4713 1011 4782 γοῦν
1058 4715 1203 4785 ὑμᾶς
1253 4715 1406 4770 οὐδὲν
1453 4715 1785 4787 δυναμένους
1822 4716 2104 4770 ἐπαινέσαι

522 4799 634 4852 τῶν
662 4798 849 4864 αὐτοῦ,
883 4797 1019 4852 ἀλλά
1060 4799 1130 4853 τά
1175 4799 1333 4863 ἐκτὸς
1359 4799 1526 4854 αὐτοῦ
1566 4802 1764 4865 πάντα,
1788 4801 1880 4853 τὸν
1915 4799 2102 4866 ἵππον,

521 4883 615 4936 τὸν
647 4882 885 4954 χαλινὸν,
911 4882 981 4936 τά
1011 4883 1222 4953 ἱμάτια,
1250 4876 1324 4936 ὧν
1354 4883 1506 4936 οὐδέν
1534 4884 1650 4938 ἐστι
1681 4883 1817 4956 πρὸς
1847 4882 2106 4938 αὐτόν.Τί

523 4966 721 5035 γένοιτ’
749 4966 817 5022 ἀν
858 4962 952 5020 οὖν
1000 4965 1349 5038 ἀθλιώτερον,
1386 4967 1507 5020 εἰπέ
1542 4984 1654 5038 μοι,
1687 4966 1896 5031 τούτου,
1925 4967 2053 5020 ὅταν
2076 4966 2105 5018 6

525 5051 625 5122 μὲν
651 5051 817 5114 ἵππος
842 5049 1029 5117 αὐτοῦ,
1069 5051 1165 5105 καὶ
1189 5051 1217 5102 6
1248 5049 1462 5121 χαλινὸς
1501 5050 1594 5104 τοῦ
1638 5051 1826 5118 ἵππου,
1860 5051 1955 5104 καὶ
1994 5050 2105 5104 τῶν

588 5185 719 5253 {Si};
741 5185 892 5253 Savil.
937 5191 991 5253 eg
1012 5188 1122 5253 duo_
1149 5188 1627 5253 τηεεςΜοι-ειηνετο
1651 5190 1936 5253 ἀνάγραψον.
1967 5189 2105 5240 Unus

522 5247 766 5314 θοὰάλλᾲ
781 5255 955 5314 πιστῆς
973 5249 1180 5314 διανοίας
1203 5247 1401 5314 ἀναψον.
1415 5249 1537 5299 Infra
1561 5251 1692 5314 id_em
1717 5247 2102 5314 cbd.jto).zraiav,

523 5309 605 5357 τὸν
625 5315 708 5376 τῆς
723 5310 1031 5376 δικαιοσύνης
1041 5313 1270 5376 στέφανον
1289 5309 1417 5375 ποιρά
1434 5318 1518 5376 τῆς
1538 5309 1624 5359 τοῦ
1651 5310 1859 5376 Χριστοῦ
1882 5309 2100 5367 δέξασθαι

523 5371 679 5432 χειρὸς
717 5371 793 5419 ἐπὶ
829 5372 914 5429 τὴν
957 5373 1048 5430 σὴν
1089 5371 1299 5436 κεφαλὴν
1323 5371 1616 5422 σπούδασον.
1661 5371 1824 5432 Μηδὲν
1851 5377 1952 5432 εἰκῆ
1984 5376 2104 5436 μηδέ

523 5432 686 5479 ἁπλῶς
703 5432 919 5479 γινέσθω.

523 5446 686 5486 απλως
703 5446 919 5489 γινεσυω.

587 5489 732 5559 9-0ᾳο
751 5489 1051 5559 Ορόῤ.έπειδῂ
1071 5493 1338 5559 ἵππον-ἕχει
1355 5496 1518 5559 χρυσῷ
1538 5497 1928 5559 κεχαλινωμένον,
1941 5497 2100 5552 ἐπειδή

524 5553 730 5623 πολλοῦς
748 5554 950 5623 οἰκέτας,
969 5553 1404 5623 καὶιφαιδράνῖὶίὸἱ
1426 5553 1553 5606 Imus
1572 5553 1650 5607 καὶ
1669 5553 1814 5623 τρυφῇ
1828 5553 2100 5623 περιϐέϐλη-

524 5633 602 5665 ται
625 5613 730 5660 ιαθ’
752 5613 958 5671 ἑκάστην
977 5613 1174 5673 ἡμέραν.

1241 200 1304 257 S.
1341 197 1632 256 JOANNIS
1667 197 1810 254 ΕΗΒ
1820 190 2102 253 YSOSTOI

2203 192 2521 253 ARCHIEP.
2558 164 3135 258 consummet

3663 209 3771 270 958

2203 318 2436 389 ἱματίων
2483 318 2546 372 τὸ
2583 319 2800 387 κάλλος,
2829 320 2924 374 καὶ
2969 322 3002 392 ἡ
3059 319 3348 393 σωματικὴ
3394 321 3506 375 τῶν
3547 324 3769 380 οἰκετῶι

2195 400 2378 466 εὐεξία
2408 401 2772 474 θαυμάζηται,
2810 403 2974 468 αὐτὸς
3017 403 3074 456 δὲ
3121 403 3565 474 ἀνεγκωμίαστος
3592 423 3770 477 παρα-

2196 482 2398 554 τρέχῃ;
2427 485 2492 536 Τί
2525 485 2704 540 τοίνυν
2748 487 2949 555 γένοιτ’
2979 486 3046 541 ἂν
3079 485 3404 558 πενέστερον
3439 486 3650 554 τούτου,
3677 490 3772 544 τοῦ

2199 565 2366 636 μηδὲν
2398 565 2613 636 ἔχοντος
2645 569 2808 622 καλὸν
2835 571 3036 623 οἰκεῖον
3065 568 3191 640 μήθ’
3218 567 3248 622 ὅ
3273 568 3563 640 δυνήσεται
3588 570 3773 624 ἐντεῦ-

2197 646 2290 701 θεν
2317 649 2658 719 ἀπενεγκεῖν,
2683 651 2821 707 ἀλλά
2841 655 2954 716 τοῖς
2973 651 3275 724 ἀλλοτρίοις
3295 651 3774 722 καλλωπιζομένου

2196 732 2399 800 «ﬂow;
2446 735 2658 798 Οίκεῖος
2701 733 2811 806 γάρ
2859 735 3018 808 ήμῶν
3062 735 3265 806 κόσμος
3289 735 3386 788 καί
3415 734 3648 800 πλοῦτος
3678 736 3778 791 οὐκ

2196 815 2407 870 οἰκέται
2437 817 2532 870 καὶ
2561 816 2752 887 ἰμάτια
2777 818 2872 871 καὶ
2895 819 3072 881 ἵπποι,
3100 816 3238 872 ἀλλά
3259 818 3440 888 ψυχῆς
3468 817 3663 890 ἀρετὴ,
3685 819 3779 874 καὶ

2198 897 2430 964 πλοῦτος
2455 899 2680 969 ἀγαθῶν
2703 899 2902 973 ἔργων,
2927 901 3022 954 καὶ
3046 902 3081 974 ἡ
3106 901 3243 974 πρὸς
3265 901 3359 956 τδν
3393 899 3529 955 θεὸν
3565 903 3778 974 παῤῥη·

2199 997 2314 1035 σια.
3823 1020 3840 1038 ι

2267 1064 2330 1120 δ’.
2352 1063 2520 1118 Πάλιν
2541 1065 2728 1137 ἕτερον
2750 1064 2817 1121 ἀν
2840 1065 2956 1138 ἴδῃς
2981 1064 3214 1136 πτωχὸν,
3230 1065 3670 1138 ἀπερριμμένον,
3685 1085 3781 1122 κα-

2197 1146 2632 1220 ταφρονούμενον
2658 1149 2904 1220 πτωχείᾳ
2930 1148 3026 1203 καὶ
3043 1160 3064 1188 ο
3089 1150 3259 1220 ἀρετῇ
3281 1148 3550 1214 συζῶντα,
3576 1151 3674 1203 καὶ
3693 1169 3782 1203 τα-

2199 1228 2550 1302 λανιζόμενον
2572 1231 2723 1303 παρά
2742 1231 2852 1284 τῶν
2876 1230 3119 1303 συγκαθη
3129 1231 3327 1302 μένων,
3351 1232 3646 1286 ἐπαίνεσον
3671 1233 3784 1285 τοῦ·

2199 1328 2310 1379 τον,
2347 1313 2442 1367 καὶ
2467 1313 2690 1382 γέγονεν
2734 1314 2764 1366 6
2803 1312 3026 1378 ἔπαινος
3056 1313 3150 1368 τοῦ
3184 1315 3549 1388 παρελθόντος
3581 1317 3784 1386 παραίο

2199 1412 2345 1460 νεσις
2391 1396 2486 1450 καὶ
2532 1396 2812 1470 συμϐουλὴ
2841 1397 3084 1468 χρηστῆς
3114 1397 3209 1452 καὶ
3238 1397 3450 1466 ἀγαθῆς
3480 1397 3780 1462 πολιτείας.

2200 1477 2263 1532 Εί
2295 1477 2564 1547 λέγουσιν,
2597 1478 2779 1543 ἀθλιος
2805 1479 2898 1532 καὶ
2921 1479 3285 1552 ταλαίπωρος,
3310 1482 3434 1534 είπέ
3452 1481 3535 1535 ὅτι
3563 1482 3785 1535 πάντων

2205 1560 2303 1631 μὲν
2334 1556 2428 1615 οὖν
2472 1555 2625 1626 οὗτος
2660 1561 3098 1634 μακαριώτατος,
3127 1564 3220 1617 τὸν
3250 1563 3385 1617 Θεὸν
3423 1564 3566 1634 ἔχων
3605 1563 3781 1633 φίλον,

2201 1645 2370 1716 ἀρετῇ
2411 1643 2611 1708 συζῶν,
2643 1644 2874 1698 πλοῦτον
2924 1645 3263 1718 κεκτημένος
3309 1646 3556 1700 οὐδέποτ’
3584 1647 3788 1699 ἐπιλεί-

2202 1744 2396 1792 ποντα,
2427 1727 2663 1792 συνειδὸς
2695 1727 2833 1798 ἔχων
2863 1728 3118 1800 καθαρόν.
3157 1729 3222 1782 Τί
3258 1729 3369 1802 γάρ
3411 1729 3562 1801 αὐτῷ
3587 1729 3788 1801 βλάϐος

2202 1811 2268 1864 ἐκ
2311 1811 2413 1882 τῆς
2457 1809 2664 1874 ἐνδείας
2708 1810 2817 1864 τῶν
2862 1810 3226 1883 χρημάτωνά,
3255 1812 3387 1866 ὅταν
3419 1811 3513 1866 τὸν
3559 1812 3790 1882 οὐρανὸν

2202 1893 2299 1946 καὶ
2327 1891 2395 1946 τά
2423 1893 2482 1946 ἐν
2504 1892 2582 1964 τῷ
2611 1891 2826 1963 οὐρανῷ
2859 1893 3029 1967 μέλλῃ
3054 1892 3412 1966 κληρονομεῖν
3441 1894 3662 1964 ἀγαθάς
3694 1897 3789 1949 Ἂν

2203 1975 2346 2030 οὓτω
2392 1975 2490 2029 καὶ
2531 1975 2697 2038 αὐτὸς
2736 1975 3055 2049 φιλοσοφῇς,
3089 1977 3184 2031 καὶ
3213 1977 3406 2042 ἀλλους
3443 1989 3467 2018 ο
3497 1978 3786 2052 παιδεύῃς,

2204 2057 2408 2128 πολλὴν
2444 2057 2588 2131 λήψῃ
2622 2057 2717 2112 καὶ
2742 2058 2835 2112 τοῦ
2855 2059 3025 2130 ψόγου
3053 2061 3145 2114 καὶ
3170 2060 3278 2114 τῶν
3304 2060 3542 2115 ἐπαίνων
3565 2061 3672 2133 τὴν
3704 2077 3788 2132 μι-

2201 2139 2584 2208 σθαποδοσίαν,
2617 2142 2902 2214 ἀμφότερα
2927 2145 3007 2208 εἰς
3033 2143 3193 2208 δόξαν
3219 2144 3357 2198 Θεοῦ
3386 2145 3648 2213 ποιήσας.
3683 2145 3788 2198 Kal

2204 2225 2284 2278 ὅτι
2304 2223 2365 2276 οὐ
2391 2224 2568 2294 μάτην
2589 2241 2649 2278 σε
2670 2225 2986 2295 ψυχαγωγῶ
3005 2226 3178 2280 ταῦτα
3202 2226 3395 2296 λέγων,
3414 2226 3550 2280 ἀλλὰ
3571 2227 3787 2297 μεγάλη

2204 2323 2288 2371 τις
2323 2308 2437 2370 τοῖς
2471 2304 2614 2361 οὕτω
2643 2307 2744 2379 τὴν
2771 2306 2997 2379 γνώμην
3029 2307 3394 2379 διακειμένοις
3426 2311 3604 2362 κεῖται
3644 2308 3788 2380 παρά

2202 2389 2299 2445 τοῦ
2331 2389 2467 2444 Θεοῦ
2494 2389 2602 2444 τῶν
2632 2389 2770 2444 ὅλων
2793 2391 3020 2461 ἀμοιϐὴ,
3046 2391 3140 2444 καὶ
3167 2391 3336 2462 ἀρετή
3362 2408 3447 2454 τις
3473 2392 3788 2462 νενόμισται

2204 2473 2266 2526 τὸ
2298 2474 2547 2545 πρᾶγμα,
2576 2472 2636 2526 τὸ
2653 2472 2722 2526 τά
2744 2472 2970 2527 τοιαῦτα
2992 2473 3345 2544 ψηφίζεσθαι,
3364 2475 3492 2546 περὶ
3512 2475 3626 2528 τῶν
3653 2473 3791 2528 οὕτω

2206 2554 2444 2620 ζώντων,
2477 2555 2707 2609 ἄκουσον
2734 2554 2789 2609 τί
2829 2573 2995 2627 φησιν
3039 2558 3068 2610 6
3115 2549 3426 2629 προφήτης,
3459 2557 3554 2610 καὶ
3582 2557 3708 2621 πῶς
3734 2558 3790 2609 ἐν

2203 2635 2357 2702 τάξει
2380 2636 2827 2710 κατορθωμάτων
2865 2639 3048 2711 τίθησι
3073 2639 3136 2693 τὸ
3163 2641 3292 2704 τοὺς
3319 2641 3790 2712 πονηρευομένους

2204 2719 2524 2786 ἐξουθενεῖν,
2556 2720 2650 2772 καὶ
2681 2720 2807 2785 τοὺς
2837 2720 3205 2792 φοϐουμένους
3230 2721 3321 2776 τὸν
3356 2722 3491 2775 Θεὸν
3520 2721 3786 2787 δοξάζειν.

2204 2800 2362 2857 Μετά
2391 2802 2498 2874 γάρ
2521 2802 2581 2856 τὸ
2621 2803 2917 2870 καταλέξαι
2940 2804 3042 2875 τὴν
3077 2803 3246 2876 ἀλλην
3278 2805 3482 2876 ἀρετὴν
3521 2804 3624 2858 τοῦ
3663 2804 3788 2875 μέλ-

2203 2884 2383 2946 λοντος
2411 2883 2566 2955 παρά
2589 2883 2684 2938 τοῦ
2719 2884 2856 2939 Θεοῦ
2891 2885 3177 2958 τιμᾶσθαι.
3205 2887 3299 2941 καλ⁸
3337 2889 3530 2948 εἰπεῖν,
3568 2883 3688 2943 οἷον
3716 2883 3791 2940 εί-

2204 2983 2295 3022 ναι
2321 2965 2428 3039 χρὴ
2455 2965 2549 3020 τὸν
2582 2967 2642 3020 ἐν
2668 2967 2748 3038 τῷ
2770 2968 2911 3039 ἀγίῳ
2931 2969 3290 3024 κατοικοῦντα
3325 2969 3676 3042 σκηνώματι,
3713 2970 3790 3024 δτι

2203 3050 2455 3121 ἄμωμον,
2481 3048 2577 3104 καὶ
2619 3049 2986 3121 ἐργαζόμενον
3029 3052 3399 3124 δικαιοσύνην,
3446 3054 3543 3107 καὶ
3583 3053 3790 3122 ἀπόνη-

2206 3149 2320 3205 ρον,
2357 3131 2452 3186 καὶ
2499 3131 2662 3188 τοῦτο
2713 3133 3082 3206 προσέθηκενο
3131 3135 3300 3188 εἰπὼν
3353 3135 3489 3207 γάρ·
3533 3137 3639 3202 Ὃς
3683 3139 3789 3190 οὐκ

2203 3216 2509 3271 ἐδόλωσεν
2543 3216 2614 3270 ἐν
2642 3216 2893 3286 γλώσσῃ
2927 3217 3136 3281 αὐτοῦ,
3169 3217 3267 3272 καί
3299 3219 3409 3272 οὐκ
3437 3218 3696 3286 ἐποίησε
3716 3217 3789 3283 τῷ

2205 3300 2480 3370 πλησίον
2521 3301 2710 3356 αὐτοῦ
2751 3301 2968 3354 κακόνο
3000 3301 3280 3370 ἐπήγαγεν
3298 3315 3314 3330 °
3364 3301 3788 3365 Ἐξουδένωται

2204 3382 2463 3438 ἐνώπιον
2492 3383 2679 3438 αὐτοῦ
2709 3382 3210 3452 πονηρευόμενος,
3227 3382 3372 3450 τοὺς
3397 3382 3466 3437 δὲ
3494 3383 3789 3453 φοϐουμέ-

2205 3482 2349 3533 νους
2397 3465 2505 3520 τὸν
2535 3465 2756 3533 Κύριον
2783 3463 3045 3530 δοξάζει·
3095 3466 3315 3530 δεικνὺς
3361 3467 3445 3520 ὅτι
3491 3468 3587 3520 καὶ
3641 3465 3785 3538 {705]

2205 3547 2365 3602 τοῦτο
2395 3548 2455 3601 ’ἐν
2496 3564 2551 3601 τι
2595 3548 2706 3601 τῶν
2748 3547 3189 3620 κατορθωμάτων
3213 3548 3350 3613 ἐστὶ,
3381 3547 3704 3621 [τουτέστι],
3731 3547 3788 3600 τὸ

2207 3632 2566 3701 καταφρονεῖν
2595 3629 2705 3683 τῶν
2731 3629 3008 3701 πονηρῶν,
3033 3631 3130 3685 καὶ
3152 3633 3398 3686 ἐπαινεῖν
3423 3633 3516 3684 καὶ
3552 3629 3788 3701 μακαρίο

2208 3711 2323 3777 ζειν
2357 3714 2484 3776 τοὺς
2515 3712 2774 3782 ἀγαθούς.
2803 3714 2914 3767 Kal
2936 3714 3099 3768 πάλιν
3127 3713 3364 3784 ἀλλαχοῦ
3391 3713 3453 3767 τὸ
3476 3713 3614 3767 αὐτὸ
3635 3711 3788 3767 τοῦτο

2205 3794 2383 3866 δηλῶν
2414 3795 2598 3863 ἔλεγεν
2617 3813 2631 3826 ·
2674 3793 2839 3865 Ἐμοί
2869 3795 2939 3848 δὲ
2963 3797 3108 3850 λίαν
3137 3795 3512 3866 ἐτιμήθησαν
3538 3799 3593 3850 οὶ
3624 3797 3786 3866 φίλοι

2207 3895 2346 3944 σου,
2381 3881 2415 3933 ό
2461 3879 2628 3943 Θεὸς,
2654 3879 2799 3932 λίαν
2836 3877 3320 3948 ὲκραταιώθησαν
3360 3882 3422 3933 αι
3457 3880 3640 3948 ἀρχαί
3685 3880 3784 3932 αὐ-

2208 3959 2345 4014 τῶν.
2357 3962 2452 4014 Ὃν
2486 3962 2514 4014 6
2545 3960 2676 4024 Θεὸς
2699 3962 2930 4026 ἐπαινεῖ,
2963 3960 3037 4033 μὴ
3073 3961 3264 4034 μέμψῃ
3283 3979 3297 3992 ·
3334 3964 3547 4016 ἐπαινεί
3590 3962 3654 4016 δὲ
3697 3961 3784 4014 τὸν

2208 4046 2267 4098 ἐν
2293 4042 2608 4113 δικαιοσύνῃ
2636 4043 2836 4108 ζῶντα,
2872 4045 2974 4099 κᾶν
3011 4044 3224 4116 πτωχὸς
3247 4039 3411 4116 ᾖ.’ον
3435 4045 3465 4096 6
3495 4043 3630 4107 Θεὸς
3656 4044 3784 4097 ἀπο-

2210 4126 2521 4198 στρέφεται,
2571 4126 2645 4196 μὴ
2688 4126 3010 4200 ἐπαινέσῃςο
3049 4126 3454 4198 ἀποστρέφεται
3494 4126 3553 4180 δὲ
3593 4125 3689 4180 τὸν
3727 4127 3782 4177 ἐν

2209 4209 2446 4281 πονηρίᾳ.
2493 4207 2693 4274 ζῶντα,
2727 4209 2830 4264 κᾶν
2877 4211 3043 4265 πολὺν
3135 4209 3598 4282 περιϐεϐλημένος
3624 4207 3781 4264 πλοῦ-

2207 4310 2318 4347 τον.
2337 4291 2474 4346 Ἀλλ’
2508 4293 2574 4347 ἄν
2600 4293 2648 4344 τ’
2676 4293 2928 4364 ἐπαινῇς,
2954 4294 3020 4348 ἄν
3043 4310 3104 4346 τε
3128 4293 3325 4367 ψέγῃς,
3351 4293 3642 4364 ἀμφότερα
3663 4293 3735 4356 ὡς
3752 4293 3780 4346 6

2207 4377 2339 4440 Θεὸς
2387 4375 2634 4446 βούλεται
2685 4377 2849 4430 ποίει.
2874 4378 3030 4431 Ἐστι
3061 4377 3154 4431 καὶ
3200 4376 3491 4446 ἐγκαλέσαι
3521 4380 3603 4441 εἰς
3629 4378 3779 4442 δόξαν

2207 4461 2364 4516 Θεοῦ.
2397 4460 2551 4525 Πῶςς
2600 4461 2724 4514 Ἐπὶ
2745 4461 2854 4514 τῶν
2877 4460 3103 4514 οἰκετῶν
3131 4461 3549 4532 ἀγανακτοῦμεν
3581 4462 3777 4516 πολλὰ·

2208 4563 2316 4610 κις.
2351 4544 2476 4608 Πῶς
2511 4541 2604 4599 οὖν
2629 4544 2776 4598 ἐστιν
2805 4543 3100 4612 ἐγκαλέσαι
3129 4544 3217 4598 διὰ
3245 4545 3338 4600 τὸν
3365 4543 3530 4609 Θεόν;
3557 4546 3656 4598 Ἂν
3686 4560 3777 4614 με·

2209 4627 2404 4682 θύοντα
2431 4627 2568 4699 ἴδῃς,
2601 4626 2668 4681 ἀν
2697 4627 3020 4688 κλέπτοντα,
3047 4627 3080 4697 ἢ
3119 4627 3211 4681 τὸν
3238 4627 3478 4697 οἰκέτην,
3503 4627 3538 4697 ἢ
3566 4627 3660 4680 τὸν
3696 4627 3780 4693 φί-

2206 4709 2318 4773 λον,
2349 4710 2382 4781 ἧ
2409 4709 2594 4781 ἕτερόν
2621 4727 2742 4764 τινα
2769 4709 2878 4764 τῶν
2902 4727 2986 4762 σοι
3014 4709 3420 4780 προσηκόντων,
3451 4710 3518 4763 ἀν
3547 4712 3628 4774 εἰς
3661 4708 3776 4762 θέα-

2205 4791 2350 4864 τραί
2379 4793 2661 4865 τρέχοντα,
2689 4793 2756 4847 ἂν
2783 4794 2882 4864 τῆς
2909 4793 3088 4864 ψυχῆς
3110 4791 3413 4862 ἀμελοῦντα
3437 4793 3537 4863 τῆς
3562 4790 3770 4855 ἐαυτοῦ,

2209 4878 2276 4932 ἂν
2307 4876 2592 4948 ὀμνύοντα,
2625 4876 2692 4931 ἂν
2718 4874 3095 4948 ἐπιορκοῦντα,
3116 4875 3182 4930 ἂν
3204 4875 3552 4946 ψευδόμενον,
3574 4875 3772 4944 ἀγανά-

2209 4978 2428 5032 κτησον,
2462 4960 2712 5026 κόλασον,
2743 4959 3091 5030 ἐπίστρεψον,
3118 4959 3409 5030 διόρθωσαι
3431 4976 3444 4990 ·
3478 4961 3575 5014 καίΙ
3607 4958 3771 5014 ταῦτα

2207 5045 2384 5098 πάντα
2417 5043 2678 5114 ἐποίησας
2702 5042 2790 5096 διὰ
2814 5042 2903 5096 τὸν
2926 5041 3182 5095 Θεόν.“Αν
3207 5044 3287 5104 είς
3316 5043 3376 5095 σὲ
3397 5043 3766 5113 ἁμαρτάνοντα

2208 5127 2345 5199 ἴδῃς,
2380 5127 2474 5180 καί⁹
2501 5127 2602 5196 τῆς
2629 5127 2708 5190 εἰς
2737 5125 2796 5179 σὲ
2823 5123 3118 5195 θεραπείας
3153 5123 3492 5190 ἐλλείποντα,
3529 5122 3763 5193 συγγνῶ-

2269 5252 2427 5332 οῇΒιΞο
2449 5266 2565 5332 τοῖς.
2606 5253 3046 5332 πενίᾳνκαὶάρετῇ.
3083 5250 3210 5301 lnl’n
3229 5252 3424 5314 quidam
3453 5257 3661 5316 χρηστῆς
3694 5249 3769 5298 καὶ

2205 5316 2423 5384 ἀληθινῆς
2443 5316 2694 5370 πολιτείας·
2719 5316 2807 5362 κᾶν
2830 5317 3021 5374 λέγωσι.

2269 5375 2296 5416 d
2318 5376 2416 5439 A_l1i
2439 5378 2534 5439 τῶν
2560 5377 2609 5439 ἐν
2631 5381 2689 5438 τῇ
2707 5382 2766 5438 γῇ
2787 5372 3201 5439 χρημάτωνᾸΠΙΓδ
3228 5373 3326 5424 duo
3343 5373 3619 5438 παιδεύσῃς,
3632 5370 3771 5422 πολὺν

2269 5394 2296 5416 υ
2318 5394 2416 5425 Alll
2440 5394 2534 5423 των
2560 5394 2609 5424 εν
2631 5394 2689 5438 τῃ
2707 5394 2848 5486 γσῃὲρ

2205 5441 2311 5487 λη..
2339 5437 2540 5484 ἐπαίνων
2559 5438 2640 5484 τὸν
2661 5455 2711 5498 μι
2802 5455 2848 5486 ν.

2265 5501 2284 5522 ⁸
2315 5499 2448 5561 unus
2472 5517 2489 5543 .-
2525 5500 2625 5546 Κᾶν
2662 5493 2791 5561 οὕτω
2832 5498 2912 5546 καὶ
2949 5497 3090 5553 αὐτὸς
3127 5497 3246 5561 φιλ,
3291 5497 3372 5561 καὶ
3412 5496 3612 5561 ἄλλους,
3639 5493 3772 5561 πομι

2208 5532 2490 5622 Μοίηῖὲῗῖἷιιὶ
2515 5532 2635 5620 ﬁgi}
2659 5532 2791 5608 ξ’ίλῖ
2801 5532 2927 5609 οὸζςζ)
2949 5532 3668 5622 ξῖὶζ’κέῖ’ἒίιτο’ξι“ξίἒι“”ἀὶἱϊδςζ
3673 5532 3768 5605 127:2

2277 5621 2294 5658 ἲ
2329 5621 2432 5671 Duo
2451 5635 2564 5669 mss.
2591 5622 2799 5683 θέατρον.
