4046 6146
234 331 338 390 957

227 442 364 500 tales
389 442 442 498 in
466 441 814 500 admiratione
833 444 1050 514 habere,
1071 454 1127 500 et
1145 445 1399 515 majorem
1424 460 1487 502 ex
1516 446 1618 501 illis
1646 446 1797 501 voluo

228 545 428 606 ptatem
470 548 692 603 capere,
724 544 778 592 et
803 536 1044 592 lucernas
1067 536 1121 590 in
1151 534 1265 591 loro
1287 535 1600 603 accendere,
1626 546 1681 592 et
1706 551 1801 592 co-

226 639 389 681 ronas
428 627 682 696 plectere,
726 627 943 697 puerilis
988 626 1265 699 cujusdam
1307 628 1551 683 amentia:
1588 636 1689 683 est.
1719 627 1802 684 Ab

226 717 330 772 hac
346 716 453 787 jam
478 717 832 773 imbecillitate
855 717 1106 774 liberatus
1126 733 1205 779 es.
1223 727 1277 773 et
1300 716 1351 772 in
1374 719 1543 772 virum
1562 717 1796 784 evasisti,

223 818 282 863 et
309 809 361 863 in
392 808 653 864 cmiestem
678 809 973 881 adscriptus
998 825 1057 866 es
1087 809 1459 881 rempublicam
1484 851 1500 876 ,
1532 824 1636 863 non
1674 824 1803 880 ergo

224 896 281 953 in
324 898 439 953 fore
467 899 726 955 accendas
763 899 938 955 lumen
980 899 1265 963 sensibile.
1291 899 1387 955 sed
1414 898 1464 953 in
1495 898 1674 953 animo
1708 913 1800 953 ac-

222 989 396 1043 cende
419 989 598 1044 iumen
624 989 914 1059 spirituale.
944 987 1128 1043 Lueeat
1148 990 1299 1054 enim,
1322 986 1508 1059 inquit,
1531 984 1621 1042 lua:
1642 999 1803 1044 vestra

222 1096 398 1135 coram
424 1081 725 1145 hominibus,
758 1066 812 1136 ut
840 1082 1039 1136 videant
1063 1081 1195 1136 bona
1219 1097 1373 1152 opera
1395 1091 1559 1136 vestra
1578 1123 1592 1144 .
1614 1091 1663 1136 et
1684 1078 1801 1154 glo-

222 1174 307 1225 ria
344 1173 574 1242 afﬁciant
598 1169 802 1228 Patrem
827 1182 1041 1229 uestrum
1066 1174 1309 1229 ealestem
1343 1170 1562 1246 (Matth.
1592 1170 1643 1228 5.
1674 1172 1798 1245 16).

222 1260 354 1316 Haec
382 1262 472 1316 lux
496 1261 713 1317 multam
742 1262 898 1320 aﬂ‘ert
917 1264 1009 1320 tibi
1029 1267 1536 1334 compensationem.
1563 1261 1679 1318 Noli
1705 1262 1802 1318 do-

223 1366 350 1408 mus
377 1361 478 1407 tum
506 1353 645 1409 iores
670 1355 828 1410 scrtis
849 1370 1109 1411 coronare
1129 1356 1171 1419 ί,
1197 1352 1290 1409 sed
1318 1354 1473 1408 talem
1497 1353 1616 1408 vita:
1640 1354 1798 1409 ratio-

225 1458 354 1497 nem
378 1442 603 1511 exhibe,
633 1452 691 1499 ut
726 1443 945 1514 iustitia:
977 1458 1225 1500 coronam
1254 1443 1412 1515 capiti
1441 1443 1738 1514 impositam
1767 1458 1798 1498 a

219 1534 423 1591 Christi
447 1551 603 1591 manu
622 1537 869 1608 accipias.
893 1535 1032 1592 Nihil
1054 1547 1271 1603 temere,
1293 1532 1423 1590 nihil
1441 1534 1802 1605 imprudenter

225 1625 321 1681 ﬂat
348 1643 364 1680 :
396 1625 466 1682 ita
490 1628 631 1683 enim
656 1627 849 1683 Paulus
870 1628 1141 1700 prmcepit,
1169 1628 1347 1683 omnia
1376 1627 1428 1681 iu
1453 1627 1678 1698 gloriam
1706 1624 1800 1682 Dei

224 1729 285 1773 nt
311 1717 610 1775 iaceremus
637 1737 652 1775 :
680 1719 799 1776 Siue
815 1722 966 1785 enim,
990 1719 1177 1790 inquit,
1196 1719 1356 1788 editis,
1384 1719 1487 1774 sive
1506 1717 1690 1785 bibitis,
1712 1734 1800 1773 seu

220 1810 350 1878 quid
372 1809 561 1881 facitis,
589 1811 758 1865 omnia
782 1813 851 1865 ad
875 1810 1089 1883 gloriam
1110 1809 1205 1864 Dei
1224 1810 1423 1881 faciatis
1459 1807 1533 1882 (1.
1562 1808 1681 1864 Cor.
1708 1807 1796 1864 i0.

221 1898 339 1972 5i).
370 1903 438 1957 At
460 1903 744 1968 quomodo,
768 1902 994 1973 inquies,
1014 1902 1175 1958 edere
1198 1910 1253 1957 et
1277 1900 1456 1957 bibere
1484 1899 1550 1956 ad
1576 1900 1796 1971 gloriam

224 1990 327 2044 Dei
350 1991 663 2059 possumus?
689 1991 917 2047 Accerse
940 2005 1246 2062 pauperem,
1265 1990 1572 2060 participem
1599 2004 1798 2044 mensa:

225 2090 333 2135 tua:
361 2080 523 2137 facias
546 2082 810 2136 Christum
830 2125 844 2149 ,
882 2090 937 2136 et
959 2081 1024 2136 ad
1052 2081 1274 2152 gloriam
1304 2080 1394 2134 Dei
1420 2079 1595 2146 edisti,
1623 2094 1686 2134 ac
1713 2077 1798 2133 bi-

225 2170 372 2225 bisti.
405 2171 475 2226 At
492 2185 597 2225 non
620 2171 719 2227 hoc
736 2173 905 2227 solum
931 2171 1177 2242 praecepit
1196 2170 1261 2225 ad
1285 2170 1506 2240 gloriam
1536 2169 1628 2224 Dei
1657 2168 1794 2236 ﬂeri,

218 2258 321 2315 sed
347 2269 401 2315 et
428 2260 626 2332 reliqua
653 2262 850 2329 omnia,
878 2270 933 2316 ut
958 2261 1011 2316 in
1037 2259 1208 2315 forum
1235 2258 1341 2327 ire,
1372 2259 1514 2315 domi
1539 2275 1599 2315 se
1620 2258 1794 2314 conti-

221 2350 355 2404 nere
382 2368 396 2404 :
430 2347 543 2406 haec
572 2362 789 2422 utraque
810 2362 1025 2423 prepter
1049 2350 1212 2406 Deum
1241 2349 1388 2405 ﬂant.
1436 2353 1504 2405 At
1530 2348 1797 2419 quomodo

222 2447 449 2509 utraque
473 2440 572 2494 ista
599 2440 724 2495 iieut
748 2451 964 2510 prepter
992 2440 1195 2495 Deum?
1235 2439 1456 2508 Quando
1498 2438 1565 2494 ad
1609 2439 1795 2495 Eccle-

221 2529 359 2584 siam
390 2530 597 2585 accedis
619 2572 635 2596 ,
675 2531 886 2601 quando
923 2531 1258 2601 precationis,
1297 2530 1507 2601 quando
1541 2530 1796 2586 doctrina:

222 2619 515 2687 spiritualis
556 2621 819 2692 particeps
853 2636 932 2688 es,
976 2621 1090 2677 hac
1137 2621 1434 2691 progressio
1473 2619 1539 2675 ad
1576 2620 1795 2692 gloriam

225 2710 322 2767 Dei
362 2719 464 2767 cst.
514 2711 716 2767 Rursus
741 2713 883 2768 domi
911 2714 1069 2770 etiam
1096 2713 1219 2770 licet
1245 2724 1460 2784 prepter
1484 2714 1647 2770 Deum
1678 2729 1794 2769 ma-

224 2815 376 2855 nere.
404 2800 718 2869 Quomodo?
742 2812 831 2857 aut
858 2817 959 2874 qua
989 2802 1232 2858 ratione?
1270 2802 1374 2874 Ubi
1413 2804 1677 2861 audiveris
1709 2811 1796 2859 tu-

223 2890 425 2945 multus
450 2890 813 2959 immodestos,
843 2873 1065 2963 pompas
1089 2873 1377 2949 diabolicas
1400 2935 1416 2961 ,
1448 2894 1602 2950 malis
1640 2903 1798 2965 atque

222 2980 698 3051 intetnperantibus
723 2983 1021 3038 hominibus
1047 2983 1216 3039 forum
1245 2984 1456 3054 plenum
1486 3000 1626 3052 esse,
1652 2985 1795 3041 domi

223 3080 460 3135 maneto,
488 3079 541 3126 et
565 3086 596 3126 a
624 3073 773 3127 turba
805 3073 891 3127 tali
915 3073 1190 3140 discedite,
1233 3083 1290 3130 et
1328 3074 1395 3129 ad
1438 3074 1658 3145 gloriam
1706 3075 1797 3130 Dei

227 3163 323 3217 tibi
353 3163 611 3220 mansisti.
658 3164 1111 3234 Quemadmodum
1155 3165 1295 3221 enim
1336 3175 1447 3221 tum
1487 3166 1628 3221 domi
1675 3180 1800 3236 per-

225 3255 455 3322 mansio,
481 3266 589 3310 tum
617 3257 850 3326 egressio
870 3257 1031 3324 foras,
1062 3259 1138 3314 sic
1168 3267 1277 3313 tum
1306 3259 1440 3324 laus,
1471 3266 1581 3313 tum
1602 3259 1801 3330 vitupe-

226 3348 365 3401 ratio
392 3361 599 3418 quoque
618 3347 684 3402 ad
714 3346 806 3404 Dei
830 3350 1048 3418 gloriam
1074 3363 1193 3404 esse
1218 3359 1409 3420 potest.

301 3436 565 3502 Quomodo
604 3454 871 3508 possumus
911 3450 959 3495 et
997 3440 1205 3495 laudare
1228 3450 1273 3494 et
1300 3441 1579 3512 vituperare
1596 3440 1666 3494 ad
1687 3441 1801 3512 glo~

226 3531 358 3586 riam
404 3531 608 3588 Dei.—
636 3533 912 3602 Quomodo
948 3544 1127 3589 autem
1172 3532 1238 3587 ad
1283 3533 1503 3604 gloriam
1543 3533 1637 3588 Dei
1678 3534 1802 3589 licet

227 3620 461 3691 aliquem
490 3622 706 3678 laudare
740 3636 803 3678 ac
826 3622 1167 3693 vituperare?
1212 3623 1421 3679 Sedetis
1444 3634 1585 3692 saepe
1610 3623 1661 3677 in
1686 3622 1805 3677 eiii-

227 3714 399 3782 cinis,
429 3715 618 3771 videtis
646 3716 917 3785 prmterire
951 3715 1192 3770 homines
1219 3714 1385 3770 malos
1419 3722 1575 3786 atque
1600 3714 1802 3785 impro-

229 3807 349 3873 bos,
376 3809 655 3878 supercilia
681 3809 1074 3874 contrahentes,
1099 3808 1328 3872 inﬂatos,
1351 3808 1440 3879 qui
1470 3807 1663 3863 multos
1686 3814 1806 3877 post

228 3914 292 3955 se
318 3901 573 3971 parasitos
617 3908 672 3956 et
715 3899 1016 3955 adulatores
1058 3899 1275 3964 ducunt,
1306 3899 1393 3969 qui
1422 3898 1677 3968 pretiosas
1705 3896 1804 3952 ha-

231 3990 358 4045 bent
379 4000 575 4058 vestes,
605 4000 659 4046 et
688 3992 852 4046 multo
876 3990 1013 4046 fastu
1042 3989 1380 4054 amiciuntur,
1405 3988 1693 4043 alienarum
1719 4002 1807 4044 re-

229 4096 349 4137 rum
375 4080 692 4150 direptores,
723 4089 880 4151 atque
901 4094 1108 4135 avaros.
1155 4079 1251 4135 llic
1287 4079 1330 4133 si
1370 4092 1686 4149 quemquam
1711 4091 1807 4133 au.

230 4171 431 4227 diveris
473 4172 777 4226 dicentem:
805 4185 978 4226 annon
1018 4170 1333 4240 praestabilis
1376 4169 1462 4224 hic
1499 4168 1599 4234 vir,
1628 4181 1805 4222 annon

232 4262 455 4316 beatus?
483 4261 715 4329 increpa,
735 4259 1010 4329 redargue,
1032 4274 1093 4313 os
1120 4258 1357 4325 obstrue,
1384 4257 1805 4323 commiserator,

228 4354 527 4425 lacrymare
554 4367 571 4405 :
602 4351 703 4405 hoc
731 4360 811 4404 est
835 4352 900 4404 ad
927 4350 1146 4419 gloriam
1178 4348 1268 4402 Dei
1301 4349 1622 4418 vituperare.
1654 4347 1808 4403 Vitu-

230 4443 441 4516 peratio
482 4440 623 4496 enim
663 4438 778 4495 talis
815 4438 1029 4508 reliquis
1074 4437 1418 4506 prresentibus
1455 4436 1523 4491 ad
1570 4436 1806 4506 philoso-

233 4533 411 4604 phiam
438 4541 491 4588 et
517 4532 760 4586 virtutem
785 4527 1058 4583 instructio
1087 4536 1197 4593 est,
1220 4535 1278 4581 ut
1317 4527 1369 4581 in
1406 4542 1492 4583 res
1523 4527 1589 4581 ad
1614 4528 1810 4581 victum

232 4633 535 4694 spectantes
564 4622 736 4677 minus
761 4620 977 4675 inhient.
1006 4618 1196 4686 Qumre
1221 4618 1287 4671 ab
1313 4618 1402 4673 illo
1423 4618 1509 4689 qui
1530 4617 1617 4673 illa
1640 4617 1771 4672 dixit
1795 4633 1809 4670 :

233 4730 332 4770 cur
347 4716 529 4769 beatus
546 4714 633 4768 hic
650 4711 763 4769 est?
780 4711 912 4767 Num
928 4711 1050 4782 quia
1065 4709 1425 4765 admirabilem
1444 4709 1602 4765 habet
1618 4724 1810 4780 equum

234 4817 292 4863 et
318 4821 479 4860 aureo
501 4805 649 4859 freno
674 4802 1025 4858 exornatum?
1052 4810 1142 4855 aut
1167 4801 1286 4870 quia
1316 4814 1563 4870 m--gnum
1594 4799 1818 4855 famula.

236 4896 386 4951 tum?
419 4904 509 4950 aut
547 4896 668 4966 quia
708 4894 1012 4965 prmclaram
1045 4893 1202 4947 habet
1228 4901 1454 4956 vestem,
1480 4901 1534 4947 et
1559 4892 1814 4949 ebrietate

237 4989 546 5058 deliciisque
583 4987 817 5058 quotidie
852 4986 1117 5041 solvitur?
1156 4985 1261 5041 Sed
1303 4985 1424 5041 inde
1466 4986 1628 5041 miser
1655 4997 1816 5056 atque

238 5078 421 5135 infelix
447 5087 549 5145 est,
579 5089 632 5133 et
670 5079 847 5133 multis
890 5078 1138 5150 lacrymis
1185 5077 1602 5147 prosequendus.
1650 5077 1816 5132 Video

238 5183 386 5228 certe
413 5187 506 5227 vos
533 5172 725 5226 nullam
755 5171 895 5251 illius
918 5180 1119 5242 partem
1150 5170 1368 5224 laudare
1399 5184 1575 5237 posse,
1599 5170 1693 5227 sed
1722 5185 1818 5224 ex-

241 5278 419 5325 ternas
447 5285 535 5324 res
557 5283 764 5337 omnes,
785 5285 999 5339 equum,
1023 5268 1246 5331 frenum,
1273 5283 1467 5333 vestes,
1490 5282 1608 5337 qum
1638 5261 1816 5318 omnia

240 5364 385 5419 nulla
419 5363 558 5417 illius
586 5378 707 5432 pars
734 5361 980 5417 existunt.
1014 5361 1105 5416 Die
1132 5376 1276 5431 ergo,
1310 5359 1433 5431 quid
1466 5355 1683 5414 omnino
1718 5354 1820 5410 nti-

246 5621 321 5681 ‘j
362 5620 437 5670 Sic
457 5626 562 5681 sar,
585 5625 636 5669 et
652 5618 749 5681 duo
773 5624 900 5668 tisse
920 5616 1011 5668 Sed
1030 5615 1154 5681 hanc
1175 5614 1283 5681 vita,
1300 5613 1530 5681 rationem
1551 5610 1742 5681 habeas,
1761 5613 1820 5681 ut

234 5678 324 5731 tibi
354 5693 489 5739 cura:
521 5679 580 5732 sit
619 5677 844 5742 accipere
867 5690 1100 5742 coronam
1110 5675 1335 5738 justitia’,
1357 5676 1419 5727 de
1456 5687 1599 5725 manu
1621 5671 1818 5731 (luisti,

241 5755 386 5805 super
411 5750 555 5807 eaput
578 5748 711 5792 tuum
727 5738 750 5792 ἐ
775 5738 894 5791 nihil
916 5747 1109 5800 temere,
1135 5748 1229 5789 etc.

1622 333 1687 391 iN
1715 333 2098 393 KALENDAS.

1906 447 2079 502 serius
2104 457 2224 501 esse
2251 450 2445 516 potest,
2469 457 2627 516 quam
2654 451 2711 499 ut
2737 457 2903 514 equus
2928 451 2983 499 et
3006 442 3131 515 equi
3156 441 3389 509 frenum,
3417 453 3471 499 et

1905 536 2130 592 vestium
2157 535 2407 606 splendor
2428 551 2489 591 ac
2513 533 2826 592 famulorum
2854 536 2991 591 bona
3014 536 3250 606 corporis
3273 534 3468 591 consti-

1906 627 2039 682 tutio
2080 625 2343 692 laudetur,
2374 627 2487 697 ipse
2513 626 2793 682 illaudatus
2832 640 3048 697 prorsus
3094 624 3475 694 praetereaturi

1903 714 2044 781 Quid
2081 731 2148 772 eo
2191 716 2403 771 homine
2441 717 2756 787 pauperius,
2791 714 3024 784 quicum
3055 715 3257 770 nullum
3283 714 3474 770 habeat

1905 805 2101 861 beuum
2130 805 2420 875 proprium,
2450 805 2535 861 vel
2557 804 2699 875 quod
2721 803 2844 860 hinc
2873 802 3038 873 possit
3064 804 3306 871 auferre,
3341 802 3472 859 alie-

1904 895 1989 950 nis
2011 894 2182 950 solum
2209 895 2369 951 rebus
2386 894 2708 950 exornetur?
2734 893 3010 966 Proprium
3029 894 3173 949 enim
3194 908 3476 948 ornamen-

1905 995 2015 1042 tum
2036 985 2334 1057 divitiasque
2363 995 2557 1040 nostrae
2590 992 2733 1050 sunt,
2763 998 2869 1038 non
2909 981 3108 1047 famuli,
3141 998 3244 1036 non
3275 992 3473 1048 vestes,

1902 1092 2012 1133 non
2057 1076 2200 1147 equi,
2242 1074 2336 1132 sed
2381 1075 2542 1129 animi
2582 1073 2767 1139 virtus,
2810 1073 2906 1129 sed
2950 1073 3208 1129 bonorum
3253 1086 3476 1144 operum

1904 1166 2242 1233 abundantia,
2274 1164 2369 1223 sed
2400 1164 2587 1221 ﬁducia
2615 1166 2667 1221 in
2693 1166 2879 1220 Deum.

1972 1258 2026 1314 4.
2058 1258 2259 1313 Rursus
2288 1273 2408 1312 cum
2439 1256 2632 1310 videris
2660 1270 2947 1326 pauperem
2974 1253 3269 1324 abiectum,
3310 1268 3460 1322 spre—

1905 1358 2037 1412 tum,
2065 1364 2186 1404 cum
2216 1349 2431 1419 penuria
2451 1359 2504 1404 et
2533 1350 2725 1403 virtute
2746 1346 2905 1401 vitam
2932 1346 3331 1415 transigentem,
3362 1355 3415 1399 et
3440 1361 3468 1398 a

1900 1440 2191 1508 sodalibus,
2221 1440 2310 1512 qui
2338 1448 2514 1496 tecum
2543 1447 2686 1505 sunt,
2712 1440 2964 1494 miserum
2981 1436 3235 1501 habitum,
3259 1435 3476 1491 laudato

1903 1532 2083 1587 illum:
2111 1530 2227 1586 htec
2251 1530 2617 1600 prmtcreuntis
2640 1529 2783 1596 laus,
2812 1527 3073 1584 institutio
3096 1535 3177 1582 est
3202 1535 3256 1581 et
3280 1525 3469 1581 adlicit"

1903 1623 2031 1678 talio
2075 1621 2152 1685 ad
2186 1621 2377 1677 bonam
2397 1628 2453 1676 et
2476 1621 2754 1676 honestam
2780 1618 2938 1673 vitam
2961 1613 3372 1687 transigendam.
3413 1614 3469 1671 Si

1901 1712 2165 1779 dixerint,
2197 1725 2530 1768 aerumnosas
2561 1719 2616 1767 et
2643 1709 2806 1766 miser
2847 1717 2963 1765 est:
3009 1715 3066 1761 tu
3114 1714 3296 1761 contra
3326 1705 3471 1759 illum

1902 1804 2139 1860 omnium
2166 1802 2527 1858 beatissimum
2553 1798 2779 1870 praedico
2800 1840 2817 1866 ,
2838 1796 2929 1868 qui
2956 1797 3121 1851 Deum
3150 1795 3308 1849 habet
3336 1795 3472 1848 ami-

1901 1910 2022 1952 cum
2055 1935 2072 1960 ,
2115 1893 2209 1965 qui
2261 1893 2441 1947 virtuti
2485 1891 2780 1956 incumbit,
2826 1889 2914 1960 qui
2944 1888 3153 1943 divitias
3183 1903 3287 1942 non
3305 1886 3474 1942 ﬂuxas

1899 1985 2170 2057 possidet,
2200 1984 2288 2055 qui
2317 1983 2694 2041 conscientiam
2723 1980 2881 2035 habet
2901 1994 3107 2050 puram.
3152 1977 3287 2046 Quid
3328 1977 3471 2031 enim

1901 2075 1978 2131 illi
2019 2073 2346 2130 incommodi
2376 2083 2459 2128 est
2483 2114 2497 2138 ,
2541 2072 2585 2127 si
2615 2071 2854 2142 pecuniis
2880 2069 3104 2124 terrenis
3132 2075 3321 2138 egeat,
3350 2081 3470 2121 cum

1899 2166 2017 2220 caeli
2059 2174 2115 2222 et
2155 2165 2441 2221 emlestium
2473 2162 2820 2218 hereditatem
2870 2160 3109 2216 aditurus
3152 2158 3264 2213 sit?
3305 2157 3360 2213 Si
3413 2168 3471 2213 tu

1900 2273 2021 2313 cum
2040 2256 2145 2312 illis
2171 2256 2248 2312 sic
2272 2254 2642 2326 disputaveris,
2661 2262 2714 2308 et
2743 2253 2862 2307 illos
2881 2262 3040 2322 atque
3063 2250 3198 2306 alios
3223 2250 3469 2304 institue-

1901 2349 1976 2405 ris
1999 2391 2013 2412 ,
2038 2362 2282 2419 magnam
2296 2346 2520 2417 recipies
2533 2354 2642 2400 tum
2659 2343 3060 2415 vituperationis
3076 2350 3183 2396 tum
3208 2339 3472 2397 laudatio-

1898 2439 1983 2495 nis
2002 2448 2105 2495 tna:
2135 2437 2457 2505 mercedem,
2479 2452 2599 2493 eum
2619 2444 2842 2505 utraque
2856 2433 2921 2489 ad
2935 2433 3155 2504 gloriam
3171 2432 3262 2487 Dei
3290 2430 3468 2487 facias.

1898 2529 2051 2600 Quod
2074 2542 2248 2586 autem
2275 2543 2607 2599 nequaquam
2640 2536 2837 2581 temere
2848 2525 3081 2579 animum
3100 2532 3240 2579 tuum
3257 2522 3340 2577 his
3353 2538 3474 2576 ver-

1899 2624 1980 2678 bis
2007 2621 2335 2694 pellexerim,
2357 2620 2450 2676 sed
2467 2617 2607 2691 quod
2628 2633 2721 2689 per
2736 2632 2921 2688 magna
2939 2615 3177 2687 quzedam
3195 2614 3281 2680 iis,
3297 2613 3382 2684 qui
3402 2612 3474 2667 ita

1899 2711 2075 2766 animo
2101 2711 2369 2768 constituti
2398 2720 2540 2775 sunt,
2558 2724 2588 2763 a
2618 2709 2723 2763 Deo
2742 2704 3102 2777 compensatio
3132 2703 3302 2759 futura
3316 2701 3405 2769 sit,
3425 2710 3480 2754 et

1900 2798 1954 2864 in
1974 2822 2180 2864 summa
2193 2805 2297 2862 hoc
2317 2805 2505 2859 virtute
2534 2804 2804 2867 habeatur,
2820 2801 2887 2855 ita
2914 2799 2982 2855 de
3002 2797 3103 2853 illis
3122 2796 3299 2868 quisic
3319 2794 3477 2850 vitam

1899 2898 2091 2969 degunt
2109 2904 2359 2951 statuere:
2378 2894 2497 2949 audi
2511 2892 2633 2964 quid
2653 2890 2905 2962 propheta
2919 2887 3199 2956 dieat,etin
3216 2900 3321 2956 quo
3334 2890 3481 2939 recte

1906 2982 2163 3045 factorum
2194 3001 2416 3042 numero
2453 2990 2634 3054 ponat,
2666 2992 2775 3036 tum
2815 2978 2982 3033 malos
3001 2976 3244 3031 homines
3269 2987 3366 3043 pro
3391 2972 3477 3026 ni-
3510 3049 3516 3053 ν

1905 3080 2015 3136 hilo
2037 3079 2252 3140 habere,
2281 3084 2391 3129 tum
2415 3076 2662 3128 timentes
2690 3071 2852 3125 Deum
2874 3066 3036 3138 gloria
3063 3063 3292 3118 afﬁcere.
3322 3062 3475 3115 Post-

1906 3185 2063 3242 quam
2111 3168 2252 3222 enim
2293 3165 2522 3234 reliquas
2551 3162 2773 3217 virtutes
2818 3161 3286 3213 commemorasset
3315 3151 3477 3214 illius,

1906 3261 1996 3331 qui
2025 3275 2056 3314 a
2089 3259 2197 3313 Deo
2227 3254 2567 3312 honorandus
2592 3261 2766 3318 esset,
2797 3258 2852 3306 et
2881 3247 3100 3302 dixisset
3123 3244 3334 3315 qualem
3359 3258 3479 3299 esse

1908 3352 2058 3408 illum
2085 3355 2373 3420 oporteret,
2401 3345 2559 3417 quiin
2586 3350 2770 3398 sancto
2798 3340 2938 3394 illius
2963 3332 3303 3391 tabernaculo
3327 3331 3477 3387 babi-

1910 3455 2114 3501 taturus
2137 3450 2302 3505 esset,
2327 3441 2426 3493 hoc
2443 3445 2545 3501 est,
2574 3434 2897 3503 inculpatum
2916 3472 2932 3496 ,
2963 3440 3017 3484 et
3039 3429 3299 3483 colentem
3317 3424 3476 3495 justi-

1910 3534 2059 3597 tiam,
2089 3542 2145 3588 et
2169 3546 2198 3585 a
2229 3528 2457 3599 nequitia
2489 3538 2736 3590 vacuant,
2761 3524 2918 3577 etiam
2946 3516 3312 3586 hoesubjecit:
3352 3528 3476 3569 cum

1907 3625 2151 3688 dixisset,
2177 3622 2274 3691 Qui
2298 3638 2400 3675 non
2420 3619 2625 3673 dolosas
2655 3617 2750 3685 fuit
2771 3615 2942 3682 lingua
2964 3626 3077 3674 sua,
3110 3625 3198 3662 nec
3222 3607 3337 3681 fecit
3359 3622 3481 3677 pro-

1907 3718 2046 3773 :rimo
2073 3731 2164 3770 suo
2189 3711 2377 3767 malum
2397 3728 2414 3776 ;
2438 3709 2632 3778 adjecit
2656 3723 2671 3760 :
2701 3705 2781 3760 Ad
2821 3702 3035 3758 nihilum
3074 3699 3320 3753 deductus
3338 3696 3486 3751 estin

1910 3813 2174 3874 conspectu
2197 3804 2306 3874 ejus
2332 3800 2602 3868 malignus,
2632 3798 2857 3851 timentes
2884 3802 3051 3848 autem
3080 3790 3353 3845 Dominum
3375 3788 3486 3860 glo-

1909 3899 1987 3952 ria
2007 3895 2155 3967 afﬁcit
2184 3894 2203 3963 (
2232 3891 2374 3947 Psal.
2424 3889 2508 3945 14.
2550 3888 2604 3945 5.
2642 3887 2675 3942 ι
2701 3885 2743 3958 ).
2789 3884 2884 3940 liis
2929 3881 3106 3937 verbis
3159 3879 3486 3935 demonstrat

1912 4005 2075 4045 unum
2107 3989 2223 4054 ejus
2253 3983 2481 4040 cilicium
2506 3994 2646 4045 esse,
2679 3977 2847 4032 malos
2870 3983 3213 4030 contemnere
3233 4012 3249 4037 ,
3271 3968 3487 4025 laudare

1915 4090 1971 4135 et
2000 4080 2159 4134 beare
2183 4075 2353 4130 bonos
2385 4092 2397 4126 :
2429 4081 2484 4128 et
2511 4070 2634 4125 alibi
2665 4067 2804 4122 idem
2852 4062 3166 4134 signiﬁcavit
3189 4074 3311 4114 cum
3339 4057 3485 4113 dice-

1912 4179 2026 4227 ret:
2062 4166 2193 4222 Mihi
2215 4175 2382 4220 autem
2418 4162 2568 4217 nimis
2606 4157 2838 4215 honorati
2861 4162 2979 4210 sunt
3016 4153 3167 4207 amici
3201 4150 3296 4215 tui,
3334 4147 3487 4213 Dens,

1912 4261 2062 4316 nimis
2105 4259 2420 4325 confortatus
2447 4262 2518 4307 est
2549 4249 2862 4322 principatus
2915 4258 3087 4300 eorum
3134 4241 3153 4311 (
3182 4238 3330 4293 Psal.
3364 4238 3485 4319 lSS.

1915 4355 2048 4423 17).
2076 4351 2243 4420 Quem
2291 4349 2432 4404 Deus
2485 4342 2708 4406 laudat,
2738 4347 2795 4393 tu
2845 4351 2913 4392 ne
2957 4336 3242 4404 vituperes.
3290 4327 3495 4384 Laudat

1914 4456 2092 4501 autem
2119 4456 2261 4505 eum,
2293 4438 2382 4509 qui
2409 4450 2529 4492 cum
2573 4431 2775 4502 iustitia
2822 4425 2989 4492 vivit,
3020 4423 3263 4495 quamvis
3291 4432 3492 4491 pauper

1914 4540 2006 4593 sit.
2029 4538 2198 4606 Quem
2231 4536 2368 4589 Deus
2382 4535 2678 4593 aversatur,
2695 4534 2750 4579 tu
2768 4537 2834 4579 ue
2857 4517 3187 4576 laudaveris:
3217 4521 3492 4569 aversatur

1918 4603 2095 4685 autem
2120 4640 2331 4682 omnem
2361 4623 2451 4694 qui
2477 4634 2598 4676 cum
2626 4614 2858 4687 nequitia
2881 4610 3030 4678 vivit,
3052 4605 3295 4679 quamvis
3310 4603 3490 4659 multis

1918 4722 2105 4794 Opibus
2124 4715 2474 4776 circumﬂuat.
2498 4711 2602 4768 Sed
2632 4710 2743 4764 sive
2769 4701 3067 4761 laudaveris
3093 4740 3110 4767 ,
3138 4700 3249 4794 sive
3289 4697 3495 4794 vitupe-

1919 4783 2140 4877 raveris,
2177 4817 2397 4877 utraque
2420 4803 2484 4859 ad
2507 4801 2597 4857 Dei
2615 4798 2938 4854 voluntatem
2959 4791 3137 4848 iacias.
3162 4786 3309 4843 Licet
3335 4783 3496 4877 etiam

1921 4904 1986 4960 ad
2016 4874 2238 4973 gloriam
2272 4874 2363 4953 Dei
2404 4895 2700 4963 ohjnrgare.
2740 4888 2859 4956 Quo
2883 4883 3094 4939 tandem
3121 4876 3317 4934 modo?
3360 4874 3496 4973 Erga

1923 4962 2110 5051 servos
2133 5000 2344 5044 nostros
2387 4999 2526 5055 szrpe
2553 4983 2729 5036 anitno
2769 4986 3200 5033 commovemur:
3232 4962 3500 5037 quomodo

1921 5092 2097 5138 autem
2131 5080 2254 5134 licet
2303 5086 2517 5147 propter
2543 5073 2706 5126 Deum
2736 5061 3054 5138 objurgarei
3091 5059 3146 5114 Si
3175 5056 3499 5147 ebriumant

1923 5174 2187 5231 furentem
2213 5146 2409 5225 videris
2434 5167 2518 5220 vel
2548 5177 2757 5219 servum
2784 5203 2798 5223 ,
2841 5158 2925 5212 vel
2957 5153 3206 5215 amicum,
3236 5148 3318 5202 vel
3336 5146 3498 5200 alium

1923 5263 2224 5336 quempiam
2249 5258 2603 5331 propinquum
2647 5260 2794 5306 tuum
2822 5288 2841 5315 ,
2872 5253 2964 5300 aut
3005 5244 3057 5297 in
3089 5242 3349 5336 theatrum
3372 5250 3499 5291 cur-

1925 5328 2152 5417 rentem,
2183 5328 2274 5408 aut
2299 5328 2527 5404 animam
2551 5359 2699 5400 suam
2730 5338 2861 5394 nihil
2888 5343 3183 5397 curantem,
3207 5338 3297 5385 aut
3317 5328 3505 5399 juran.

1926 5456 2058 5510 tem,
2081 5452 2174 5499 aut
2202 5443 2551 5511 pejorantem,
2584 5440 2677 5487 aut
2703 5428 3047 5484 mentientem
3072 5436 3088 5477 :
3116 5419 3451 5511 stomachus
3479 5454 3499 5483 ,

1927 5508 2132 5609 punito,
2162 5508 2378 5596 revoca,
2407 5526 2632 5594 corrige,
2659 5529 2714 5577 et
2737 5520 2852 5574 btec
2885 5515 3060 5570 omnia
3090 5519 3309 5609 propter
3332 5508 3498 5609 Deum

1928 5597 2127 5684 iecisti.
2141 5624 2198 5681 Si
2221 5637 2344 5692 erga
2373 5629 2426 5675 te
2453 5621 2760 5688 peccantem
2785 5606 2981 5687 videris
2999 5646 3015 5674 ,
3044 5612 3136 5660 aut
3162 5602 3391 5673 aliquam
3409 5597 3501 5692 oi-

1931 5718 2032 5775 iicii
2055 5724 2256 5789 partem
2279 5689 2400 5784 erga
2424 5720 2475 5767 te
2499 5707 2578 5789 sui
2609 5699 3093 5778 prtetermittentem
3125 5739 3139 5763 ,
3165 5693 3378 5751 remitte
3406 5689 3508 5747 hoc
