4046 6146
513 318 622 376 959

518 439 584 502 ei,
612 446 664 491 et
685 435 933 491 remisisti
964 445 1180 506 propter
1205 435 1393 491 Deum.
1417 435 1570 491 Nune
1593 451 1719 492 vero
1740 436 1889 491 multi
1913 443 2101 490 contra

515 529 716 582 faciunt
756 543 878 582 eum
915 543 1039 598 erga
1063 528 1263 582 amicos
1295 566 1312 594 ,
1345 535 1455 581 tum
1483 541 1606 596 erga
1633 541 1818 581 servos
1846 543 1860 579 :
1891 525 2106 596 quando

514 621 657 674 enim
683 633 806 688 erga
837 633 896 672 se
917 618 1004 672 alii
1028 627 1266 690 peccant,
1290 617 1469 673 acerbi
1496 616 1957 687 inexorabilesque
1984 624 2108 671 sunt

513 708 747 778 iudices:
775 709 988 779 quando
1018 718 1196 764 autem
1229 710 1280 763 in
1322 709 1486 764 Deum
1532 708 1902 764 contumeliosi
1930 717 2052 762 sunt
2085 750 2100 774 ,

513 809 566 855 et
592 817 717 856 suas
741 801 979 871 ipsorum
1012 801 1240 871 perdunt
1265 802 1468 856 animas
1497 841 1513 868 ,
1546 801 1748 856 nullam
1771 803 1890 871 ejus
1919 801 1996 856 rei
2023 817 2106 855 ra-

519 892 716 946 tionem
761 892 976 948 habent.
1022 892 1225 948 Rursus
1273 893 1428 947 amici
1459 894 1552 947 tibi
1605 893 1914 962 acquirendi
1943 892 2109 948 sunt?

517 983 742 1052 Propter
788 984 956 1038 Deum
990 984 1272 1055 acquirito.
1315 984 1516 1038 Inimici
1552 985 1643 1038 tibi
1666 985 1908 1054 capiendi
1946 984 2111 1038 sunt?

518 1073 746 1143 Propter
789 1075 952 1130 Deum
983 1075 1178 1145 capite.
1236 1077 1307 1130 At
1334 1075 1599 1145 quomodo
1639 1075 1794 1130 amici
1825 1085 1880 1131 et
1909 1075 2107 1130 inimici

519 1177 736 1236 propter
760 1167 924 1222 Deum
948 1166 1260 1237 acquirendi
1287 1167 1452 1222 sunt?
1477 1167 1533 1223 Si
1554 1184 1659 1221 non
1688 1167 1952 1222 amicitias
1991 1167 2107 1222 illas

516 1261 848 1330 colligamus,
868 1259 1009 1314 unde
1039 1259 1292 1329 pecunias
1318 1274 1530 1330 cogere,
1559 1273 1757 1313 mensae
1779 1259 2108 1314 consortium

519 1351 719 1407 habere
743 1392 759 1418 ,
784 1350 1078 1406 humanum
1101 1351 1455 1421 patrocinium
1493 1351 1748 1420 consequi
1774 1350 2068 1419 poterimus
2094 1367 2108 1403 :

517 1442 615 1497 sed
664 1442 785 1497 illos
835 1456 1223 1512 prosequamur
1273 1449 1328 1496 et
1377 1441 1713 1517 acquiramus
1747 1440 1986 1505 amicos,
2019 1441 2111 1510 qui

518 1540 750 1588 mentem
779 1540 1017 1588 nostram
1049 1531 1357 1599 moderari,
1389 1531 1667 1586 consulere
1695 1531 1915 1585 honesta
1939 1571 1954 1596 ,
1990 1545 2111 1600 pec-

520 1633 706 1678 cantes
734 1623 1034 1693 increpare,
1067 1623 1437 1693 delinquentes
1456 1637 1702 1693 arguere,
1739 1621 2116 1692 supplantatos

520 1714 748 1783 erigere,
776 1714 1001 1768 consilio
1024 1729 1086 1769 ac
1115 1714 1360 1783 precibus
1387 1711 1542 1782 opem
1569 1713 1710 1768 ferre
1730 1754 1745 1779 ,
1776 1723 1830 1768 et
1857 1713 1924 1768 ad
1946 1713 2112 1768 Deum

519 1804 786 1859 adducere
813 1813 1052 1874 possunt.
1081 1804 1283 1859 Rursus
1325 1805 1570 1859 inimicos
1618 1805 1747 1860 licet
1775 1803 1952 1860 facere
1987 1820 2114 1875 pro-

520 1903 636 1963 pter
669 1894 855 1948 Deum.
889 1894 944 1950 Si
976 1894 1173 1950 videris
1205 1894 1432 1964 aliquem
1462 1896 1902 1965 intemperantem
1923 1937 1938 1962 ,
1969 1895 2114 1949 nefa-

521 1983 679 2047 rium,
706 1983 951 2054 nequitia:
972 1985 1210 2054 plenum,
1237 1983 1810 2055 opinimtibusitnpuris
1834 1985 2110 2052 refertum,

520 2075 947 2145 supplantantem
975 2086 1025 2129 te
1051 2091 1114 2130 ac
1135 2075 1228 2129 tibi
1255 2091 1448 2130 nocere
1477 2077 1802 2145 cupientem,
1824 2074 2036 2140 recede,
2061 2083 2115 2128 et

523 2165 728 2226 resilias
749 2165 815 2219 ab
845 2167 966 2219 illo:
996 2166 1073 2220 sic
1099 2166 1239 2220 enim
1261 2165 1504 2220 Christus
1520 2167 1673 2236 jubet
1692 2184 1705 2221 :
1725 2165 1786 2220 Si
1806 2167 1980 2220 oculus
2000 2177 2116 2220 tuus

527 2259 701 2311 dexter
715 2256 1028 2312 scandalizat
1055 2267 1118 2324 te,
1138 2273 1255 2312 erue
1275 2273 1407 2323 eum,
1430 2266 1477 2311 et
1498 2257 1692 2327 projice
1728 2256 1814 2310 abs
1837 2268 1884 2310 te
1901 2255 2111 2327 (Matth.

525 2346 579 2400 5.
597 2346 712 2416 9.9).
732 2345 842 2400 Hoc
860 2362 1050 2415 nempe
1072 2347 1340 2416 prmcepit,
1362 2347 1629 2402 utamicos
1641 2361 1773 2417 quos
1792 2362 1942 2416 mque
1959 2357 2116 2416 atque

525 2440 706 2494 Oculos
750 2454 904 2494 caros
946 2439 1109 2495 habes
1140 2481 1154 2505 ,
1203 2448 1258 2495 et
1283 2441 1350 2496 ad
1373 2456 1587 2495 omnem
1609 2440 1730 2494 vitze
1759 2455 1911 2494 usum
1933 2454 2117 2494 necesp

523 2530 694 2585 sarios
713 2571 729 2597 ,
777 2530 823 2585 si
847 2531 1038 2586 anima:
1067 2531 1226 2584 saluti
1257 2537 1508 2599 noceant,
1540 2538 1782 2598 amputes
1798 2541 1846 2583 et
1876 2528 2113 2598 abjicias.

525 2621 581 2676 Si
615 2623 669 2675 in
695 2631 891 2676 emtum
919 2621 1194 2676 hominum
1225 2619 1487 2690 prodieris
1505 2663 1520 2688 ,
1545 2629 1599 2676 et
1625 2621 1784 2676 verba
1807 2621 1969 2674 multa
1995 2636 2115 2676 cum

527 2712 647 2765 aliis
669 2710 876 2778 feceris,
897 2719 1114 2781 propter
1136 2712 1300 2766 Deum
1324 2709 1426 2766 hoc
1442 2709 1601 2765 facito
1619 2729 1630 2765 :
1647 2711 1692 2765 si
1723 2712 1969 2774 tacueris,
1988 2727 2114 2781 pro-

526 2812 646 2872 pter
664 2802 828 2857 Deum
849 2803 1123 2858 taceto.At
1143 2801 1409 2872 quomodo
1437 2801 1490 2857 in
1517 2813 1657 2857 coetu
1683 2804 1883 2858 versari
1903 2815 2118 2874 propter

527 2893 694 2949 Deum
714 2893 878 2949 licet?
897 2894 952 2950 Si
974 2910 1095 2950 cum
1120 2893 1239 2949 aliis
1261 2894 1473 2962 sedens,
1489 2910 1593 2951 non
1619 2894 1687 2951 de
1711 2896 1870 2951 rebus
1894 2895 2119 2950 saecula-

527 2987 672 3040 ribus
701 2985 956 3053 disseras,
985 3001 1155 3056 neque
1177 2985 1245 3040 de
1273 2985 1336 3040 iis
1364 3002 1481 3057 quae
1504 2986 1655 3042 nobis
1682 2985 1838 3056 plane
1873 3001 2059 3056 parum
2095 3025 2110 3052 ,

527 3087 619 3132 aut
649 3077 781 3132 nihil
802 3077 1111 3133 conducunt
1137 3118 1154 3146 ,
1182 3077 1278 3134 sed
1301 3077 1368 3134 de
1388 3078 1646 3148 religione
1670 3086 1848 3132 nostra
1882 3120 1897 3145 ,
1940 3077 2007 3133 de
2027 3094 2119 3148 ge-

529 3169 725 3234 henna,
753 3168 822 3224 de
851 3184 1016 3240 regno
1041 3169 1456 3235 caelorum,non
1482 3179 1661 3224 autem
1691 3167 1758 3223 de
1803 3169 1962 3223 rebus
2000 3169 2116 3223 ina-

501 3315 505 3318 .
529 3263 683 3319 nibus
712 3270 804 3317 aut
825 3261 1251 3334 supervacaneis,
1271 3262 1421 3331 cujus
1435 3261 1644 3332 generis
1666 3261 1780 3316 luce
1804 3271 1960 3315 sunt:
1989 3261 2118 3329 Quis

529 3356 895 3426 magistratum
925 3355 1079 3409 iniit?
1116 3355 1246 3422 Quis
1273 3356 1638 3425 magistratum
1667 3355 1880 3409 amisit?
1909 3355 2022 3422 Qua
2049 3354 2118 3409 de

529 3461 688 3502 causa
711 3447 793 3501 hic
816 3445 1097 3501 mulctatus
1124 3445 1252 3500 est?
1281 3444 1430 3500 Unde
1457 3445 1544 3499 ille
1569 3444 1804 3499 lucratus
1833 3455 1934 3510 est,
1961 3453 2016 3498 et
2042 3444 2120 3498 lo-

531 3538 926 3607 cupletissimus
945 3537 1147 3592 evasit?
1176 3535 1314 3604 Quid
1345 3538 1432 3592 ille
1459 3537 1581 3591 huic
1605 3537 1820 3607 reliquit
1849 3538 2119 3592 moriens?

540 3629 820 3695 Quomodo
846 3628 934 3682 ille
958 3628 1025 3681 ab
1047 3627 1343 3682 hereditate
1370 3627 1557 3690 abfuit,
1589 3643 1710 3682 cum
1732 3629 1783 3682 in
1813 3629 1997 3697 primis
2027 3628 2120 3684 hc-

531 3719 748 3774 redibus
768 3733 827 3773 se
852 3718 918 3772 ad
941 3717 1277 3773 scribendum
1297 3719 1597 3787 putaverit?
1620 3720 1697 3772 Ac
1724 3719 1888 3773 multa
1909 3720 2010 3773 alia
2038 3719 2120 3774 his

532 3810 744 3865 similia.
779 3810 853 3864 De
881 3807 963 3863 bis
985 3809 1144 3864 rebus
1168 3818 1344 3863 autem
1379 3825 1550 3879 neque
1577 3825 1674 3864 nos
1699 3809 2118 3878 confabulemur,

533 3919 708 3974 neque
732 3903 865 3957 alios
889 3902 1214 3957 confabulari
1241 3902 1642 3972 permittamus;
1690 3903 1784 3958 sed
1809 3902 2118 3958 considere-

534 4012 655 4052 mus
685 3995 861 4064 potius
890 3994 1080 4065 quibus
1108 3992 1264 4048 dietis
1308 4003 1396 4049 aut
1444 3992 1598 4050 factis
1629 3994 1738 4049 Deo
1768 3994 2118 4064 placebimus.

535 4087 740 4158 Rursus
769 4089 972 4156 poteris
999 4095 1216 4155 propter
1245 4085 1412 4140 Deum
1436 4084 1615 4152 silere,
1644 4085 1948 4156 exagitatus
1968 4127 1982 4151 ,
2006 4086 2120 4140 vio-

535 4180 694 4246 latus,
724 4179 923 4233 innita
954 4177 1092 4232 mala
1121 4193 1327 4247 passus,
1356 4176 1401 4230 si
1429 4175 1567 4232 feras
1591 4191 1873 4247 generose,
1893 4185 1946 4231 et
1975 4177 2120 4231 nulla

538 4269 819 4325 maledicta
847 4268 1047 4324 referas
1070 4269 1143 4322 illi
1171 4269 1256 4338 qui
1290 4267 1406 4322 haec
1431 4267 1749 4339 designavit.
1794 4268 1909 4324 Non
1938 4276 2118 4323 autem

533 4363 752 4418 laudare
775 4362 943 4416 solum
967 4371 1020 4416 et
1043 4362 1340 4430 vituperare
1363 4401 1378 4425 ,
1429 4354 1700 4414 nec'domi
1747 4375 1964 4416 manere
1991 4400 2008 4428 ,
2034 4369 2124 4416 aut

537 4452 681 4507 foras
713 4453 808 4517 ire,
837 4467 941 4506 non
961 4452 1124 4522 loqui,
1146 4460 1237 4506 aut
1258 4451 1436 4516 silere,
1455 4451 1548 4506 sed
1565 4452 1725 4506 etiam
1744 4450 1892 4515 ere,
1919 4451 2120 4517 dolere,

539 4556 594 4596 et
620 4543 787 4596 laetari
830 4557 1041 4611 quoque
1077 4541 1144 4594 ad
1180 4541 1402 4610 gloriam
1435 4541 1530 4595 Dei
1558 4541 1699 4594 licet.
1731 4540 1953 4608 Quando
1979 4541 2123 4596 enim

541 4633 627 4688 vel
655 4633 870 4687 fratrem
890 4633 1090 4687 videris
1117 4642 1448 4702 peccantem,
1479 4633 1562 4687 vel
1591 4635 1818 4702 teipsum
1851 4635 1905 4688 in
1936 4649 2125 4704 pecca-

541 4735 654 4781 tum
679 4725 892 4796 aliquod
918 4724 1217 4792 delapsum,
1250 4722 1446 4778 deinde
1467 4723 1783 4793 ingemiscas
1809 4765 1825 4790 ,
1858 4739 1921 4779 ac
1945 4725 2124 4780 animo

540 4815 942 4882 tutereasJiaud
967 4813 1326 4884 pmnitendam
1348 4814 1574 4868 salutem
1589 4829 1653 4869 ex
1676 4813 1778 4870 hoc
1796 4814 2121 4870 lucrifecisti:

539 4907 991 4979 quemadmodum
1009 4906 1205 4960 Paulus
1233 4905 1308 4958 ait
1331 4921 1346 4959 :
1395 4905 1495 4970 Qui
1542 4905 1816 4959 secundum
1835 4904 2003 4960 Deum
2028 4906 2125 4960 do-

540 5001 620 5054 lor
640 5008 733 5064 est,
755 4999 968 5053 salutem
988 4996 1128 5050 haud
1148 4995 1490 5067 paenitendum
1518 4994 1662 5066 eicit
1685 4995 1766 5066 (2.
1789 4995 1906 5052 Cor.
1931 4998 1984 5051 7.
2008 4998 2123 5070 10).

539 5093 596 5150 Si
623 5092 900 5148 florentem
928 5088 1152 5145 alterum
1169 5089 1350 5144 videas
1369 5129 1384 5154 ,
1412 5089 1580 5143 nolito
1607 5089 1680 5144 illi
1707 5089 1963 5145 continuo
1988 5090 2126 5146 invi-

543 5184 692 5251 dere,
725 5184 820 5240 sed
852 5184 962 5238 Deo
983 5224 998 5249 ,
1023 5183 1113 5254 qui
1163 5193 1270 5236 tam
1321 5180 1638 5252 praeclarum
1687 5180 1866 5236 effecit
1908 5181 2125 5237 fratrem

543 5288 693 5334 tuutn
719 5317 733 5344 ,
763 5277 983 5348 perinde
1002 5291 1066 5331 ac
1091 5275 1157 5332 de
1185 5274 1413 5346 propriis
1453 5273 1608 5330 bonis
1635 5272 1831 5343 gratias
1855 5274 1996 5344 agito
2026 5313 2042 5341 ,
2073 5283 2128 5330 et

544 5369 703 5440 hujus
725 5370 923 5425 laztitire
953 5383 1300 5439 permagnum
1332 5366 1498 5421 habes
1525 5365 1777 5420 fructum.

617 5463 672 5518 5.
709 5462 1006 5516 Invidorum
1030 5459 1326 5514 miserabilis
1346 5458 1677 5513 conditio.
1707 5457 1843 5522 Quid
1871 5457 2013 5512 enim
2042 5459 2126 5512 in-

546 5555 684 5611 vidis
721 5553 1024 5609 hominibus
1047 5559 1132 5606 est
1161 5549 1535 5616 miserabilius,
1579 5547 1772 5619 quibus
1809 5565 1930 5604 cum
1975 5548 2130 5605 liceat

549 5643 782 5714 gaudere
813 5684 829 5708 ,
872 5652 928 5697 et
954 5643 1182 5696 fructum
1209 5641 1406 5695 laetitize
1425 5655 1536 5694 sum
1559 5655 1751 5708 capere
1774 5681 1788 5706 ,
1822 5640 1918 5710 ipsi
1951 5650 2126 5696 tamen

550 5736 754 5794 malunt
783 5741 1000 5805 propter
1028 5733 1229 5788 alienas
1256 5730 1532 5788 felicitates
1560 5730 1744 5789 dolere
1802 5744 1852 5791 et
1883 5752 2005 5792 cum
2027 5736 2125 5792 do-

1209 320 1267 378 S.
1303 319 1580 378 JOANNIS
1615 317 2088 377 CIIRYSOSTOMI
2128 314 2445 374 ARCHIEP.
2485 316 3016 377 CONSTANTINOP.

2219 432 2335 488 lore
2377 433 2490 502 ipso
2516 450 2725 503 poenam
2767 450 2796 489 a
2822 436 2982 504 Deo,
3011 445 3065 493 et
3115 439 3428 509 supplicium
3478 441 3802 502 intolerabile

2214 518 2812 580 arcessere?Ca3terum
2857 526 2983 596 quid
3033 525 3218 584 laudes
3260 539 3315 585 et
3355 531 3796 601 vituperationes,

2215 613 2428 670 dolores
2452 627 2506 671 et
2525 615 2738 671 laetitias
2758 632 3154 687 commemoro;
3176 621 3261 677 ubi
3283 623 3443 678 etiam
3467 638 3499 678 a
3521 621 3805 686 levissimis

2214 707 2378 763 rebus
2396 719 2448 764 et
2473 708 2744 766 vilissimis
2769 711 3030 767 maximas
3050 713 3306 769 utilitates
3337 715 3694 785 percipiemus
3719 760 3733 782 ,
3760 722 3801 776 si

2217 809 2433 870 prepter
2474 800 2641 856 Deum
2688 801 2858 872 ipsum
2889 818 2980 859 eas
3009 803 3312 860 faciamus?
3358 807 3494 875 Quid
3541 809 3685 863 enim
3729 823 3802 866 est

2217 898 2436 944 tonsura
2488 891 2716 946 crinium
2764 892 2961 948 vilius?
3032 894 3145 950 Hoc
3194 903 3370 950 tamen
3420 898 3541 953 licet
3594 909 3799 970 propter

2217 979 2382 1034 Deum
2414 979 2607 1037 facere.
2639 982 2862 1050 Quando
2883 984 3024 1039 enim
3053 1000 3258 1040 comam
3282 1002 3389 1042 non
3405 992 3801 1059 composueris,

2216 1086 2390 1140 neque
2413 1072 2614 1127 vultum
2639 1082 2787 1129 tuum
2809 1076 3084 1130 ornaveris
3108 1117 3123 1146 ,
3151 1093 3324 1147 neque
3354 1086 3406 1134 te
3431 1080 3500 1134 ad
3531 1081 3800 1137 illecebras

2217 1178 2279 1220 ac
2304 1165 2566 1220 lenocinia
2596 1181 2805 1236 eorum,
2828 1168 2920 1238 qui
2949 1177 3000 1224 te
3023 1170 3296 1226 intuentur
3315 1213 3328 1237 ,
3358 1174 3686 1242 compseris,
3718 1174 3806 1232 sed

2217 1252 2418 1309 inculte
2443 1295 2460 1324 ,
2500 1265 2554 1312 et
2577 1265 2832 1326 quantum
2863 1273 2987 1313 usus
3013 1259 3114 1314 fert
3141 1301 3158 1328 ,
3210 1262 3437 1330 teipsum
3464 1265 3805 1332 apparaveris

2220 1357 2447 1417 tantum,
2482 1360 2700 1421 propter
2720 1351 2888 1408 Deum
2915 1352 3123 1419 fecisti,
3150 1362 3204 1409 et
3229 1354 3346 1424 ejus
3370 1356 3680 1410 mercedem
3727 1371 3806 1411 re-

2219 1442 2499 1514 partabis',
2545 1453 2654 1497 tum
2695 1444 2820 1515 quia
2867 1446 3212 1515 cupiditatem
3240 1449 3541 1516 repressisti
3569 1449 3814 1518 malam,

2221 1541 2330 1586 tum
2359 1533 2481 1602 quia
2513 1535 2856 1590 ambitionem
2876 1536 3232 1606 importunam
3259 1540 3560 1593 coercuisti.
3595 1539 3654 1596 Si
3670 1541 3804 1594 enim

2219 1623 2310 1692 qui
2345 1623 2594 1694 poculum
2624 1623 2812 1695 frigide
2838 1627 3013 1681 solum
3040 1628 3132 1684 dat
3162 1637 3378 1698 propter
3425 1629 3594 1688 Deum
3616 1672 3632 1694 .
3665 1634 3810 1702 regni

2219 1713 2471 1768 czelorum
2511 1712 2860 1770 hereditatem
2891 1716 3054 1772 adibit
3073 1715 3282 1790 (Matth.
3307 1719 3392 1774 10.
3421 1717 3551 1789 42)
3580 1721 3677 1790 qui
3696 1737 3803 1776 om-

2221 1805 2307 1859 nia
2333 1805 2517 1860 fecerit
2542 1814 2760 1876 propter
2787 1808 2976 1870 Deum,
3003 1809 3283 1865 considera
3313 1821 3562 1882 quantam
3600 1813 3807 1869 habebit

2223 1898 2731 1967 compensationem.
2761 1900 2899 1968 Quin
2930 1910 2986 1955 et
3011 1911 3228 1972 propter
3260 1902 3426 1957 Deum
3454 1903 3733 1968 incedere,
3761 1915 3816 1964 et.

2221 1997 2440 2057 propter
2461 1990 2624 2044 Deum
2660 1990 2854 2046 intueri
2883 2008 3185 2062 possumus.
3214 1995 3282 2048 At
3306 1996 3577 2063 quomodo
3622 1995 3819 2054 intueri.

2221 2091 2272 2136 et
2296 2081 2544 2138 incedere
2571 2093 2788 2154 propter
2812 2084 2983 2140 Deum
3021 2085 3188 2141 licet?
3230 2085 3453 2153 Qu.mdo
3477 2101 3590 2141 non
3617 2087 3686 2140 ad
3717 2088 3809 2140 im.

2223 2174 2538 2243 probitatem
2565 2177 2765 2230 curris:
2795 2176 3018 2244 Quando
3039 2192 3143 2232 non
3171 2179 3222 2231 in
3250 2178 3476 2232 alienam
3515 2178 3810 2246 pulchritu-

2221 2265 2398 2319 dinem
2423 2265 2584 2320 niinis
2604 2267 2860 2337 inquiris:
2888 2268 3102 2338 quando
3132 2268 3411 2323 mulierem
3438 2278 3812 2324 occurrentem

2220 2353 2426 2422 videns,
2450 2355 2688 2412 refrenas
2707 2357 2910 2425 oculos,
2929 2368 2983 2412 et
3006 2359 3196 2415 timore
3218 2357 3311 2417 Dei
3329 2359 3503 2413 munis
3517 2367 3820 2428 aspectum,

2224 2443 2322 2498 hoc
2344 2455 2560 2517 propter
2590 2445 2757 2500 Deum
2790 2446 2958 2500 facis:
2994 2446 3206 2517 quando
3247 2462 3351 2503 non
3382 2448 3639 2518 pretiosis
3664 2449 3812 2503 vesti-

2222 2533 2321 2588 bus
2347 2542 2403 2590 et
2424 2535 2684 2603 delicatis,
2715 2535 2809 2590 sed
2833 2537 2898 2593 iis
2925 2551 3042 2606 qua:
3069 2547 3246 2608 tegere
3292 2554 3388 2592 nos
3414 2539 3544 2594 satis
3572 2550 3826 2608 possunt

2221 2625 2632 2681 induimur.Sed
2643 2635 2696 2682 et
2713 2626 2936 2686 adiutos
2961 2642 3126 2698 usque
3137 2628 3344 2684 calceos
3363 2627 3655 2684 demittere
3677 2629 3812 2683 hunc

2221 2731 2430 2771 morem
2468 2717 2612 2772 licet.
2661 2717 2910 2787 Eousque
2939 2718 3080 2773 enim
3112 2717 3350 2773 mollitiei
3381 2719 3652 2790 luxusque
3678 2720 3812 2775 dela~

2222 2806 2301 2876 psi
2319 2815 2444 2861 sunt
2460 2807 2632 2873 multi,
2649 2815 2706 2863 ut
2727 2817 2780 2864 et
2799 2808 3007 2864 calceos
3026 2819 3304 2876 exornent,
3321 2817 3376 2864 et
3391 2809 3536 2864 omni
3549 2825 3623 2864 ex
3649 2821 3819 2880 parte,

2223 2912 2373 2967 teque
2397 2912 2458 2952 ac
2478 2897 2668 2953 faciem
2699 2914 2850 2954 suam
2869 2899 2958 2953 alii
2979 2909 3321 2968 componant,
3351 2901 3560 2955 variare
3580 2901 3816 2966 soleant,

2221 2986 2362 3055 quod
2388 2987 2579 3045 animm
2608 2987 2827 3058 impura:
2855 3003 2918 3042 ac
2944 2987 3244 3058 depravata:
3264 2989 3473 3060 signum
3492 2997 3598 3045 est.
3622 2990 3819 3056 Quanh

2223 3093 2380 3148 quam
2416 3079 2557 3134 enim
2578 3080 2921 3150 perexiguum
2947 3080 3049 3136 hoc
3069 3096 3190 3136 esse
3206 3080 3468 3147 videatur,
3490 3093 3676 3138 tamen
3705 3093 3818 3142 tum

2223 3170 2278 3224 in
2306 3170 2435 3225 viris
2466 3211 2480 3235 ,
2507 3180 2616 3226 tum
2645 3172 2696 3227 in
2727 3171 2938 3226 feminis
2964 3187 3212 3242 magnmn
3240 3172 3460 3242 perditae
3490 3174 3694 3227 mentis
3731 3190 3811 3226 ar-

2223 3271 2530 3332 gumentum
2556 3271 2657 3317 est.
2716 3261 2924 3317 Licebit
2948 3277 3076 3333 ergo
3119 3271 3175 3317 et
3218 3262 3412 3317 calceis
3438 3263 3570 3332 ipsis
3601 3275 3819 3333 propter

2225 3353 2392 3408 Deum
2418 3353 2536 3420 uti,
2587 3367 2709 3408 cum
2748 3353 2966 3409 omnino
2992 3367 3144 3408 usum
3180 3355 3468 3424 quaerimus
3500 3394 3516 3419 ,
3571 3365 3632 3409 et
3681 3355 3814 3409 hunc

2225 3443 2544 3499 utendorum
2572 3445 2872 3500 calceorum
2899 3445 3116 3500 modum
3167 3445 3529 3501 habuerimus.
3559 3446 3819 3518 lngressu.

2224 3535 2368 3591 enim
2385 3543 2439 3591 et
2467 3536 2662 3590 amictu
2686 3551 2784 3590 nos
2800 3536 2964 3590 Deum
2991 3537 3156 3606 gloria
3183 3535 3395 3591 afficere
3418 3551 3598 3606 posse,
3618 3552 3811 3608 cogno-

2225 3641 2315 3682 sce
2340 3641 2405 3681 ex
2435 3641 2522 3692 eo,
2549 3626 2690 3696 quod
2721 3627 2932 3696 sapiens
2960 3627 3176 3698 quidam
3212 3627 3341 3683 olim
3367 3629 3503 3684 dixit
3532 3648 3546 3684 .'
3591 3629 3820 3686 Vestitu.

2225 3715 2318 3770 uiri
2343 3757 2358 3782 ,
2399 3724 2445 3770 et
2472 3715 2604 3769 risus
2632 3717 2879 3780 dentium,
2903 3725 2949 3768 et
2976 3717 3201 3770 incessus
3239 3717 3426 3785 pedum
3461 3717 3697 3771 indicant
3725 3719 3814 3771 Ito-

2227 3807 2606 3878 minem(Eccli.
2640 3808 2726 3864 l9.
2755 3807 2868 3879 27).
2897 3807 3119 3875 Quando
3147 3809 3289 3863 enim
3331 3809 3556 3864 honeste
3589 3810 3766 3864 vestiti
3797 3849 3810 3871 ,

2225 3899 2500 3970 gravitatis
2527 3899 2692 3970 pleni,
2738 3908 2792 3954 et
2833 3898 3054 3954 multam
3077 3899 3300 3955 inomni
3332 3915 3393 3956 re
3419 3900 3660 3969 gerenda
3700 3916 3816 3956 nm-

2226 3989 2451 4046 destiam
2479 3989 2794 4045 adhibentes
2833 3989 3109 4059 prodimus
3187 3989 3278 4060 qui
3305 3988 3533 4045 indelis
3553 4031 3570 4053 ,
3598 3991 3693 4060 qui
3725 3990 3804 4044 in-

2228 4090 2561 4151 temperans,
2606 4081 2695 4151 qui
2723 4081 3059 4136 turbulentus
3099 4088 3184 4136 est
3228 4081 3353 4148 vir,
3396 4081 3440 4135 is
3487 4095 3817 4151 quamquam,

2229 4171 2657 4227 inconsideratus
2683 4170 2843 4227 fuerit
2869 4213 2884 4237 ,
2915 4180 3093 4226 tamen
3123 4171 3298 4240 primo
3343 4185 3554 4242 quoque
3585 4185 3814 4228 occursu

2229 4262 2280 4316 in
2307 4263 2532 4333 aliquem
2556 4263 2670 4331 ejus
2696 4263 2905 4332 generis
2929 4260 3200 4317 hominem
3231 4261 3460 4327 intuens,
3489 4266 3637 4316 omni
3670 4262 3812 4324 illum

2229 4353 2579 4408 admiratione
2618 4363 2985 4423 prosequetur.
3018 4351 3074 4407 Si
3095 4367 3314 4407 uxorem
3331 4352 3666 4415 duxerimus.
3696 4365 3812 4420 pro-

2229 4454 2346 4515 pter
2367 4445 2530 4499 Deum
2548 4443 2650 4498 hoc
2670 4443 2945 4509 faciamus,
2965 4457 3069 4497 non
3087 4452 3144 4497 ut
3165 4442 3438 4498 facultates
3463 4442 3700 4511 majores
3725 4456 3809 4495 ac-

2228 4534 2523 4604 quiramus,
2554 4532 2650 4588 sed
2674 4540 2730 4588 ut
2748 4533 2939 4588 anima:
2963 4533 3294 4587 nobilitatem
3322 4533 3683 4603 inquiramus;
3713 4545 3809 4603 non

2230 4626 2571 4696 pecuniarum
2598 4625 2997 4692 abundantiam,
3026 4639 3130 4680 non
3158 4624 3416 4694 majorum
3447 4623 3811 4696 Splendorem,

2229 4695 2324 4772 sed
2351 4731 2558 4771 morum
2579 4716 2824 4771 virtutem
2852 4730 3232 4786 persequamur
3249 4724 3305 4772 et
3323 4695 3663 4782 modestiam,
3694 4717 3808 4769 vitae

2230 4811 2454 4877 sociam,
2482 4824 2587 4864 non
2627 4808 3008 4864 lenociniorum
3047 4810 3296 4864 comitem
3316 4809 3610 4879 capiamus.
3637 4808 3812 4864 Caete-

2231 4918 2349 4957 rum
2370 4901 2495 4973 quid
2520 4916 2654 4971 opus
2680 4909 2765 4956 est
2788 4902 2967 4957 omnia
2991 4900 3452 4957 commemorare?
3491 4900 3641 4956 Licet
3661 4900 3811 4955 vobis

2231 5009 2294 5050 ex
2328 4995 2390 5049 iis
2417 5009 2531 5064 quat
2560 4994 2701 5049 dicta
2721 5001 2867 5059 sunt,
2897 4992 3100 5063 singula
3126 5007 3244 5063 qua:
3265 4992 3398 5047 fiunt
3422 4999 3516 5046 aut
3537 4999 3811 5062 geruntur,

2232 5101 2566 5156 percurrere,
2597 5095 2652 5140 et
2669 5085 2848 5139 omnia
2878 5094 3096 5154 propter
3139 5084 3306 5139 Deum
3336 5084 3532 5139 facere.
3585 5083 3651 5137 Et
3680 5082 3812 5137 sicut

2232 5188 2556 5236 mercatores
2569 5177 2874 5248 navigantes
2899 5179 3086 5243 maria,
3114 5187 3168 5232 et
3190 5176 3256 5231 ad
3284 5178 3522 5232 civitates
3545 5176 3811 5247 appellen-

2235 5281 2335 5339 tes,
2359 5287 2463 5327 non
2492 5273 2638 5342 prius
2663 5271 2859 5325 abeunt
2877 5285 2906 5324 a
2931 5279 3106 5340 portu,
3136 5279 3190 5324 et
3221 5269 3272 5323 in
3297 5271 3466 5322 forum
3497 5267 3812 5332 ascendunt,

2234 5381 2392 5436 quam
2423 5363 2718 5434 intelligant
2745 5363 2956 5432 aliquod
2987 5363 3192 5417 lucrum
3244 5361 3419 5417 inesse
3449 5361 3500 5415 in
3531 5361 3800 5416 mercium

2238 5459 2372 5513 niis:
2403 5459 2481 5511 sic
2501 5473 2599 5511 nec
2625 5465 2679 5510 tu
2707 5455 2992 5526 quidquam
3022 5454 3204 5520 facias,
3234 5472 3333 5511 nec
3360 5454 3509 5510 dicas
3537 5496 3551 5520 ,
3602 5454 3697 5507 nisi
3730 5453 3801 5504 ln-

2235 5567 2385 5606 crum
2411 5551 2622 5620 aliquod
2649 5549 2841 5604 habeat
2885 5549 3178 5605 secundum
3209 5549 3397 5604 Deum.
3440 5547 3520 5604 Ne
3545 5548 3686 5603 dicas
3712 5562 3811 5598 au-

2237 5652 2340 5697 tem
2384 5643 2649 5697 neminem
2693 5655 2850 5709 posse
2895 5639 3073 5694 omnia
3122 5649 3340 5710 propter
3387 5639 3553 5694 Deum
3603 5639 3808 5692 facere:

2236 5733 2446 5805 quando
2489 5733 2630 5790 enim
2656 5732 3034 5802 calceamcuta,
3064 5731 3331 5800 caesaries,
3363 5731 3605 5800 vestitus,
3631 5728 3810 5785 inces-
