4046 6146
223 214 325 274 959

215 341 310 402 0:,
350 333 446 388 3:61
480 338 749 403 συνέγνως
778 334 865 390 6:6
888 332 979 388 τὸν
1007 328 1161 389 Θεᾎν.
1197 333 1333 389 Νυνὶ
1365 333 1421 386 δὲ
1451 333 1636 388 πολλοὶ
1673 337 1797 389 τοὺ-

222 419 434 473 ναντίον
481 419 715 482 ποιοῦσι,
763 419 856 472 καὶ
904 415 999 471 ἐπὶ
1037 418 1144 471 τῶν
1187 414 1392 487 φίλων,
1428 418 1524 471 καὶ
1568 417 1661 472 ἐπὶ
1695 419 1802 473 τῶν

218 501 641 555 οἰκετῶν.”οταν
666 502 768 572 μὲν
790 502 898 574 γὰρ
925 503 1005 564 είς
1028 500 1223 565 αὐτοὺς
1245 502 1585 573 ἁμάρτωσιν,
1614 503 1803 575 πικροὶ

220 586 314 640 καί
341 583 715 654 ἀσύγγνωστοι
747 587 989 653 γίνονται
1016 584 1298 638 δικασταί’
1329 586 1457 638 ὅταν
1496 584 1552 638 δὲ
1596 583 1677 648 είς
1712 583 1802 639 τὸν

217 670 353 724 Θεὸν
403 668 744 740 ἐνυϐρίξωσι,
778 671 873 722 καὶ
919 668 1020 732 τάς
1065 668 1277 721 ἑαυτῶν
1314 667 1557 722 ἀπόλωσι
1602 668 1799 740 ψυχὰς,

215 753 408 806 οὐδένα
435 752 714 806 ποιοῦνται
740 751 916 821 λόγον.
955 751 1144 815 Πάλιν,
1184 751 1374 820 φίλους
1407 752 1631 822 ποιῆσαι
1659 754 1799 824 χρή;

218 837 318 890 Δια
352 837 447 890 τὸν
479 836 610 889 Θεὸν
635 835 879 905 ποίησον.
897 835 1156 907 Ἐχθροὺς
1178 836 1400 906 ποιῆσαι
1424 837 1561 907 χρή;
1589 837 1688 889 Διά
1711 837 1801 890 τὸν

212 918 351 973 Θεὸν
379 918 623 990 ποίησον.
655 919 766 973 K61
800 918 917 982 πῶς
949 918 1065 972 ἐστι
1107 918 1293 988 φίλους
1330 918 1555 990 ποιῆσαι
1587 918 1676 972 διὰ
1709 919 1801 974 τὸν

213 1002 350 1055 Θεὸν
390 1002 486 1055 καὶ
526 1001 783 1073 ἐχθρούς;
812 1002 909 1055 “Av
938 1001 1014 1073 μὴ
1045 1001 1145 1065 τάς
1173 1001 1357 1072 φιλίας
1392 1001 1607 1067 ἐκείνας
1640 1003 1800 1072 ἐφελ-

211 1084 466 1156 κὼμεθα,
495 1085 615 1139 ὅθεν
641 1085 758 1138 ἐστὶ
784 1088 1040 1157 χρήματα
1073 1086 1277 1153 λαϐεῖν,
1311 1085 1434 1140 ὅθεν
1471 1088 1800 1157 κοινωνῆσαι

210 1170 518 1242 τραπέζης,
546 1169 669 1223 ὅθεν
704 1171 1039 1241 προστασίας
1071 1169 1418 1243 ἀνθρωπίνης
1450 1174 1654 1241 τυχεῖν,
1685 1170 1799 1224 ἀλλ’

211 1255 460 1318 ἐκείνους
485 1253 805 1326 θηρεύωμεν
832 1256 929 1310 3:61
956 1253 1200 1325 ποιῶμεν
1238 1253 1443 1325 φίλους,
1473 1256 1600 1317 τοὺς
1640 1254 1801 1309 δυνα-

214 1338 417 1408 μένους
448 1335 607 1409 ἡμῶν
641 1334 730 1391 ἀεὶ
756 1338 1015 1411 ρυθμίσαι
1048 1337 1145 1410 τὴν
1173 1338 1369 1412 ψυχὴν,
1398 1339 1798 1412 συμϐουλεῦσαι

210 1423 285 1477 τὰ
306 1422 513 1486 δέοντα,
551 1422 953 1493 ἁμαρτάνουσιν
980 1424 1320 1495 ἐπιτιμῆσαι,
1348 1423 1800 1496 πλημμελοῦντας

213 1506 456 1575 ἐλέγξαι,
490 1506 1012 1579 ὑποσκελιζομένους
1042 1507 1369 1579 ἀνορθῶσαι,
1395 1509 1490 1562 καὶ
1519 1507 1796 1580 συμϐουλῇ

210 1591 314 1645 καὶ
347 1591 531 1662 εὐχαῖς
558 1589 888 1662 βοηθοῦντας
914 1594 1286 1662 προσαγαγεῖν
1330 1591 1409 1664 τῷ
1446 1591 1583 1664 Θεῷ.
1628 1593 1797 1648 Πάλιν

209 1675 444 1746 ἐχθροὺς
473 1673 649 1740 ἔξεστι
695 1674 918 1747 ποιῆσαι
944 1675 1032 1729 6:6
1074 1676 1165 1729 τὸν
1198 1675 1349 1730 Θεόν.
1369 1677 1494 1733 Ἐἀν
1531 1679 1645 1749 ῖδῃς
1675 1677 1796 1732 τινὰ

208 1759 532 1820 ἀκόλαστον,
583 1756 779 1830 μιαρὸν
803 1798 818 1820 ,
867 1758 1133 1830 πονηρίας
1186 1759 1425 1828 γέμοντα
1448 1799 1462 1824 ,
1510 1760 1796 1832 δογμάτων

208 1842 544 1914 ἀκαθάρτων
602 1842 1067 1913 πεπληρωμένον,
1118 1843 1544 1909 ὑποσκελίζοντά
1601 1861 1659 1897 σε
1702 1845 1797 1898 καὶ

208 1926 677 1998 παραϐλάπτοντά
709 1943 791 1992 σε,
829 1925 1095 1995 ἀπόστηθι
1120 1928 1213 1981 3:61
1236 1928 1797 1999 ἀποπήδησον,καθάο

208 2028 322 2082 περ
365 2011 510 2064 3:616
534 2009 767 2080 Χριστὸς
798 2010 1082 2063 ἐκέλευσεν
1112 2010 1280 2064 εἰπών
1301 2028 1315 2042 ο
1355 2011 1496 2065 Ἐὰν
1516 2015 1549 2065 ό
1582 2012 1798 2081 ὀφθαλ-

200 2095 325 2164 μός
355 2108 472 2148 σου
500 2097 533 2148 ὁ
554 2093 751 2159 δεξιὸς
772 2093 1142 2163 σκανδαλίζῃ
1172 2112 1265 2157 σε,
1283 2094 1458 2161 ἐξελε
1485 2098 1673 2151 αὐτὸν
1696 2097 1794 2152 καὶ

199 2175 370 2243 ,ϐάλε
411 2177 530 2232 ἀπὸ
562 2176 701 2241 σοῦ,
729 2175 965 2230 κελεύων
993 2178 1124 2241 τούς
1152 2178 1337 2248 φίλους
1370 2179 1631 2243 ἐκείνους,
1666 2180 1794 2243 τοὺς

204 2264 270 2315 ἐν
295 2261 592 2333 ὀφθαλμῶν
623 2260 775 2326 τάξει
804 2261 1084 2326 ποθεινοὺς
1112 2262 1291 2327 όντας,
1329 2264 1425 2317 3:61
1466 2263 1793 2332 ἀναγκαίους

204 2347 271 2400 ἐν
323 2349 437 2410 τοῖς
484 2346 759 2416 βιωτικοῖς
806 2346 1148 2418 πράγμασιν,
1182 2347 1536 2410 ἀποκόπτειν,
1577 2348 1669 2402 καὶ
1701 2350 1794 2402 ἐκο

204 2430 431 2485 ϐάλλειν
448 2443 497 2496 ιι,
528 2431 595 2485 ἂν
623 2429 1092 2503 παραϐλάπτωσιν
1125 2432 1205 2495 είς
1230 2430 1329 2503 τὴν
1361 2432 1459 2503 τῆς
1491 2432 1669 2504 ψυχῆς
1696 2450 1795 2488 σω-

204 2514 407 2585 τηρίαν
441 2514 717 2586 ἡμᾶς.“Αν
750 2514 1021 2583 συλλόγων
1052 2518 1335 2586 κοινωνῇς,
1361 2517 1456 2568 καὶ
1483 2515 1641 2584 λόγον
1666 2518 1796 2571 ἀπο-

202 2599 394 2673 τείνῃς
429 2597 661 2670 μακρὸν,
705 2598 795 2652 διά
821 2598 913 2651 τὸν
941 2597 1072 2651 Θεὸν
1103 2600 1196 2651 3:61
1223 2598 1380 2652 τοῦτο
1408 2600 1655 2671 ποίησον,
1690 2599 1793 2654 κᾶν

204 2683 393 2753 σιγᾷς,
425 2680 513 2734 6:6
538 2682 630 2734 τὸν
656 2680 789 2735 Θεὸν
817 2680 1060 2752 σίγησον.
1106 2680 1216 2734 K61
1242 2681 1358 2745 πῶς
1388 2681 1504 2735 ἔστι
1536 2681 1792 2753 συλλόγου

202 2767 485 2818 κοινωνεῖν
509 2764 598 2818 διὰ
627 2764 717 2818 τὸν
755 2764 919 2831 Θεόν;
952 2767 1049 2819 Ἂν
1082 2765 1497 2838 συγκαθήμενός
1522 2784 1654 2828 τισι.
1683 2784 1792 2838 μη-

198 2848 299 2903 δὲν
344 2849 473 2919 περὶ
522 2846 790 2919 βιωτικῶν
835 2848 1058 2920 διαλέγῃ
1111 2850 1475 2921 πραγμάτων,
1517 2849 1650 2922 μηδὲ
1682 2850 1792 2903 τῶν

199 2930 394 2985 ἁπλῶν
433 2930 528 2984 3:61
572 2930 694 3001 είκῆ
743 2931 837 2984 καὶ
872 2931 1023 2984 οὐδὲν
1049 2931 1181 3002 ἡμῖν
1213 2933 1618 3004 προσηκόντων,
1654 2931 1792 2987 ἀλλά

202 3014 340 3086 περὶ
383 3013 700 3083 φιλοσοφίας
730 3013 831 3085 τῆς
862 3015 1162 3086 ἡμετέρας,
1205 3016 1334 3086 11:91
1374 3016 1620 3086 γεέννης,
1662 3014 1795 3087 περὶ

198 3097 488 3171 βασιλείας
510 3097 774 3170 οὐρανῶν,
808 3097 945 3151 ἀλλὰ
975 3099 1049 3169 μὴ
1072 3097 1144 3152 16
1168 3099 1397 3170 περιττὰ
1417 3099 1511 3152 3:61
1533 3099 1791 3169 ἀνόνητα,

197 3180 346 3237 οἷον·
377 3181 458 3247 τίς
493 3182 670 3253 ἀρχῆς
696 3181 866 3253 ἐπέϐη
887 3199 903 3247 ;
928 3182 1011 3248 τίς
1035 3182 1311 3255 παρελύθη
1338 3183 1438 3253 τῆς
1474 3185 1683 3256 ἀρχῆς;
1709 3185 1794 3239 τί-

200 3285 296 3332 νος
323 3264 416 3321 οὑν
440 3267 625 3321 ἕνεκεν
652 3267 680 3318 6
704 3266 851 3320 δεῖνα
874 3264 1174 3337 ἐζημίωται
1193 3282 1208 3331 ;
1225 3266 1388 3320 πόθεν
1411 3269 1439 3321 6
1467 3268 1614 3322 δεῖνα
1634 3268 1794 3340 ἐκέρ-

197 3351 333 3405 δανε
396 3351 493 3405 3:61
555 3348 709 3422 [704]
765 3348 1142 3421 εὐπορώτερος
1202 3349 1427 3419 γέγονε;
1474 3351 1527 3404 τί
1572 3351 1790 3406 κατέλι-

199 3452 307 3487 σεεν
338 3436 366 3489 6
395 3434 542 3487 δεῖνα
591 3433 669 3505 τῷ
714 3433 849 3488 δεῖνι
879 3433 1178 3499 τελευτῶν;
1213 3433 1332 3499 πῶς
1363 3434 1419 3487 δὲ
1449 3438 1477 3489 6
1503 3435 1650 3490 δεῖνα
1684 3438 1791 3491 ἀπ-

199 3518 418 3588 έτυχεν,
443 3518 523 3579 είς
546 3517 672 3580 τοὺς
700 3516 952 3587 πρώτους
980 3515 1090 3570 τῶν
1117 3516 1471 3589 κληρονόμων
1511 3520 1793 3590 ἐγγραφή-

199 3601 397 3654 σεσθαι
429 3599 838 3671 προσδοκήσας;
888 3599 984 3654 καὶ
1032 3600 1203 3655 πολλὰ
1229 3601 1392 3673 ἕτερα
1415 3603 1657 3658 τοιαῦτα.
1694 3604 1786 3675 Μὴ

194 3685 270 3756 δὴ
312 3684 381 3737 τά
424 3683 646 3737 τοιαῦτα
676 3682 1079 3757 διαλεγώμεθα,
1116 3684 1250 3757 μηδὲ
1288 3685 1490 3757 ἐτέρων
1514 3687 1788 3757 διαλεγόν-

194 3786 317 3822 των
353 3768 704 3839 ἁνεχώμεθα⁸
738 3768 875 3823 ἀλλά
909 3768 1202 3840 σκοπῶμεν
1244 3769 1299 3823 τί
1331 3770 1639 3839 ποιοῦντας,
1666 3772 1700 3846 ῆ
1732 3773 1786 3827 τί

197 3854 463 3923 λέγοντας
498 3852 643 3907 ἐστιν
676 3852 875 3925 ἀρέσαι
902 3853 1042 3925 Θεῷ.
1069 3854 1238 3908 Πάλιν
1281 3854 1396 3909 ἐστι
1438 3857 1660 3929 σιγῆσαι
1698 3857 1786 3913 6:6

195 3936 298 3991 τὸν
323 3936 473 3999 Θεὸν,
500 3934 873 4009 ὑϐριζόμενος,
902 3935 1329 4010 λοιδορούμενος,
1363 3940 1533 4010 μυρία
1562 3940 1785 4012 πάσχων

197 4019 375 4081 κακὰ,
409 4018 474 4071 ἂν
509 4019 680 4091 φέρῃς
713 4020 995 4088 γενναίως,
1025 4021 1120 4073 3:61
1155 4020 1321 4091 μηδὲν
1356 4021 1507 4093 ῥῆμα
1538 4020 1785 4095 βλάσφη-

197 4120 309 4175 μον
339 4101 628 4174 ἐξενέγκῃς
651 4104 729 4161 είς
749 4102 838 4155 τὸν
855 4103 1028 4156 ταῦτα
1051 4103 1327 4159 ποιοῦντα.
1361 4105 1475 4159 Οὐκ
1503 4106 1784 4161 ἐπαινέσαι

192 4187 260 4239 δὲ
292 4187 393 4240 καὶ
422 4185 582 4255 ψέξαι
615 4185 793 4254 μόνον,
825 4187 948 4240 οὐδὲ
990 4186 1137 4240 ἔνδον
1174 4190 1355 4257 μεῖναι
1390 4190 1487 4243 καὶ
1523 4189 1781 4254 ἐξελθεῖν,

194 4270 327 4324 οὐδὲ
362 4267 699 4338 φθέγξασθαι
731 4270 823 4322 καὶ
846 4271 1093 4339 σιγῆσαι,
1119 4271 1254 4324 ἀλλά
1288 4273 1383 4325 3:61
1414 4272 1647 4328 κλαῦσαι
1688 4276 1785 4329 καὶ

195 4353 535 4423 λυπηθῆναι,
564 4350 657 4404 καὶ
698 4350 929 4422 ⁴ἡσθῆναι
971 4354 1062 4406 3:61
1109 4354 1479 4425 εὐφρανθῆναι
1524 4355 1672 4410 ἔστιν
1704 4359 1786 4422 είς

189 4437 358 4502 δόξαν
386 4434 722 4491 Θεοῦ.”οταν
762 4436 871 4507 769
912 4435 1027 4507 ίδῃς
1064 4436 1097 4507 ἢ
1123 4436 1350 4506 ἀδελφὸν
1376 4441 1782 4512 ἁμαρτάνοντα,

195 4520 235 4593 ἢ
267 4520 464 4575 σαυτὸν
498 4518 904 4591 παραπτώματι
937 4518 1325 4591 περιπεσόντα,
1366 4515 1487 4575 εἶτα
1525 4522 1785 4596 στενάξῃς

198 4607 299 4661 καὶ
344 4606 613 4678 λυπηθῇς,
640 4604 937 4676 ἐκέρδανας
981 4601 1090 4656 ἀπὸ
1128 4603 1224 4673 τῆς
1281 4602 1459 4674 λύπης
1509 4608 1821 4678 σωτηρίαν-

198 4688 635 4760 ἀμεταμέλητον,
685 4686 938 4757 καθάπερ
982 4687 1011 4739 6
1056 4684 1266 4749 Παῦλός
1310 4703 1508 4758 φησιν’
1561 4688 1623 4743 Ἠ
1670 4693 1782 4759 γὰρ

203 4771 354 4828 κατά
388 4771 535 4827 Θεὸν
558 4772 723 4838 λύπη
756 4770 1060 4838 σωτηρίαν
1085 4769 1535 4839 ἀμεταμέλητον
1569 4788 1780 4840 κατερ-

203 4855 556 4927 γιίζὲται.“Αν
596 4855 711 4927 ῐδῃς
730 4854 759 4893 δ
788 4853 1179 4925 εὐδοκιμοῦντα
1207 4854 1416 4926 ἕτερον,
1446 4851 1566 4909 εἶτα
1594 4856 1668 4929 μὴ
1691 4858 1784 4929 βα-

204 4941 430 5011 σκήνῃς,
462 4938 577 4992 ἀλλ’
608 4937 684 5001 ὡς
726 4938 818 4991 ἐπὶ
863 4937 1082 5001 οἰκείοις
1124 4937 1347 5006 ἀγαθοῖς
1379 4939 1780 5014 εὐχαριστήσῃς

196 5022 277 5093 τῷ
313 5021 454 5092 Θεῷ,
483 5020 564 5091 τῷ
589 5021 874 5092 ποιήσαντι
898 5020 1150 5092 λαμπρόν
1177 5038 1270 5074 σου
1299 5022 1392 5075 τὸν
1421 5023 1670 5094 ἀδελφὸν,
1685 5025 1780 5079 καὶ

195 5107 298 5177 τῆς
325 5106 498 5177 χαρᾶς
521 5103 725 5175 ταύτης
765 5102 931 5157 πολὺν
954 5102 1148 5167 ἔλαϐες
1170 5104 1261 5159 τὸν
1291 5105 1505 5178 μισθόν.

256 5429 273 5452 ⁸
301 5429 386 5500 Sic
423 5427 534 5500 Sav:
567 5431 722 5491 magis
753 5431 1135 5500 prqptig‘quan:
1168 5431 1356 5500 Μοηιί,
1380 5422 1623 5500 ᾳυί-Ἰθεὶι
1657 5437 1774 5500 βάλ-

191 5492 420 5543 lambant:
451 5497 625 5539 notans
656 5512 667 5539 :
705 5507 722 5538 ι
766 5495 846 5540 καὶ
885 5493 1072 5556 βάλλειν
1103 5494 1248 5547 deest
1283 5493 1334 5544 in
1369 5492 1578 5545 dhobus'
1601 5492 1717 5548 mils.
1748 5515 1768 5547 ι

196 5575 280 5689 ib
301 5612 433 5689 A‘ul'e
451 5616 556 5689 ἴδῃς
580 5615 749 5665 Morel.
770 5616 919 5667 habet
940 5617 1107 5674 οὕτως.
1123 5616 1231 5668 Mox
1253 5616 1451 5682 quidam
1474 5558 1677 5681 ω
1696 5614 1771 5673 ἐπὶ

189 5680 361 5732 κοινοῖς
385 5680 590 5738 ἀγαθοῖς.
1156 5706 1159 5709 -

1595 232 1664 290 ΙΝ
1698 229 2082 290 KALENDAS.

3381 227 3490 285 960

1981 338 2113 391 ε’.’ῐ“ί
2140 336 2334 407 γένοιτ’
2357 338 2422 394 ἂν
2446 336 2559 401 οὖν,
2590 338 2710 395 εἰπέ
2740 357 2851 413 μοι,
2874 338 2983 395 τῶν
3008 338 3294 411 βασκάνων
3324 339 3493 393 neu-

1904 422 2138 492 νὸτερον,
2156 422 2284 475 ὅταν
2312 421 2431 487 ἐξὸν
2462 424 2556 478 3:61
2586 424 2793 495 χαίρειν
2825 423 2920 477 καὶ
2952 421 3254 493 κερδαίνειν
3280 421 3372 475 διὰ
3392 425 3490 493 τὴν

1903 505 2101 577 χαράν,
2132 505 2288 559 αὐτοὶ
2312 507 2405 560 3:61
2435 507 2721 562 λυπεῖσθαι
2741 508 3004 580 αἱρῶνται
3034 508 3233 580 μᾶλλον
3255 507 3350 561 ἐπὶ
3370 511 3490 571 ταῖς

1900 588 2009 642 τῶν
2040 589 2242 663 ἐτέρων
2282 590 2693 662 εὐδοκιμήσεσι,
2719 591 2817 645 3:61
2867 591 3006 664 μετά
3049 593 3148 663 τῆς
3189 591 3366 663 λύπης
3408 593 3489 646 ἐτι

1901 670 1994 724 3:61
2044 671 2265 725 κόλασιν
2316 675 2651 728 ἐπισπᾶσθαι
2697 673 2851 746 παρά
2884 674 2976 728 τοῦ
3008 674 3168 741 Θεοῦ,
3194 675 3291 729 καί
3319 692 3490 747 τιμωα

1901 754 2025 827 ρίαν
2055 756 2358 828 ἀφόρητον;
2394 757 2504 812 Καὶ
2532 759 2586 812 τί
2612 757 2719 831 χρὴ
2747 756 2926 828 λέγειν
2958 759 3232 827 ἐπαίνους,
3265 758 3358 813 καὶ
3390 758 3488 828 ψό-

1901 853 2056 905 γους,
2088 839 2184 893 3:61
2228 840 2427 906 λύπας,
2459 841 2554 896 3:61
2598 840 2790 913 χαράς,
2819 843 2952 897 ὅπου
2995 860 3059 912 γε
3102 843 3198 897 καλ⁵
3248 839 3357 896 ἀπὸ
3380 842 3488 896 τῶν

1904 921 2245 993 μικροτάτων
2270 923 2449 977 αὐτῶν
2489 925 2583 979 καὶ
2623 925 3020 981 εὐτελεστάτων
3057 926 3395 999 πραγμάτων
3420 926 3488 980 16

1904 1005 2115 1076 μέγιστ’
2153 1005 2269 1059 ἔστι
2321 1003 2741 1079 καρπώσασθαι,
2787 1008 2853 1063 ἂν
2892 1009 2979 1063 διὰ
3033 1008 3126 1063 τὸν
3170 1009 3303 1063 Θεὸν
3349 1007 3489 1061 αὑτά

1900 1090 2185 1162 ποιῶμεν;
2220 1091 2285 1145 Τί
2314 1092 2423 1164 γὰρ
2450 1090 2546 1145 τοῦ
2577 1091 2869 1165 κείρασθαι
2896 1092 3310 1165 εὐτελέστερον;
3347 1091 3486 1147 Ἀλλ’

1899 1173 2018 1227 ἔστι
2064 1175 2161 1228 3:61
2203 1173 2365 1229 τοῦτο
2396 1176 2624 1245 ποιῆσαι
2650 1175 2740 1230 διά
2770 1176 2862 1231 τὸν
2902 1175 3236 1232 Θεόν.”οταν
3269 1177 3380 1250 γὰρ
3409 1177 3485 1249 μὴ

1896 1256 1999 1329 τὴν
2040 1259 2216 1330 κόμην
2244 1259 2452 1332 διαϐῇς,
2485 1259 2619 1331 μηδὲ
2652 1260 3003 1333 καλλωπίσῃς
3030 1260 3129 1333 τὴν
3167 1261 3312 1330 θέμιν,
3348 1260 3485 1332 μηδὲ

1899 1342 2038 1413 πρὸς
2064 1342 2258 1416 δέλεαρ
2289 1343 2380 1398 3:61
2418 1343 2636 1416 ἀπάτην
2672 1342 2781 1399 τῶν
2813 1343 3064 1415 ὁρώντων
3097 1344 3289 1398 σαυτὸν
3317 1362 3486 1397 κατα-

1897 1426 2216 1498 κοσμήσῃς,
2251 1426 2364 1481 ἀλλ’
2398 1426 2582 1490 ἁπλῶς
2630 1427 2723 1481 καὶ
2765 1426 2840 1491 ὡς
2892 1427 3051 1499 ἔτυχε
3123 1427 3219 1483 καὶ
3269 1428 3393 1481 ὅσον
3449 1430 3486 1499 ἠ

1895 1508 2058 1580 χρεία
2106 1511 2330 1565 ἀπαιτεῖ
2371 1510 2554 1583 μόνον,
2588 1509 2677 1564 6:6
2706 1508 2797 1564 τὸν
2829 1510 2962 1566 Θεὸν
3000 1510 3159 1564 τοῦτο
3196 1510 3482 1582 ἐποίησας,

1896 1591 1992 1645 καὶ
2018 1592 2237 1658 πάντως
2270 1593 2413 1658 ἕξεις
2453 1593 2545 1647 τὸν
2581 1592 2794 1665 μισθὸν,
2828 1593 2910 1647 ὅτι
2957 1592 3253 1663 ἐπιθυμίαν
3294 1594 3487 1647 ἐκόλαο

1898 1691 1996 1739 σας
2041 1676 2304 1747 πονηρὰν,
2346 1677 2440 1731 καὶ
2484 1675 2794 1746 φιλοτιμίαν
2839 1675 3067 1748 ἄκαιρον
3100 1675 3383 1755 ἐνέκοψρις.
3420 1677 3485 1730 Et

1893 1756 2002 1830 769
2045 1760 2074 1813 6
2119 1758 2378 1831 ποτήριον
2430 1758 2589 1830 μόνον
2632 1757 2841 1830 ψυχροῦ
2885 1760 3009 1823 δοὺς
3060 1758 3151 1812 διὰ
3194 1759 3288 1813 τὸν
3327 1760 3481 1824 Θεὸν,

1896 1841 2175 1911 βασιλείαν
2224 1842 2472 1915 οὐρανῶν
2520 1842 2943 1916 κληρονομήσει,
2999 1845 3028 1897 6
3078 1842 3254 1897 πάντα
3311 1843 3485 1898 ποιῶν

1893 1924 1979 1978 διὰ
2007 1924 2097 1978 τὸν
2125 1925 2258 1979 Θεὸν
2279 1927 2532 1997 ἐννόησον
2564 1926 2737 1998 πόσης
2771 1924 3139 1980 ἀπολαύσεται
3183 1926 3285 1997 τῆς
3323 1928 3482 1997 ἀμοι-

1893 2008 2181 2079 ϐῆς.Ἔστι
2230 2009 2327 2063 καὶ
2376 2010 2612 2079 βαδίζειν
2653 2009 2740 2063 διὰ
2790 2009 2881 2063 τὸν
2932 2008 3085 2074 Θεὸν,
3123 2010 3218 2064 καὶ
3264 2010 3481 2079 βλέπειν

1890 2093 1979 2148 διὰ
2018 2094 2110 2148 τὸν
2155 2092 2310 2148 Θεόν.
2338 2093 2463 2159 Πῶς
2513 2094 2630 2148 ἐστι
2681 2093 2901 2164 βλέπειν
2942 2092 3032 2148 διὰ
3078 2093 3173 2147 τὸν
3198 2093 3356 2160 Θεὸν,
3385 2094 3481 2147 3:61

1894 2176 2164 2248 βαδίζεινς
2210 2175 2380 2230 Ὅταν
2432 2176 2508 2249 μὴ
2559 2176 2696 2248 πρὸς
2750 2175 3041 2249 πονηρίαν
3074 2176 3297 2248 τρέχῃς,
3349 2176 3481 2230 ὅταν

1899 2258 1975 2331 μὴ
2031 2259 2372 2333 περιεργάζῃ
2424 2260 2495 2315 16
2552 2259 2809 2327 ἀλλότρια
2881 2259 3051 2332 κάλλη
3084 2296 3101 2323 ,
3164 2259 3291 2313 ὅταν
3355 2258 3480 2314 ίδὼν

1890 2344 2119 2411 γυναῖκα
2155 2343 2503 2408 ἀπαντῶσαν,
2527 2341 2833 2415 χαλινώσῃς
2870 2342 2961 2397 τὸν
2989 2340 3288 2413 ὀφθαλμὸν,
3311 2340 3479 2411 τειχί-

1894 2440 1992 2495 σῃς
2015 2424 2113 2496 τὴν
2136 2424 2258 2495 ὄψιν
2282 2424 2359 2497 τῷ
2382 2424 2475 2479 τοῦ
2518 2424 2652 2478 Θεοῦ
2695 2424 2869 2496 φόϐῳ,
2900 2422 2990 2479 διὰ
3025 2424 3116 2478 τὸν
3159 2423 3292 2478 Θεὸν
3329 2424 3477 2477 τοῦτ’

1890 2508 2156 2585 ξποίησας
2176 2527 2187 2537 ·
2217 2509 2346 2563 ὅταν
2370 2506 2438 2561 τὰ
2473 2507 2550 2579 μὴ
2601 2506 2894 2576 πολυτελῆ,
2924 2507 3019 2561 3:61
3056 2507 3478 2579 μαλακωτέρους

1890 2593 2039 2663 ἡμᾶς
2083 2591 2377 2657 ποιοῦντα,
2430 2592 2567 2647 ἀλλά
2601 2592 2670 2645 16
2714 2592 2991 2662 δυνάμενα
3035 2592 3180 2662 ἡμᾶς
3230 2590 3475 2657 σκέπειν,

1890 2664 2061 2729 ταῦτα
2100 2675 2557 2748 περιϐαλλὼμεθα
2594 2675 2774 2746 μόνον.
2816 2676 2972 2728 Ἔστι
2998 2675 3094 2729 3:61
3124 2674 3319 2746 μέχρις
3345 2674 3477 2727 ὑπο-

1902 2757 1968 2828 δη
1976 2759 2161 2828 μάτων
2178 2759 2365 2812 τοῦτον
2394 2758 2681 2828 ἐξαγαγεῖν
2696 2758 2787 2812 τὸν
2810 2758 2993 2829 νόμον.
3026 2759 3137 2812 Καὶ
3155 2759 3266 2831 γάρ
3286 2757 3475 2810 πολλοὶ

1891 2845 2026 2917 πρὸς
2056 2845 2216 2899 τοῦτο
2246 2845 2505 2916 βλακείας
2534 2845 2631 2899 καὶ
2658 2845 2896 2909 ἀσωτίας
2930 2844 3243 2912 ἐξώλισθον,
3275 2843 3350 2908 ὡς
3380 2842 3474 2897 καὶ

1889 2929 1957 2982 τά
1981 2928 2303 3000 ὑποδήματα
2333 2927 2716 2994 καλλωπίζειν,
2765 2929 2860 2982 3:61
2884 2927 3148 2982 πάντοθεν
3190 2926 3330 2981 αὐτά
3354 2945 3477 2981 ποι-

1891 3009 2116 3074 κίλλειν,
2151 3010 2248 3081 οὐχ
2279 3004 2445 3083 ἦττον
2485 3009 2519 3081 ἢ
2552 3011 2651 3073 τὰς
2681 3011 2834 3081 ὄψεις
2867 3010 3045 3083 ἕτεροι
3068 3027 3083 3044 ο
3117 3010 3256 3081 ὅπερ
3292 3009 3473 3081 ψυχῆς

1889 3096 2038 3148 ἐστιν
2060 3093 2373 3166 ἀκαθάρτου
2396 3095 2493 3149 καὶ
2518 3094 2942 3166 διεφθαρμένης.
2978 3095 3042 3148 Εί
3063 3094 3171 3165 769
3199 3094 3295 3148 3:61
3340 3095 3474 3148 αὐτὸ

1893 3177 2089 3248 μικρὸν
2116 3173 2255 3231 εἶναι
2290 3178 2474 3242 δοκεῖ,
2522 3176 2659 3232 ἀλλά
2696 3176 2940 3249 μεγάλης
2972 3177 3230 3242 ἐξωλείας
3272 3177 3473 3247 δεῖγμα

1888 3260 1984 3314 3:61
2001 3260 2223 3331 ἐλεγχος
2241 3260 2307 3315 ἂν
2332 3260 2417 3331 εἴη
2434 3259 2614 3326 τοῦτο,
2633 3262 2727 3315 καὶ
2747 3262 2838 3314 ἐπ’
2859 3259 3071 3329 ἀνδρῶν
3081 3262 3178 3314 3:61
3202 3261 3296 3314 ἐπὶ
3316 3258 3470 3331 [705]

1887 3342 2180 3412 γυναικῶν.
2222 3341 2437 3407 Ἔξεστι
2459 3344 2638 3397 τοίνυν
2665 3344 2759 3398 3:61
2782 3343 3094 3415 ὑποδήμασι
3126 3343 3361 3416 χρῆσθαι
3380 3343 3474 3397 διὰ

1887 3427 1979 3480 τὸν
2004 3426 2157 3491 Θεὸν,
2182 3426 2310 3479 ὅταν
2339 3426 2614 3498 πανταχοῦ
2643 3426 2742 3499 τὴν
2770 3426 2958 3499 χρείαν
2986 3428 3355 3499 ἐπιζητῶμεν,
3374 3427 3472 3481 3:61

1887 3509 2046 3564 τοῦτο
2086 3509 2284 3580 μέτρον
2308 3509 2410 3579 τῆς
2438 3509 2794 3575 ἀπολαύσεως
2822 3510 3123 3582 ποιώμεθα.
3144 3512 3354 3566 K6161:
3376 3511 3471 3566 3:61

1887 3592 1977 3648 6:6
2021 3594 2283 3665 βαδίσεως
2311 3592 2514 3647 3:616:6
2555 3594 2746 3666 στολῆς
2786 3594 2877 3648 έστ
2929 3594 3021 3650 τὸν
3046 3595 3178 3648 Θεὸν
3223 3595 3466 3660 δοξάσαι,

1888 3677 2122 3733 ἄκουσον
2141 3676 2195 3730 τί
2227 3694 2360 3748 φησι
2386 3678 2548 3748 σοφός
2578 3695 2663 3742 τις
2684 3679 2847 3751 ἀνήρ’
2863 3679 3201 3750 Στολισμὸς
3224 3678 3467 3749 ἀνδρὸς,

1888 3761 1989 3816 καί
2021 3760 2213 3832 γέλως
2244 3761 2529 3826 ὀδόντων,
2560 3761 2658 3817 καί
2693 3760 2867 3832 βῆμα
2891 3762 3079 3831 ποδὸς
3108 3763 3467 3834 ἀναγγέλλει

1885 3846 1961 3900 τὰ
2003 3846 2137 3913 περὶ
2197 3845 2408 3901 αὑτοῦ.
2453 3845 2625 3900 Ὅταν
2686 3847 2795 3917 γάρ
2847 3848 3273 3918 κατεσταλμένοι
3330 3848 3466 3920 [καὶ

1888 3928 2124 4001 σεμνοὶ],
2149 3930 2244 3984 καὶ
2273 3930 2603 4002 σεμνότητος
2641 3931 2924 4002 γέμοντες,
2957 3932 3053 3985 καὶ
3082 3932 3281 4004 πολλὴν
3330 3949 3465 3985 παν-

1884 4013 2114 4085 ταχόθεν
2136 4014 2573 4085 ἐπιδεικνύμενοι
2603 4014 2702 4086 τὴν
2728 4014 3081 4087 σωφροσύνην
3109 4015 3427 4086 φαινώμεθα
3445 4034 3462 4051 θ

1886 4099 1983 4151 καὶ
2022 4097 2130 4151 ἀπὸ
2166 4096 2329 4169 ψιλῆς
2377 4098 2478 4168 τῆς
2521 4097 2811 4169 συντυχίας
2846 4099 2940 4153 3:61
2970 4101 2999 4153 6
3030 4099 3281 4163 ἄπιστος.
3312 4100 3406 4152 καὶ
3436 4102 3466 4153 6

1884 4181 2204 4245 ἀκόλαστος.
2233 4183 2328 4236 καὶ
2357 4182 2386 4233 6
2412 4180 2725 4254 θορυϐώδης
2752 4181 2846 4235 τὸν
2876 4181 3118 4236 τοιοῦτον
3167 4181 3291 4237 ίδὼν
3337 4183 3465 4237 θαυ-

1889 4265 2142 4336 μάσεται,
2169 4264 2273 4319 κᾶν
2287 4264 2541 4319 ἁπάντων
2563 4264 2917 4337 ἀναισθητότε
2926 4280 3016 4337 ρος
3098 4264 3217 4320 Κᾶν
3232 4269 3466 4334 γυναῖκα

1886 4348 2172 4420 ἀγώμεθα,
2206 4348 2294 4402 6:3:
2325 4347 2417 4401 16v
2450 4347 2586 4401 Θεὸν
2612 4347 2769 4402 τοῦτο
2814 4347 3078 4418 ποιῶμεν,
3110 4348 3198 4401 ἴνα
3246 4365 3462 4420 σωφρο-

1886 4431 2084 4503 νῶμεν,
2112 4431 2213 4500 οὐχ
2243 4430 2329 4484 ἶνα
2352 4430 2453 4501 τὴν
2467 4430 2655 4483 οὐσίαν
2673 4431 3058 4503 εὐπορωτέραν
3077 4430 3460 4504 ἐργαζώμεθα,
3500 4452 3519 4460 θ

1886 4513 1974 4567 ἵνα
2005 4513 2185 4585 ψυχῆς
2217 4513 2499 4582 εὐγένειαν
2528 4513 2897 4586 ἐπιζητῶμεν,
2930 4513 3005 4587 μὴ
3032 4515 3329 4586 χρημάτων
3360 4533 3461 4569 ’πε⁴

1887 4599 2153 4670 ριουσίαν,
2207 4598 2347 4668 μηδὲ
2369 4598 2650 4669 προγόνων
2675 4599 3053 4670 περιφάνειαν,
3081 4599 3217 4654 ἀλλά
3243 4602 3461 4672 τρόπων

1883 4681 2082 4753 ἀρετὴν
2105 4681 2200 4735 καὶ
2227 4680 2559 4735 ἐπιείκειαν·
2595 4683 2937 4754 συνέμπορον
2972 4682 3066 4737 τοῦ
3097 4682 3213 4753 βίου
3250 4683 3461 4755 λαμϐά-

1883 4782 2084 4835 νωμεν,
2115 4765 2237 4834 οὐχὶ
2271 4765 2574 4837 καπηλείας
2614 4766 2891 4820 κοινωνόν.
2923 4766 3031 4819 K61
3057 4766 3112 4820 τί
3155 4756 3237 4820 δεῖ
3281 4768 3461 4822 πάντα

1882 4848 2246 4917 καταλέγεινς
2291 4848 2508 4913 Ἔξεστι
2542 4848 2651 4922 γὰρ
2702 4850 2889 4904 λοιπὸν
2943 4851 3076 4922 ἡμῖν
3126 4853 3191 4905 ἐκ
3243 4852 3350 4906 τῶν
3382 4855 3459 4905 εί-

1885 4948 1951 5004 ρη
1960 4931 2136 5003 μένων
2160 4930 2393 4985 ἕκαστον
2417 4933 2690 5003 ἐφοδεύειν
2717 4935 2828 4989 τῶν
2853 4935 3152 5006 γινομένων
3174 4937 3459 5009 1611:9614-

1879 5013 2145 5085 τομένων,
2170 5014 2263 5067 καὶ
2280 5014 2458 5070 πάντα
2487 5016 2577 5072 6:6
2597 5016 2687 5071 τὸν
2711 5017 2844 5073 Θεὸν
2860 5021 3051 5073 ποιεῖν.
3075 5020 3185 5073 K61
3208 5019 3458 5092 καθάπερ

1880 5100 1931 5152 οί
1961 5097 2193 5169 ἔμποροι
2220 5098 2606 5170 περιπλέοντες
2641 5101 2703 5155 τὸ
2733 5102 2989 5171 πέλαγος,
3034 5104 3129 5157 3:61
3154 5104 3236 5165 είς
3275 5102 3457 5168 πόλεις

1878 5181 2218 5253 ὁρμίζοντες,
2265 5183 2324 5236 οὐ
2356 5183 2623 5256 πρότερον
2672 5185 3023 5240 ἀποϐαίνουσι
3072 5186 3164 5240 τοῦ
3215 5187 3454 5258 λιμένος,

1878 5265 2001 5318 οὑδέ
2030 5268 2109 5327 είς
2136 5266 2233 5338 τὴν
2261 5265 2467 5338 ἀγορὰν
2487 5267 2892 5333 ἀναϐαίνουσιν,
2922 5269 3027 5332 ἓως
3052 5269 3119 5323 ἂν
3153 5270 3453 5338 πύθωνται,

1876 5348 1959 5401 ὅτι
1990 5347 2180 5417 κέρδος
2200 5348 2314 5420 ἔχει
2341 5368 2394 5403 τι
2421 5351 2529 5403 τῶν
2555 5353 2673 5405 ἐκεῖ
2696 5353 3129 5424 ἀποτεθειμένων
3152 5370 3166 5384 ·
3192 5353 3332 5408 οὑτω
3360 5357 3455 5411 καὶ

1880 5433 1945 5514 σύ
1969 5432 2138 5502 μηδὲν
2162 5434 2300 5502 μήτε
2328 5433 2563 5507 πράξῃς,
2581 5438 2704 5507 μήτ’
2730 5437 2911 5509 εἴπῃς,
2942 5437 3008 5492 ἂν
3034 5437 3108 5509 μὴ
3138 5438 3325 5511 κέρδος
3354 5439 3452 5514 ἔχῃ

1876 5512 1939 5567 16
1959 5514 2102 5568 3:616
2126 5514 2283 5568 Θεόν.
2301 5517 2412 5569 Καὶ
2436 5519 2510 5588 μή
2539 5534 2628 5587 μοι
2655 5518 2779 5587 λέγε
2806 5521 2889 5574 ὅτι
2918 5521 2977 5573 οὐ
3010 5520 3231 5575 δυνατὸν
3251 5521 3341 5576 6:6
3365 5512 3454 5577 τὸν

1877 5597 2011 5651 Θεὸν
2054 5598 2235 5653 πάντα
2261 5602 2455 5654 ποιεῖν.
2483 5600 2651 5656 Ὅταν
2676 5604 2785 5676 γὰρ
2816 5605 3088 5670 ὑπόδεσις,
3123 5606 3215 5660 3:61
3245 5608 3415 5677 κουρᾶ
3435 5647 3451 5672 ,

1882 5680 1979 5736 3:61
2000 5683 2231 5753 ἱματίων
2255 5683 2433 5759 στολὴ,
2461 5686 2554 5741 3:61
2569 5686 2795 5760 βάδισις,
2824 5691 2918 5746 καὶ
2934 5690 3076 5763 ὄψις,
3101 5693 3193 5746 3:61
3209 5692 3451 5765 ῥήματα,
