4046 6146
507 232 607 294 961

509 348 603 398 καὶ
641 343 913 414 συνέδρια,
949 344 1045 397 καὶ
1074 343 1268 398 εἴσοδοι
1303 343 1397 397 καὶ
1425 342 1612 408 ἔξοδοι,
1647 344 1741 397 καὶ
1772 341 2082 414 σκώμματα

507 427 603 482 καὶ
633 427 866 488 ἔπαινοι,
892 427 986 480 καὶ
1022 426 1180 496 ψόγοι
1209 425 1304 478 καὶ
1334 425 1606 496 ἐγκώμια,
1639 426 1734 478 καλ⁸
1778 426 1949 494 φιλίαι
1990 427 2083 479 καί

508 511 698 581 ἔχθραι
720 510 984 564 δύνωνται
1011 509 1098 562 διά
1122 508 1210 560 τὸν
1240 507 1372 560 Θεὸν
1395 507 1660 576 γίνεσθαι,
1683 509 1735 560 τί
1756 509 1869 561 ἔστι
1899 508 2085 562 λοιπὸν

508 594 538 646 ὃ
563 593 636 664 μὴ
655 593 880 647 δυνατὸν
907 592 1158 662 γενέσθαι
1182 591 1271 644 διά
1308 591 1398 644 τὸν
1429 591 1582 653 Θεὸν,
1612 591 1677 645 ἂν
1713 591 1984 663 θέλωμεν;
2018 592 2083 646 Τί

507 676 918 747 δεσμοφύλακος
944 679 1149 747 χεῖρονς
1187 677 1246 729 οὐ
1281 679 1498 731 πάντων
1528 677 1640 746 βίος
1668 678 1695 729 ὁ
1723 676 2086 747 πονηρότατος

511 756 652 813 εἰναι
689 761 862 822 δοκεῖς
929 761 1067 814 Ἀλλ’
1107 760 1284 826 ἔξεστι
1333 761 1411 831 τῷ
1467 759 1774 829 βουλομένῳ
1833 758 2086 812 κάκεῖθεν

512 843 790 915 κερδᾶναι,
821 845 949 896 ὅταν
975 843 1081 896 τῶν
1110 843 1408 913 δεδεμένων
1438 844 1687 912 φείδηται
1713 883 1727 907 ,
1783 843 1908 896 ὅταν
1961 843 2086 905 τοὺς

511 927 714 990 ἀδίκως
746 925 1192 997 ἐμϐεϐλημένους
1220 925 1517 998 θεραπεύῃ,
1550 927 1678 978 ὅταν
1715 925 1790 998 μὴ
1823 940 2086 996 πραγμα-

509 1010 735 1081 τεύηται
760 1010 854 1062 ἀπ’
880 1009 1168 1081 ἀλλοτρίας
1199 1012 1482 1080 συμφοράς
1509 1021 1556 1072 α,
1583 1009 1712 1062 ὅταν
1748 1008 1924 1070 κοινὸς
1955 1023 2089 1078 προσ

510 1095 704 1166 κέηται
747 1093 912 1164 λιμὴν
942 1095 1056 1155 τοῖς
1089 1091 1361 1161 δεομένοις
1397 1091 1587 1145 ἅπασι.
1617 1090 1803 1155 Οὕτως
1842 1093 1869 1144 ὁ
1895 1091 2090 1160 δεσμο-

512 1178 686 1248 φύλαξ
715 1179 922 1238 ἐκεῖνος
961 1175 1138 1246 ἐσώθη
1172 1177 1200 1228 ό
1239 1175 1332 1227 ἐπὶ
1379 1175 1592 1229 Παύλου
1612 1191 1626 1204 ·
1658 1173 1780 1227 ὅθεν
1823 1174 1977 1244 δῆλον
2006 1174 2088 1226 ὅτι

512 1261 798 1325 πάντοθεν,
822 1260 887 1313 ἂν
917 1259 1179 1329 θέλωμεν,
1215 1259 1490 1329 δυνάμεθα
1519 1257 2022 1330 πραγματεύεσθαι.

585 1344 740 1408 ς-’.Τί
773 1343 932 1412 φόνου
965 1341 1365 1412 χαλεπώτερον,
1388 1343 1509 1395 εἰπέ
1534 1358 1658 1412 μοι;
1693 1341 1830 1393 Ἀλλ’
1849 1339 2087 1411 ἠδυνήθη

514 1427 646 1480 ποτὲ
668 1423 1012 1495 δικαιοσύνην
1042 1427 1220 1478 τεκεῖν
1246 1425 1322 1496 τῷ
1349 1427 1634 1496 ποιήσαντι
1651 1425 1808 1478 τοῦτο
1822 1423 1880 1477 τὸ
1895 1422 2094 1494 τόλμη-

517 1528 625 1582 μα·
659 1508 910 1562 τοσοῦτόν
941 1510 1056 1562 ἐστι
1079 1509 1141 1561 τὸ
1171 1507 1261 1562 διά
1289 1509 1379 1562 τὸν
1399 1509 1532 1562 Θεόν
1554 1527 1606 1562 τι
1631 1509 1950 1562 «meimihi
1971 1506 2090 1572 πῶς

512 1592 751 1663 ἠδυνήθη
786 1591 1132 1662 δικαιοσύνην
1167 1591 1501 1663 ἐργάσασθαι
1539 1593 1726 1660 φόνοςς
1775 1593 1838 1646 Οἰ
1879 1590 2090 1661 Μαδιη-

513 1679 654 1731 ναῖοι
695 1676 823 1729 ποτέ
856 1675 1164 1746 βουλόμενοι
1217 1675 1306 1728 τὸν
1358 1675 1490 1729 Θεὸν
1543 1675 1926 1747 ἐκπολεμῶσαι
1975 1677 2088 1738 τοῖς

526 1757 824 1823 Ἰουδαίοις.
851 1759 944 1812 καὶ
969 1757 1140 1830 ταύτῃ
1182 1758 1587 1831 προσδοκῶντες
1620 1759 1800 1814 αὐτῶν
1840 1758 2091 1830 περιέσε-

517 1842 664 1907 σθαι,
685 1843 734 1895 εἰ
749 1841 848 1911 τῆς
865 1842 1074 1906 εὐνοίας
1101 1841 1296 1906 αὐτοὺς
1324 1843 1758 1915 ἀποστερήσαιεν
1774 1842 1867 1896 τοῦ
1894 1841 2093 1895 Δεσπό-

513 1943 630 1989 του,
668 1925 835 1996 κόρας
879 1924 1355 1991 καλλωπίσαντες,
1423 1926 1518 1979 καὶ
1572 1926 1665 1980 τοῦ
1724 1925 2089 2001 στρατοπέδου

516 2011 923 2082 προστήσαντες
943 2050 957 2073 ,
1004 2007 1291 2063 ἐδελέασαν
1328 2009 1548 2074 αὐτοὺς,
1600 2008 1695 2062 καὶ
1725 2011 1803 2074 εἰς
1832 2007 2090 2077 πορνείαν

515 2095 744 2165 ἡγαγον,
777 2089 894 2145 εἷτα
911 2093 1120 2146 ἐκεῖθεν
1144 2094 1224 2154 εἰς
1245 2091 1522 2146 ἀσέϐειαν.
1543 2091 1716 2145 Τοῦτο
1743 2091 1865 2145 ἰδὼν
1887 2092 2090 2159 Φινεὲς,

521 2176 1040 2248 μεταχειρισάμενος
1066 2176 1235 2244 ξίφος,
1274 2175 1370 2228 καὶ
1404 2175 1768 2247 πορνεύοντας
1797 2175 1892 2229 δύο
1930 2194 2094 2230 κατα-

519 2260 718 2322 λαϐὼν,
750 2262 807 2313 ἐν
832 2261 968 2331 αὐτῇ
990 2262 1054 2330 τῇ
1089 2259 1333 2331 ἁμαρτίᾳ
1380 2260 1722 2332 ἀμφοτέρους
1750 2259 2090 2333 ἐξεκέντησε,

521 2347 614 2400 καὶ
637 2344 830 2414 ἔστησε
856 2342 950 2396 τοῦ
980 2342 1114 2396 Θεοῦ
1138 2341 1236 2414 τὴν
1256 2342 1425 2414 ὀργὴν
1455 2343 1563 2397 άπὸ
1587 2343 1687 2414 τῆς
1706 2343 1948 2415 γνώμης.
1983 2345 2094 2400 Καὶ

520 2429 582 2482 τὸ
605 2427 705 2498 μὲν
724 2426 1016 2496 γενόμενον
1035 2425 1186 2498 [706]
1211 2427 1369 2495 φόνος
1391 2422 1483 2498 ἦν,
1503 2426 1563 2480 τὸ
1583 2428 1640 2481 δέ
1662 2429 2094 2500 κατορθούμενον

521 2510 580 2577 ἐξ
609 2509 814 2564 ἐκείνου
848 2510 1086 2582 σωτηρία
1111 2509 1218 2562 τῶν
1249 2510 1641 2581 ἀπολλυμένων
1671 2512 1946 2576 ἁπάντων,
1973 2513 2094 2565 ὅθεν

521 2593 617 2648 καὶ
637 2593 984 2662 δικαιοσύνην
1011 2595 1208 2664 ἤνεγκε
1244 2593 1321 2663 τῷ
1355 2595 1663 2664 ποιήσαντι.
1695 2595 1804 2648 Καὶ
1841 2596 1902 2649 οὑ
1934 2597 2094 2666 μόνον

521 2677 622 2729 οὐκ
643 2677 836 2746 ἐμίανε
859 2675 958 2739 τὰς
987 2678 1196 2745 χεῖρας,
1226 2676 1360 2729 ἀλλά
1388 2678 1480 2730 καί
1498 2677 1887 2749 καθαρωτέρας
1911 2679 2096 2750 εἰργά-

524 2776 656 2813 σατο
679 2761 706 2813 ό
741 2759 898 2829 φόνος
929 2760 1156 2824 ἐκεῖνος,
1185 2760 1278 2813 καὶ
1308 2760 1451 2830 μάλα
1467 2761 1720 2824 εἰκότως·
1753 2764 1814 2815 ού
1843 2763 1951 2834 γὰρ
1969 2765 2098 2828 τοὺς

524 2843 906 2915 ἀναιρεθέντας
931 2842 959 2882 δ
987 2843 1179 2913 μισῶν,
1224 2842 1358 2896 ἀλλά
1390 2842 1499 2897 τῶν
1531 2843 1732 2897 λοιπῶν
1783 2846 2096 2916 φειδόμενος

522 2925 671 2981 τοῦτ’
708 2925 1026 2996 εἰργάσατο·
1051 2925 1339 2980 ἀπέκτεινε
1361 2926 1473 2989 δύο,
1501 2927 1595 2981 καὶ
1627 2928 1798 2981 ἔσωσε
1830 2929 2098 3001 μυριάδας

523 3009 805 3081 ἀπείρους.
831 3009 1097 3081 Καθάπερ
1119 3011 1226 3081 γὰρ
1251 3013 1425 3081 ἰατροὶ
1452 3010 1665 3066 ποιοῦσι
1706 3011 1774 3066 τά
1822 3015 2099 3084 σεσηπότα

522 3093 632 3148 τῶν
660 3093 839 3165 μελῶν
870 3093 1252 3164 ἐκτέμνοντες,
1287 3094 1580 3166 ὁλόκληρον
1604 3093 1832 3160 σώζουσι
1857 3095 1918 3149 τὸ
1941 3096 2101 3167 σῶμα

526 3175 641 3249 [καὶ
675 3175 874 3248 ύγιές]·
903 3176 1044 3230 οὕτω
1081 3177 1334 3240 κάκεῖνος
1359 3176 1602 3248 ἐποίησε.
1631 3177 1729 3231 Διά
1754 3176 1913 3231 τοῦτό
1935 3197 2100 3252 φησιν

525 3262 553 3312 ὁ
597 3259 918 3330 ψαλμῳδός·
955 3260 1148 3327 Ἔστη
1189 3259 1397 3327 Φινεὲς
1446 3261 1546 3314 καὶ
1604 3260 1951 3327 ἑξιλὰσατο,
1999 3263 2100 3318 καὶ

524 3343 832 3397 ἐκόπασεν
858 3343 898 3409 ἠ
927 3341 1199 3410 θραῦσις,
1249 3343 1348 3396 καὶ
1386 3344 1672 3414 ἐλογίσθη
1717 3343 1877 3410 αὐτῷ
1899 3348 1986 3413 εἰς
2011 3346 2102 3400 δι-

526 3426 863 3494 καιοσύνην
889 3427 977 3489 εἰς
996 3425 1207 3495 γενεὰν
1222 3425 1321 3479 καί
1347 3425 1579 3495 γενεὰν,
1597 3426 1708 3492 ἕως
1729 3426 1837 3480 τοῦ
1865 3427 2100 3496 αἰῶνος.

538 3508 830 3571 Ἀθάνατος
860 3508 990 3576 γοῦν
1020 3509 1053 3578 ἡ
1088 3511 1276 3579 μνήμη
1308 3510 1402 3562 τοῦ
1451 3507 1881 3581 κατορθώματος
1931 3512 2100 3583 μένει.

528 3592 698 3646 Πάλιν
737 3592 924 3662 ἕτερος
968 3590 1206 3661 ηὔξατο,
1257 3594 1351 3645 καὶ
1397 3593 1772 3664 προσέκρουσε
1819 3595 1899 3668 τῷ
1940 3597 2060 3668 Θεῷ
2089 3615 2104 3630 ο

527 3674 780 3727 τοσοῦτόν
803 3677 919 3727 ἐστι
961 3674 1020 3726 τὸ
1056 3673 1128 3744 μὴ
1161 3677 1333 3727 ποιεῖν
1362 3693 1415 3728 τι
1439 3675 1527 3729 διά
1549 3677 1638 3730 τὸν
1674 3679 1807 3734 Θεόν
1827 3699 1841 3714 ο
1871 3682 1900 3734 ὁ
1941 3683 2106 3753 Φαρι-

531 3759 682 3820 σαῖος
731 3755 895 3825 λέγω.
940 3756 1078 3810 Ἀλλ’
1114 3756 1303 3828 ὥσπερ
1335 3760 1519 3825 Φινεὲς
1560 3761 1722 3832 φόνον
1751 3765 1985 3836 ποιήσας
2012 3767 2105 3820 εὐ-

594 3900 760 3978 "Tl:e_s
793 3904 1392 3978 ωειπραγματεύηταιτᾲς
1411 3907 1654 3976 ἀλλοτρίας
1675 3911 1931 3974 συμφοράς.
1954 3912 2107 3964 Paulo

531 3967 741 4030 postalii
766 3967 1072 4030 πανταχόθεν,
1087 3968 1166 4016 alii
1189 3968 1428 4018 πάντοθεν.

594 4026 623 4065 ι
641 4026 732 4096 Sic
749 4026 1052 4096 omnes'inss.
1082 4031 1253 4096 Morel.
1279 4043 1394 4096 Vero
1415 4032 1789 4096 ἀναιρουμένους.
1811 4034 1886 4083 Ad
1910 4048 2106 4086 eorum-

534 4089 814 4156 I_I_em_ﬂ_dem
839 4089 962 4140 infra
983 4092 1204 4156 ἀπείρους
1235 4105 1324 4154 pro
1351 4089 1535 4156 ἐτέρους
1564 4089 1832 4155 posuimus,
1859 4105 1911 4144 et
1937 4111 2105 4148 vncem

532 4151 805 4222 ὁλοκλήρως
824 4159 935 4213 post
958 4151 1115 4222 μελῷὴ
1143 4151 1440 4222 sequentem
1461 4151 1808 4218 expunximus.
1824 4158 1976 4208 Paulo
1999 4168 2110 4222 post

531 4213 728 4275 quidam
750 4227 864 4263 mss.
888 4213 1024 4277 φησὶν
1044 4217 1071 4264 ὁ
1092 4213 1294 4279 ψαλμὶὸς,
1329 4216 1461 4275 ἔστη.

1181 214 1242 270 S.
1278 212 1564 269 JOA-NNIS
1601 210 2087 270 CHRYSOSTOMI

2203 217 2451 274 iClllKP.
2494 217 3045 276 CONSTANTINOP.

3669 198 3778 255 96?.

2184 339 2500 412 δοκίμησεν,
2533 337 2676 392 οὕτω
2699 336 2792 390 καὶ
2823 328 2977 397 οὗτος
3001 331 3061 386 οὗ
3088 326 3240 400 παρά
3270 325 3370 397 τὴν
3400 323 3590 412 εὐχὴν,
3633 321 3775 376 ἀλλά

2185 409 2337 494 παρὰ
2356 409 2454 494 τὴν
2483 421 2728 492 γνώμην,
2771 419 2888 490 μεθ’
2927 412 2997 489 ἦς
3042 412 3263 485 ηὔξατο,
3294 409 3562 494 κατέπεσε
3596 423 3778 494 προσ-ς

2184 489 2447 576 κρούσας.
2498 489 2684 567 Οὕτως
2711 489 2839 556 ὅταν
2877 501 2952 572 μὴ
2995 498 3082 551 διὰ
3121 496 3213 548 τὸν
3243 492 3376 546 Θεὸν
3436 489 3671 576 γίνηταί
3683 506 3775 576 τι,

2186 574 2291 643 κάν
2326 586 2693 659 πνευματικὸν
2809 585 2869 637 τὸ
2900 585 3207 653 γινόμενον,
3255 577 3323 630 τά
3361 576 3597 646 μέγιστα.
3646 574 3778 659 βλά-

2185 673 2365 743 ψειεν·
2409 655 2599 742 ὥσπερ
2635 655 2896 724 οὗν-όταν
2937 667 3026 719 διά
3064 666 3156 718 τὸν
3199 662 3329 714 Θεὸν
3371 661 3628 729 γίνηται,
3674 655 3776 743 κᾶν

2190 738 2440 826 βιωτικὸν
2520 738 2581 808 τὸ
2604 750 3001 824 γινόμενον,⁶τά
3028 749 3259 820 μέγιστα
3282 744 3481 813 ὠφελεῖ
3506 741 3604 793 τὸν
3639 738 3776 828 μετά

2190 821 2438 910 ξριλοθέου
2465 821 2690 909 ¹γνώμης
2723 821 2998 890 ποιοῦντα.
3033 833 3099 886 Τί
3131 833 3241 902 γὰρ
3275 829 3435 900 φόνου
3463 827 3658 895 χεῖρον
3687 821 3775 910 καὶ

2188 902 2613 995 λαλεπὼτείλονξ
2645 902 2785 974 ’ἀλλ’
2845 919 2995 988 ὅμως
3048 916 3258 970 δίκαιον
3322 902 3774 995 εἰργάσατο-τὸν

2187 986 2556 1078 τολμήσαντα.
2608 1003 2774 1058 Ποίαν
2819 986 2911 1057 οὖν
2946 1001 3140 1070 ἕξομεν
3190 994 3498 1078 ἀπολογίαν-
3529 991 3704 1062 ἡμεῖς
3734 986 3780 1078 οἰ

2188 1070 2461 1158 λέγοντες,
2498 1090 2579 1142 ὅτι
2626 1087 2688 1140 οὑ
2744 1085 2965 1140 δυνατὸν
2998 1081 3261 1137 πάντοθεν
3309 1075 3651 1158 κερδαίνειν,
3691 1070 3782 1124 καὶ

2190 1156 2369 1228 πάντα
2395 1172 2481 1226 διὰ
2509 1171 2600 1224 τὸν
2640 1170 2772 1223 Θεὸν
2802 1167 3130 1242 ἐργάζεσθαι
3155 1177 3204 1230 ο,
3249 1163 3379 1218 ὅταν
3426 1156 3640 1242 εὑρεθῇ
3701 1171 3784 1216 τς

2190 1257 2286 1311 καὶ
2317 1256 2426 1310 ἀπὸ
2470 1255 2632 1325 φόνου
2667 1239 2966 1324 κερδάνας;
3002 1254 3098 1304 Ἂν
3135 1249 3406 1317 ἐθέλωμεν
3456 1239 3783 1314 προσέχειν,

2189 1340 2278 1394 διά
2304 1339 2504 1402 παντὸς
2528 1338 2620 1392 τοῦ
2656 1337 2769 1409 βίον
2797 1336 2896 1408 τὴν
2937 1332 3316 1405 πνευματικὴν
3353 1327 3563 1396 ταύτην
3601 1325 3785 1395 ἐμποο

2196 1423 2498 1497 ρευσόμεθα
2535 1421 2944 1494 πραγματείαν,
2975 1418 3079 1473 κᾶν
3112 1413 3372 1489 πρίασθαι
3396 1430 3472 1474 τι,
3501 1410 3616 1464 κᾶν

2191 1491 2375 1560 δόσθαι
2405 1505 2498 1577 δέῃ
2523 1523 2534 1534 ·
2571 1491 2845 1558 οἷον-ὃταν
2894 1501 2970 1574 μὴ
3021 1501 3182 1554 πλέον
3230 1499 3330 1568 τῆς
3376 1491 3788 1564 νενομισμένης

2195 1588 2518 1660 ἀπαιτῶμεν
2549 1588 2748 1659 τιμῆς,
2787 1588 2917 1641 ὅταν
2954 1585 3028 1658 μὴ
3057 1585 3184 1647 τοὺς
3221 1581 3444 1653 καιροὺς
3469 1577 3574 1646 τῆς
3610 1589 3793 1627 στενο-

2197 1673 2404 1744 χωρίοις
2435 1673 2862 1745 παρατηρῶμεν,
2896 1671 2994 1724 καὶ
3022 1670 3142 1723 τότε
3168 1669 3282 1729 τοῖς
3306 1663 3583 1745 δεομένοις
3613 1673 3788 1728 μετα-

2195 1743 2448 1827 διδῶμεν·
2479 1756 2541 1809 '0
2557 1743 2669 1826 γὰρ
2687 1743 3051 1826 τιμιουλκῶν
3078 1751 3253 1805 σῖτον
3266 1743 3788 1827 δημοκατάρατος.

2198 1824 2352 1913 φησί’.
2387 1841 2496 1894 Καὶ
2524 1824 2578 1893 τί
2740 1824 2870 1893 καθ’
2893 1839 3125 1891 ἕκαστον
3153 1835 3331 1904 λέγειν
3349 1873 3364 1894 ,
3413 1829 3534 1884 δέον
3561 1827 3640 1913 διῖ
3671 1824 3788 1913 ἐνὸς

2198 1908 2716 1995 ύποδείγματοςντὸν
2755 1923 2862 1977 πᾶν
2911 1920 3225 1985 συλλαϐεῖνς
3259 1916 3526 1984 Καθάπερ
3575 1910 3695 1982 γὰρ
3719 1908 3790 1995 Δοἱ

2197 1992 2492 2079 οἰκοδόμοι,
2525 2007 2748 2061 ἐπειδάν
2775 2006 3008 2079 μέλλωσι
3021 2008 3197 2074 τοῖχον
3226 2001 3482 2072 ἐγείρειν,
3513 1992 3791 2079 σπαρτίον

2196 2078 2472 2157 τείναντες
2509 2091 2616 2146 ἀπὸ
2655 2078 2859 2161 γωνίας
2899 2091 2975 2153 εἰς
3011 2088 3236 2158 γωνίαν,
3279 2084 3452 2148 οὕτως
3489 2078 3791 2161 ὑφαίνουσι

2197 2177 2296 2250 τὴν
2342 2159 2834 2246 οἰκοδομὴν,ήῶστε
2868 2173 2942 2246 μὴ
2992 2171 3277 2242 ἀνώμαλον
3317 2169 3485 2238 αὐτῆς
3522 2159 3791 2250 γενέσθαι

2197 2244 2297 2333 τήν
2326 2244 2648 2327 ἐπιφάνειαν
2667 2275 2682 2289 '
2713 2259 2854 2312 οὕτω
2872 2244 2952 2328 δὴ
2977 2256 3072 2310 καὶ
3096 2257 3256 2326 ἡμεῖς
3289 2253 3408 2306 ἀντί
3431 2244 3792 2333 σπαρτίουτὸ

2201 2332 2352 2414 ῥῆμα
2378 2343 2536 2398 τοῦτο
2562 2343 2836 2405 τείναντες
2865 2340 2926 2394 τὸ
2969 2339 3152 2408 λέγον·
3187 2338 3325 2393 Εἴτε
3358 2337 3596 2389 ἐσθίετε
3619 2375 3635 2394 ,
3672 2332 3792 2384 alte

2199 2428 2424 2491 πίνετε,
2454 2427 2576 2481 εἴτε
2614 2444 2668 2480 τι
2715 2425 2922 2494 ἕτερον
2948 2423 3187 2487 ποιεῖτε,
3234 2419 3431 2474 πάντα
3473 2420 3561 2483 είς
3597 2416 3792 2479 δόξαν

2204 2511 2353 2567 Θεοῦ
2376 2511 2616 2566 ποιεῖτε.
2664 2512 2763 2564 Ἀν
2790 2528 2848 2562 τε
2875 2507 3183 2580 εὐχώμεθα.
3215 2507 3278 2560 ἄν
3318 2522 3378 2557 τε
3406 2501 3787 2573 νηστεύωμεν,

2200 2596 2266 2651 ἄν
2316 2613 2376 2649 τε
2431 2595 2779 2666 ἐγκαλῶμεν,
2830 2593 2895 2648 ἄν
2952 2609 3010 2645 τε
3057 2587 3542 2659 συγγινώσκωμεν,
3616 2585 3685 2639 ἄν
3734 2599 3792 2635 τε

2202 2679 2540 2751 ἐπαινῶμεν,
2589 2681 2656 2734 ἄν
2695 2695 2754 2731 τε
2793 2679 3072 2746 ψέγωμεν,
3099 2673 3164 2730 ἀν
3194 2691 3255 2727 τε
3294 2672 3575 2741 εἰσίωμεν,
3627 2670 3694 2722 ἄν
3734 2683 3792 2720 τε

2201 2762 2457 2831 ἐξίωμεν,
2488 2763 2552 2817 ἄν
2591 2779 2649 2815 τε
2690 2760 2982 2831 πωλῶμεν,
3018 2759 3082 2813 ἄν
3111 2775 3171 2810 τε
3207 2755 3597 2826 ἀγοράζωμεν,
3631 2751 3700 2804 ἄν
3733 2767 3790 2802 τε

2206 2845 2470 2916 σιγῶμεν,
2499 2844 2566 2898 ἄν
2593 2861 2650 2898 τε
2667 2842 3068 2912 διαλεγώμεθα,
3098 2841 3162 2895 ἄν
3180 2856 3239 2892 τε
3261 2838 3388 2894 ἄλλο
3409 2834 3589 2890 ὁτιοῦν
3619 2834 3791 2904 πράτ-

2203 2946 2409 3000 τωμεν,
2439 2929 2521 2993 εἰς
2543 2928 2700 2993 δόξαν
2723 2925 2860 2982 Θεοῦ
2886 2927 3064 2981 πάντα
3097 2924 3362 2994 ποιῶμεν,
3386 2921 3489 2976 κᾶν
3520 2923 3600 2991 μή
3636 2938 3690 2971 τι
3717 2919 3794 2980 είς

2204 3013 2363 3077 δόξαν
2419 3010 2555 3066 Θεοῦ
2590 3011 2832 3083 γίνηται,
2882 3009 3016 3080 μηδὲ
3049 3007 3305 3078 γινέσθω,
3361 3005 3494 3076 μηδὲ
3541 3001 3795 3071 λεγέσθω

2206 3097 2336 3168 παρ’
2366 3094 2545 3168 ἡμῶν·
2566 3094 2682 3150 ἀλλ’
2706 3095 2829 3150 ἀντὶ
2859 3093 3162 3164 βακτηρίας
3196 3090 3457 3162 μεγάλης,
3486 3086 3609 3141 ἀνθ’
3629 3084 3792 3139 ὅπλου

2206 3181 2303 3233 καί⁵
2332 3178 2660 3250 ἀσφαλείας,
2706 3178 2825 3234 ἀντὶ
2851 3175 3143 3247 θησαυρῶν
3169 3174 3412 3244 ἀφάτων,
3446 3172 3702 3240 ὅπουπερ
3732 3168 3795 3221 ἂν

2207 3258 2392 3336 ὦμεν,
2446 3265 2509 3318 τὸ
2561 3264 2712 3336 ῥῆμα
2753 3260 2912 3314 τοῦτο
2953 3259 3073 3332 μεθ’
3107 3257 3317 3312 ἐαυτῶν
3361 3257 3790 3329 περιφέρωμεν,

2208 3348 2584 3419 ἐγγράψαντες
2613 3349 2680 3417 τῇ
2713 3344 2943 3415 διανοίᾳ,
2989 3344 3076 3396 ῖνα
3127 3343 3303 3396 πάντα
3332 3343 3412 3404 εἰς
3442 3340 3606 3406 δόξαν
3659 3337 3791 3392 Θεού

2209 3433 2304 3487 καὶ
2336 3432 2666 3501 ποιήσαντες
2686 3428 2779 3482 καί⁵
2799 3428 3042 3488 εἰπόντες
3073 3425 3167 3480 καὶ
3198 3424 3790 3495 πραγματευσάμενοι,

2208 3516 2308 3587 τῆς
2341 3515 2473 3586 παρ’
2501 3512 2667 3568 αὐτοῦ
2690 3505 2948 3583 ττύχωμεν
2979 3509 3136 3579 δόξης
3162 3510 3254 3562 καὶ
3277 3507 3512 3562 ἐνταῦθα
3535 3509 3639 3560 καὶ
3662 3507 3795 3578 μετά

2209 3600 2310 3670 τὴν
2340 3597 2586 3652 ἐντεῦθεν
2620 3595 2950 3667 ἀποδημίαν.
2979 3594 3126 3660 Τοὺς
3148 3593 3257 3665 γὰρ
3295 3590 3664 3658 δοξάζοντάς
3697 3607 3790 3660 με,

2211 3683 2346 3754 φησὶ
2371 3680 2541 3754 [707],
2575 3678 2837 3744 δοξάσω.
2887 3677 2978 3748 Μὴ
3024 3679 3202 3730 τοίνυν
3233 3677 3493 3748 ῥήμασιν,
3528 3675 3669 3729 ἀλλὰ
3703 3676 3794 3728 καὶ

2211 3766 2300 3821 διά
2332 3765 2442 3819 τῶν
2473 3764 2816 3835 πραγμάτων
2865 3760 3027 3815 αὐτὸν
3055 3759 3369 3829 δοξάζωμεν
3409 3758 3653 3829 συνεχῶς
3698 3761 3792 3811 σὺν

2211 3847 2434 3920 Χριστῷ
2476 3846 2555 3918 τῷ
2591 3845 2709 3915 Θεῷ
2741 3845 2921 3916 ήμῶν,
2955 3842 3210 3914 ὅτιεαύτῷ
3237 3842 3435 3913 πρέπει
3459 3844 3611 3895 πᾶσα
3645 3842 3788 3906 δόξα,

2212 3933 2344 4003 τιμὴ
2366 3933 2461 3986 καὶ
2481 3929 2869 4002 προσκύνησις,
2887 3928 2979 3983 νῦν
3001 3929 3095 3982 καὶ
3124 3928 3211 3981 ἀεὶ
3236 3925 3330 3980 καὶ¹
3352 3927 3430 3990 εἰς
3444 3927 3568 3988 τοὺς
3585 3927 3791 3988 αἰῶνας

2211 4017 2322 4072 τῶν
2354 4015 2585 4068 αἰώνων.
2633 4015 2825 4085 Ἀμήν.

2279 4159 2302 4190 ³
2331 4156 2414 4206 Sic
2432 4158 2531 4206 duo
2552 4170 2664 4205 mss.
2689 4163 2743 4204 et
2773 4157 2886 4206 Sav.
2915 4163 3063 4218 alque
3087 4157 3302 4218 ilaﬂlegit
3322 4156 3592 4218 interpres.
3616 4153 3787 4206 Iorel.

2213 4234 2333 4271 vero
2356 4221 2411 4268 ού
2431 4220 2624 4269 δυνατὸν
2643 4220 2796 4268 πάντα
2815 4221 2879 4276 εἰς
2899 4220 3036 4275 δόξαν
3056 4217 3181 4267 Θεοῦ
3202 4217 3369 4267 ποιεῖν.

535 4419 3785 4451 mg

1665 4545 1774 4605 AD
1811 4543 2203 4606 HOMILIAS
2251 4545 2357 4606 DE
2408 4543 2722 4606 LAZARO

627 4728 744 4798 Qua
773 4730 900 4785 anni
945 4738 1266 4800 tempestate
1293 4740 1349 4786 et
1379 4746 1484 4800 qua
1525 4728 1614 4786 die
1650 4730 1881 4800 primam
1917 4730 1984 4785 de
2019 4728 2124 4784 La-

554 4840 683 4879 zaro
717 4823 996 4877 homiliam
1027 4821 1282 4876 habuerit
1321 4823 1768 4893 Chrysostomus.
1823 4837 1946 4876 cum
2007 4823 2122 4891 ipse

555 4912 743 4968 titulus
775 4911 1034 4978 declarat,
1067 4912 1204 4983 μετὰ
1233 4913 1330 4976 τάς
1360 4912 1626 4976 καλάνδας
1651 4916 1716 4984 τῇ
1757 4914 1880 4984 ἑξῆς
1911 4915 1968 4966 ἐν
2014 4914 2123 4967 Ἀν-

552 5003 757 5074 τιοχείᾳ
808 5002 1038 5073 λεχθείς,
1079 5001 1343 5058 Postridie
1375 5003 1644 5057 Kalendas
1688 5005 1986 5059 Antiochia:
2025 5005 2121 5058 ha-

552 5095 690 5148 bitus
731 5110 942 5160 sermo;
977 5102 1090 5148 tum
1131 5097 1294 5150 etiam
1335 5098 1439 5151 hoc
1487 5095 1769 5150 coucionis
1832 5096 2113 5150 exordium

551 5183 868 5240 Hesternum
901 5188 1059 5249 diem,
1100 5205 1216 5242 cum
1249 5198 1382 5244 esset
1423 5188 1611 5258 festum
1640 5187 1879 5251 Saluum,
1920 5187 2121 5255 fecistis

549 5277 742 5345 [cuum
780 5277 1030 5349 Spiritus,
1053 5283 1185 5351 Quia
1215 5281 1381 5336 multo
1422 5298 1538 5335 cum
1566 5282 1731 5334 animi
1774 5280 1948 5334 studio
1981 5296 2121 5336 rece-

552 5373 700 5437 pistis
737 5389 800 5427 ea
829 5389 946 5444 qua.»
981 5391 1012 5427 a
1042 5374 1189 5428 nobis
1213 5375 1544 5440 dicebantur,
1576 5385 1679 5430 etc.
1732 5373 1885 5430 Unde
1915 5372 2117 5430 inferas

554 5462 782 5526 primam
836 5464 983 5518 illam
1028 5465 1093 5518 de
1132 5463 1342 5521 Lazaro
1381 5466 1658 5520 homiliam
1709 5466 1906 5519 dictam
1946 5465 2116 5520 fuisse

551 5559 796 5608 secundo
825 5553 1072 5610 Januarii
1122 5556 1230 5622 die,
1295 5567 1416 5628 post
1454 5556 1654 5612 festum
1715 5554 2110 5623 Saturualium,

550 5641 696 5710 quod
722 5657 846 5699 vere
878 5642 1078 5701 festum
1111 5644 1326 5703 Satanae
1343 5657 1480 5715 erat,
1515 5649 1606 5704 ubi
1636 5647 1990 5713 temulentiae,
2018 5649 2115 5704 tri-

2225 4732 2428 4802 pudiis,
2464 4732 2871 4798 saltationibus,
2913 4730 3426 4798 comessationibus,
3471 4729 3706 4800 aliisque
3724 4741 3787 4782 ex

2226 4823 2496 4879 Bacchico
2527 4825 2622 4880 illo
2651 4822 2836 4880 lurore
2862 4824 3344 4893 consequentibus,
3382 4837 3601 4893 operam
3635 4820 3786 4875 dabat

2224 4931 2349 4985 pars
2405 4917 2642 4970 maxima
2697 4915 2953 4970 civitalis.
3016 4914 3350 4983 Videturquc
3395 4913 3588 4968 eodem
3648 4927 3783 4967 anno

2226 5007 2406 5062 habita
2445 5023 2554 5077 quo
2595 5007 2818 5061 homilia
2854 5007 2904 5060 in
2941 5005 3231 5072 Kalendas,
3263 5005 3483 5076 quando
3526 5016 3584 5058 ut
3617 5005 3783 5058 disso-

2224 5099 2370 5154 lutos
2399 5114 2577 5152 mores
2605 5098 2655 5151 vi
2699 5107 3088 5166 compesceret,
3119 5107 3338 5152 strenue
3365 5105 3557 5151 contra
3588 5097 3777 5148 saluui-

2224 5209 2337 5246 cam
2367 5192 2507 5247 hanc
2545 5191 2996 5246 consuetudinem
3025 5190 3379 5246 concionalus
3445 5199 3529 5243 est
3572 5199 3781 5244 sanctus

2223 5286 2451 5349 doctor;
2484 5282 2719 5352 idipsum
2755 5283 2898 5336 enim
2931 5281 3172 5337 declarat
3203 5283 3254 5336 in
3290 5282 3516 5336 exordio
3557 5281 3780 5335 homilia:

2225 5375 2388 5442 hujus
2420 5373 2610 5443 prima:
2636 5372 2702 5428 de
2734 5371 2956 5426 Lazaro.
2994 5372 3068 5426 De
3103 5387 3247 5426 anno
3273 5382 3453 5425 autem
3487 5387 3556 5426 ne
3595 5370 3778 5440 proha-

2223 5465 2318 5520 bili
2350 5465 2566 5534 quidem
2609 5461 2919 5530 conjectura
2966 5463 3248 5533 quidpiam
3297 5471 3534 5517 statuere
3593 5475 3779 5531 possu-

2221 5573 2362 5614 mus.
2419 5555 2556 5612 Nam
2619 5571 2741 5628 quae
2794 5555 3146 5612 llermantius
3201 5568 3362 5626 atque
3413 5554 3778 5610 Tiilcmonlius

2220 5650 2433 5717 dicunt,
2470 5659 2530 5706 ut
2557 5652 2655 5706 bas
2692 5648 2958 5735 homilias.
2984 5650 3052 5735 in
3089 5665 3302 5727 annum
3329 5648 3431 5725 387
3483 5645 3772 5725 conferant!
