4046 6146
262 262 367 322 ων

257 402 370 454 sus,
403 396 669 460 aspectus,
698 386 858 443 verba
882 426 897 454 ,
923 399 1207 441 consessus
1226 427 1241 452 ,
1265 386 1536 456 ingressus
1563 428 1578 451 ,
1614 389 1789 444 exitus
1814 429 1835 459 ,

256 481 465 537 facetia:
492 520 510 543 ,
537 478 900 545 laudationes,
935 477 1377 547 vituperationes,
1423 480 1841 535 commendatio-

256 589 378 641 nes,
404 571 673 637 amicitiae,
702 567 990 623 ἰιιὶηιὶοἰιὶω
1007 578 1229 639 possunt
1256 580 1474 639 propter
1500 570 1664 625 Deum
1690 571 1839 627 ﬁeri:

254 664 382 735 quid
408 669 593 726 restat,
621 661 663 714 si
683 660 1023 724 voluerimus,
1044 658 1184 729 quod
1212 675 1317 713 non
1343 662 1606 728 possimus
1626 673 1844 731 propter

256 758 427 813 Deum
457 753 669 809 facere?
694 752 830 819 Quid
856 753 1088 807 carceris
1112 752 1422 807 custodibus
1447 753 1682 808 deterius
1722 768 1844 808 esse

255 847 471 921 potest?
519 846 704 901 Nonne
730 847 842 899 haec
866 845 972 898 vita
998 845 1234 897 omniutn
1258 843 1581 914 nequissima
1617 859 1737 899 esse
1758 844 1840 898 vi-

257 940 451 998 detur?
488 940 637 995 Licet
665 948 841 997 ωηιξη
870 938 917 991 ei
948 937 1038 1006 qui
1080 937 1205 991 velit
1254 937 1380 992 inde
1408 937 1616 992 lucrum
1658 952 1843 1008 repor-

255 1043 393 1095 tare,
409 1030 623 1101 quando
644 1029 833 1081 vinctis
847 1028 1033 1097 parcit,
1056 1026 1269 1096 quando
1283 1027 1478 1096 injuste
1500 1028 1841 1084 incarcerem

254 1122 527 1192 conjectos
546 1128 720 1184 curat,
743 1128 797 1173 et
825 1119 876 1173 in
906 1118 1094 1173 alienis
1114 1118 1506 1173 calamitatibus
1531 1134 1638 1173 non
1676 1134 1843 1189 nego-

254 1215 419 1269 tiatur
456 1230 473 1266 :
502 1211 715 1282 quando
753 1209 1052 1263 communis
1095 1209 1406 1279 proponitur
1432 1209 1679 1264 omnibus
1706 1209 1845 1263 affli-

255 1310 359 1362 ctis
393 1315 601 1377 portus.
642 1303 716 1357 lta
756 1311 938 1357 custos
963 1302 1193 1357 carceris
1225 1301 1372 1355 Pauli
1403 1302 1627 1357 salutem
1654 1312 1842 1357 nactus

256 1409 341 1455 est
368 1399 392 1471 (
417 1400 529 1451 Act.
559 1396 645 1451 16.
667 1396 757 1450 27.
787 1413 899 1468 sqq.
936 1396 990 1465 ):
1025 1394 1164 1449 unde
1189 1394 1353 1464 liquet
1381 1409 1477 1448 nos
1501 1410 1567 1449 ex
1596 1395 1842 1451 omnibus

257 1491 441 1553 rebus,
476 1489 521 1543 si
546 1488 892 1554 voluerimus,
924 1487 1125 1540 lucrum
1158 1487 1332 1542 facere
1354 1500 1533 1556 posse.

328 1582 383 1637 6.
410 1579 574 1649 Quid,
604 1593 811 1649 quaeso,
842 1577 989 1633 caede
1013 1577 1279 1647 indignius
1299 1592 1419 1632 esse
1446 1576 1659 1649 potest?
1683 1579 1842 1632 Atta-

259 1687 380 1728 men
406 1670 663 1742 justitiam
693 1668 885 1725 aﬁ‘erre
914 1669 1083 1739 potuit
1106 1669 1265 1724 etiam
1296 1672 1395 1723 hoc
1421 1669 1643 1734 facinus,
1674 1669 1724 1725 ei
1751 1668 1842 1739 qui

259 1763 546 1819 admiserat
575 1778 588 1814 :
618 1760 748 1815 tanti
774 1769 856 1815 est
885 1770 1101 1830 propter
1130 1760 1294 1814 Deum
1325 1760 1611 1830 quidquam
1642 1759 1839 1815 facere.

259 1857 329 1911 At
353 1852 621 1925 quomodo
647 1850 1001 1922 potuitc'cdes
1017 1850 1276 1920 justitiam
1294 1850 1522 1905 afferre?
1547 1850 1844 1905 Madianitze

259 1949 384 2004 olim
412 1947 659 2001 Volebam
686 1944 949 1999 infensum
980 1944 1143 1999 Deum
1172 1942 1373 1999 Judmis
1403 1946 1578 1998 facere
1597 1986 1612 2008 ,
1642 1943 1740 1998 hac
1760 1944 1843 1997 via

260 2037 499 2095 arbitrati
525 2052 585 2092 se
614 2036 731 2091 illos
757 2050 1008 2105 superare
1038 2049 1193 2105 posse
1219 2077 1234 2102 ,
1272 2035 1316 2088 si
1348 2028 1716 2089 benevolentia
1748 2034 1843 2089 Dei

260 2131 381 2186 illos
416 2130 722 2199 privarant;
770 2126 973 2198 puellas
1011 2137 1367 2191 cxornantes,
1396 2135 1452 2181 et
1490 2126 1541 2179 in
1572 2126 1841 2180 exercitus

259 2230 551 2292 conspectu
571 2220 917 2283 collocantes,
948 2218 1385 2273 lenocinahantur
1413 2234 1527 2284 eos,
1560 2228 1614 2272 et
1638 2217 1703 2272 ad
1733 2227 1846 2273 stu-

260 2331 413 2387 prum
435 2317 628 2387 primo,
650 2312 845 2368 deinde
868 2312 1029 2367 etiam
1049 2311 1114 2368 ad
1138 2311 1460 2382 impietatem
1490 2311 1842 2367 adducebant.

259 2407 372 2466 Hoc
396 2422 519 2464 cum
540 2406 763 2463 vidisset
788 2404 1016 2461 Phinees
1040 2446 1056 2472 ,
1092 2405 1226 2460 duos
1264 2406 1317 2459 in
1356 2406 1469 2474 ipsa
1496 2404 1847 2461 fornicatione

262 2500 700 2572 deprehendens,
744 2497 985 2554 districto
1025 2497 1199 2569 gladio
1244 2506 1497 2566 utrosque
1528 2497 1842 2560 transfodit,

262 2594 461 2664 Deique
490 2592 622 2646 iram
652 2606 682 2645 a
713 2590 976 2646 destinata
1001 2591 1262 2645 sententia
1285 2588 1501 2642 deduxit
1520 2586 1707 2658 (Num.
1727 2588 1844 2657 ‘25).

264 2687 341 2742 Ac
366 2687 569 2740 facinus
592 2683 807 2755 quidem
837 2683 1009 2753 ipsum
1037 2681 1212 2737 caedes
1245 2681 1342 2735 fuit
1374 2699 1390 2736 :
1421 2680 1625 2735 fructus
1665 2690 1842 2735 autem

262 2779 423 2844 illius,
448 2778 682 2833 omnium
708 2774 1097 2846 perdendorum
1126 2774 1269 2827 salus
1297 2790 1310 2827 :
1343 2772 1481 2827 unde
1509 2781 1563 2827 et
1584 2772 1843 2843 justitiam

262 2870 438 2925 attulit
457 2869 527 2935 ei,
558 2868 648 2938 qui
675 2868 776 2921 hoc
804 2866 947 2921 fecit.
980 2864 1049 2919 Et
1074 2879 1177 2918 non
1207 2863 1365 2919 modo
1389 2878 1495 2917 non
1524 2878 1710 2917 manus
1735 2861 1849 2917 haec

263 2958 439 3015 caedes
477 2957 771 3029 inquinavit
801 2995 817 3019 ,
860 2956 955 3010 sed
998 2955 1166 3009 multo
1208 2953 1367 3009 etiam
1412 2951 1654 3023 puriorcs
1696 2949 1843 3006 fecit.

263 3055 438 3125 Atque
464 3051 515 3106 id
536 3051 658 3122 jure
681 3049 892 3120 quidem
918 3064 932 3101 :
961 3062 1067 3101 non
1094 3046 1235 3101 enim
1261 3060 1327 3101 ex
1351 3059 1536 3100 eorum
1561 3044 1686 3099 odio
1714 3057 1849 3115 quos

264 3142 554 3211 interfecit,
578 3154 629 3198 et
656 3141 870 3207 invidia,
901 3138 999 3195 sed
1028 3148 1085 3194 ut
1108 3153 1315 3201 eorum,
1337 3137 1428 3208 qui
1453 3134 1846 3206 superfuerant,

265 3236 423 3293 saluti
461 3235 797 3301 consuleret,
830 3233 930 3287 hoc
958 3230 1213 3301 suscepit.
1265 3228 1408 3283 Duos
1451 3224 1756 3292 interfecit,
1798 3233 1853 3280 et

267 3330 526 3386 inﬁnitam
576 3327 849 3382 hominum
893 3323 1280 3379 multitudinem
1328 3321 1579 3377 servavit.
1622 3318 1852 3375 Perinde

265 3431 445 3478 autem
476 3418 602 3476 fecit
626 3433 690 3473 ac
714 3416 909 3473 medici
937 3416 1133 3483 solent,
1160 3414 1247 3485 qui
1281 3423 1457 3483 partes
1479 3410 1719 3480 corporis
1751 3425 1851 3479 pu-

267 3520 562 3569 vescentes
581 3508 921 3581 amputanda,
948 3508 1207 3577 integrmn
1229 3515 1282 3559 et
1302 3518 1488 3558 sanum
1511 3515 1703 3571 corpus
1723 3515 1853 3555 eon-

267 3613 529 3663 servant:
563 3602 641 3657 sic
668 3610 722 3657 et
763 3601 850 3654 ille
890 3598 1033 3654 fecit.
1081 3597 1369 3667 Propterea
1415 3594 1691 3649 Psalmista
1730 3592 1804 3645 ait
1836 3608 1849 3644 :

270 3697 421 3752 Stetit
448 3694 668 3751 Phineas
685 3735 703 3761 ,
733 3703 778 3747 et
811 3691 1027 3763 placauit
1046 3731 1061 3754 ,
1089 3700 1134 3744 et
1162 3690 1368 3744 cessavit
1394 3687 1668 3758 quassatio,
1692 3694 1739 3738 et
1765 3700 1849 3739 re-

270 3801 501 3862 putatum
517 3800 587 3844 est
609 3788 686 3843 illi
710 3787 778 3840 ad
791 3786 1067 3855 justitiam,
1094 3800 1126 3837 a
1154 3782 1472 3855 generatione
1493 3779 1560 3833 ad
1584 3777 1858 3851 generatio-

272 3898 387 3936 nem
406 3922 421 3946 ,
451 3896 606 3950 usque
646 3880 698 3932 in
734 3877 1091 3945 sempiternum
1116 3876 1135 3947 (
1166 3874 1311 3929 Paul.
1342 3872 1464 3927 105.
1494 3869 1563 3926 50
1588 3869 1606 3941 )
1634 3886 1647 3922 :
1679 3868 1857 3938 itaque

272 3971 585 4029 immortalis
602 3969 757 4039 hujus
773 3978 918 4023 recte
934 3968 1053 4022 facti
1072 3966 1323 4021 memoria
1343 3969 1632 4035 permanet.
1654 3960 1857 4015 Rursus

271 4063 406 4118 alius
441 4061 611 4116 oravit
634 4068 689 4114 et
712 4059 979 4115 lacessivit
1013 4058 1176 4113 Deum
1206 4074 1220 4112 :
1248 4056 1381 4111 adeo
1408 4063 1491 4110 est
1518 4050 1716 4123 aliquid
1751 4065 1859 4105 non

273 4166 491 4228 propter
521 4156 689 4210 Deum
733 4153 909 4209 facere
942 4173 956 4209 :
987 4153 1313 4207 Pharisamm
1354 4151 1474 4206 dico
1523 4147 1692 4222 (Luc.
1724 4144 1856 4216 l8).

265 4248 381 4308 Sed
404 4245 851 4317 quemadmodum
878 4244 1105 4299 Phinees
1134 4244 1292 4299 etiam
1316 4256 1438 4297 cum
1467 4239 1665 4296 caulem
1694 4236 1854 4292 fecis-

1269 273 1582 333 llOMthE
1622 278 1711 333 DE
1748 278 2046 335 LAZARO.
2075 310 2146 324 -
2175 281 2522 342 MONITUM.

3428 298 3535 354 902

1942 400 2063 459 set,
2093 396 2356 464 gratiosus
2383 399 2523 468 apud
2567 401 2732 459 Deum
2779 403 2912 461 fuit:
2943 405 3021 462 sic
3047 415 3103 463 et
3148 408 3247 464 iste
3289 425 3395 465 non
3435 426 3530 480 per

1948 487 2306 554 precationem
2327 491 2566 559 offendit,
2593 494 2688 549 sed
2713 509 2810 565 per
2834 497 2995 552 animi
3020 498 3370 566 affectionem,
3397 518 3532 570 qna-

1947 589 2068 629 cum
2096 580 2433 647 prceabatur,
2462 584 2740 654 prolapsus
2764 594 2865 642 est.
2894 587 2969 642 ita
2993 588 3154 643 etiam
3182 590 3226 644 si
3255 589 3531 659 spirituale

1946 664 2142 735 aliquid
2168 668 2362 738 fuerit,
2393 672 2438 725 si
2471 682 2646 728 tamen
2676 686 2893 746 propter
2921 678 3088 733 Deum
3117 694 3221 734 non
3253 680 3378 747 ﬁat,
3406 696 3531 736 cum

1949 758 2136 825 primis
2163 760 2310 814 illutn
2339 763 2512 828 laedit,
2544 766 2633 834 qui
2675 768 2817 822 facit.
2850 768 3309 835 Quemadmodum
3343 773 3388 826 si
3426 773 3531 827 ali-

1947 849 2072 917 quid
2112 852 2369 908 smculare
2407 867 2623 924 propter
2662 857 2824 913 Deum
2862 862 2971 926 ﬁat,
3000 860 3283 916 admodum
3317 862 3532 932 adjuvat

1947 952 2091 1004 cum,
2121 940 2208 1009 qui
2250 956 2370 997 cum
2413 946 2655 1015 religiosa
2700 948 2753 1003 id
2797 949 2921 1005 facit
2967 962 3163 1006 mente.
3209 952 3346 1019 Quid
3386 953 3529 1008 enirn

1947 1032 2093 1087 crede
2121 1035 2330 1103 gravius
2357 1046 2450 1091 aut
2484 1039 2794 1096 horribilius
2821 1058 2940 1097 esse
2970 1044 3182 1113 potest?
3209 1044 3416 1100 Justum
3448 1056 3527 1099 ta-

1947 1137 2069 1177 men
2098 1124 2274 1180 ell‘ecit
2298 1142 2419 1182 eum
2449 1129 2540 1198 qui
2583 1129 2634 1184 id
2662 1145 2822 1186 ausus
2848 1144 2948 1186 est.
2972 1133 3191 1200 Qualem
3216 1149 3343 1205 ergo
3368 1150 3528 1189 excu-

1945 1215 2205 1272 sationem
2231 1218 2545 1275 habebimus
2568 1238 2665 1277 nos
2683 1264 2697 1289 ,
2722 1224 2811 1293 qui
2828 1226 3053 1280 dicimus
3076 1242 3139 1281 ex
3166 1227 3412 1281 omnibus
3439 1242 3527 1282 re-

1946 1304 2047 1360 bus
2068 1306 2377 1365 lucrifacere
2399 1320 2454 1365 et
2473 1313 2650 1366 omnia
2680 1323 2896 1383 propter
2918 1315 3084 1368 Deum
3112 1331 3208 1370 nos
3229 1318 3399 1371 facere
3421 1333 3528 1372 non

1948 1408 2105 1465 posse
2124 1438 2138 1462 ,
2168 1413 2289 1453 cum
2329 1400 2661 1458 inveniamus
2688 1404 2847 1457 etiam
2875 1404 2965 1473 qui
2985 1420 3016 1459 e
3047 1405 3192 1461 unde
3221 1407 3423 1461 lucrum
3455 1409 3531 1461 fe-

1946 1489 2172 1543 cerunt?
2200 1489 2255 1545 Si
2277 1491 2511 1546 animum
2532 1493 2811 1555 advertere
2840 1495 3181 1561 voluerimus,
3205 1495 3317 1550 sive
3341 1511 3530 1551 emen-

1946 1579 2106 1646 dum,
2136 1581 2250 1637 sive
2292 1583 2629 1639 vendendum
2670 1585 2777 1652 sit,
2826 1586 2879 1640 in
2918 1594 3027 1640 tota
3063 1587 3167 1640 vita
3198 1587 3528 1658 spiritualem

1948 1671 2087 1726 hanc
2111 1684 2463 1729 mercaturam
2490 1674 2748 1731 faciemus
2779 1694 2792 1729 :
2827 1686 2883 1731 ut
2911 1678 2954 1731 si
2986 1678 3219 1748 legitimo
3248 1679 3417 1748 pretio
3446 1679 3531 1733 ni-

1948 1760 2022 1814 hil
2051 1762 2277 1832 amplius
2305 1766 2657 1835 requiramus,
2685 1766 3050 1822 difﬁcultatem
3077 1784 3305 1824 annona:
3330 1785 3529 1839 nequa-

1948 1867 2106 1923 quam
2123 1854 2488 1924 observemus,
2511 1866 2565 1911 et
2588 1867 2696 1911 tum
2715 1859 2993 1929 egentibus
3012 1859 3381 1914 divendamus.
3410 1859 3529 1914 Ma-

1951 1946 2158 1999 ledicta:
2185 1948 2317 1999 enim
2335 1987 2348 2011 ,
2375 1948 2564 2017 inquit,
2595 1949 2701 2014 ille,
2727 1951 2815 2020 qui
2840 1950 3079 2020 frumenti
3103 1952 3359 2004 caritatem
3384 1960 3534 2020 auget

1949 2036 1969 2106 (
1999 2035 2151 2091 Prov.
2179 2039 2267 2093 ll.
2290 2038 2416 2111 26).
2444 2039 2549 2095 Sed
2574 2039 2699 2110 quid
2724 2049 2933 2109 Oportet
2958 2041 3163 2111 singula
3189 2056 3530 2111 percensere.

1949 2129 2068 2187 Uno
2096 2132 2341 2202 exemplo
2377 2133 2554 2187 omnia
2584 2133 2883 2204 colligenda
2918 2134 3146 2190 fuerant.
3181 2134 3533 2203 Quemadmoo

1948 2225 2073 2280 dum
2102 2226 2245 2280 enim
2270 2224 2623 2281 mdiﬁcalores
2650 2242 2771 2281 cum
2802 2242 3010 2280 murum
3035 2228 3355 2281 exstructuri
3384 2235 3532 2291 sunt,

1949 2317 2202 2372 amussim
2229 2317 2298 2373 ab
2317 2319 2510 2387 angulo
2529 2318 2596 2372 ad
2621 2319 2871 2388 angulum
2893 2318 3111 2381 ducunt,
3138 2327 3298 2388 atque
3325 2318 3395 2372 ita
3421 2333 3534 2372 mu-

1950 2425 2069 2464 rum
2095 2418 2429 2474 construunt,
2455 2419 2514 2463 ut
2540 2409 2757 2464 minime
2783 2410 3061 2479 inatqunlis
3087 2408 3203 2478 ejus
3228 2408 3536 2478 superﬁcies

1950 2502 2173 2557 exsistat
2205 2519 2217 2555 :
2240 2502 2319 2556 sic
2345 2508 2398 2555 et
2425 2514 2522 2554 nos
2549 2515 2646 2570 pro
2669 2499 2868 2555 amussi
2893 2500 3115 2555 verbum
3148 2500 3248 2554 hoe
3276 2498 3533 2552 adhibea-

1951 2608 2071 2648 mus
2094 2592 2233 2663 quod
2259 2592 2398 2662 apud
2412 2589 2451 2643 A
2459 2589 2723 2659 postolum
2754 2596 2835 2646 est
2859 2607 2872 2644 :
2896 2590 3013 2646 Sive
3038 2592 3204 2657 editis,
3227 2591 3327 2644 sive
3348 2589 3533 2655 bibitis,

1950 2687 2051 2741 sive
2092 2686 2213 2757 quid
2248 2686 2390 2740 aliud
2434 2686 2600 2757 facitis
2629 2725 2644 2750 ,
2688 2684 2857 2739 omnia
2891 2686 2957 2737 ad
2994 2684 3207 2755 gloriam
3252 2682 3344 2736 Dei
3389 2683 3539 2753 facile

1954 2775 1977 2850 (
2000 2778 2047 2831 ι.
2077 2777 2193 2831 Cor.
2216 2775 2301 2831 l0.
2324 2773 2434 2847 51).
2463 2775 2584 2831 Sive
2600 2790 2726 2846 ergo
2749 2789 3046 2845 precemur,
3075 2773 3186 2827 sive
3212 2773 3537 2843 jejunemus,

1953 2870 2066 2927 sive
2089 2882 2419 2934 accusemus,
2441 2867 2552 2922 sive
2572 2866 2955 2932 condonemus,
2992 2866 3105 2921 sive
3125 2864 3399 2919 laudemus
3430 2863 3542 2919 sive

1954 2963 2355 3031 vituperamus,
2398 2958 2511 3014 sive
2557 2957 2916 3027 ingrediamur
2956 2957 3069 3011 sive
3095 2969 3383 3019 exeamus,
3428 2953 3541 3009 sive

1956 3052 2251 3107 vendamus
2286 3051 2401 3105 sive
2438 3062 2697 3116 emamus,
2734 3048 2846 3102 sive
2874 3054 3143 3101 taceamus
3168 3046 3279 3099 sive
3303 3044 3543 3113 dispute-

1955 3159 2096 3211 mus,
2127 3144 2239 3200 sive
2257 3141 2397 3199 aliud
2424 3141 2549 3212 quid
2576 3140 2867 3195 faciamus:
2895 3137 3075 3192 omnia
3096 3136 3162 3190 ad
3188 3135 3413 3206 gloriam
3442 3133 3542 3189 Dei

1958 3236 2247 3301 faciamus,
2280 3243 2334 3289 et
2360 3233 2405 3288 si
2448 3232 2573 3303 quid
2603 3232 2669 3287 ad
2698 3230 2919 3302 gloriam
2962 3229 3053 3283 Dei
3096 3242 3203 3282 non
3240 3226 3536 3297 pertineat,

1957 3327 2087 3384 illud
2118 3342 2287 3397 neque
2315 3325 2455 3380 facto
2474 3366 2490 3393 ,
2518 3339 2688 3393 neque
2708 3322 2850 3377 dicto
2874 3336 2903 3375 a
2930 3320 3083 3375 nobis
3109 3327 3420 3388 usurpetur;
3447 3314 3543 3372 sed

1960 3437 2057 3493 pro
2086 3420 2273 3476 baculo
2302 3431 2514 3488 magno,
2544 3432 2642 3487 pro
2671 3416 2857 3481 armis,
2885 3428 2981 3484 pro
3010 3411 3277 3483 prtesidio,
3303 3425 3398 3481 pro
3427 3409 3544 3464 the-

1959 3513 2131 3568 sauris
2154 3508 2448 3575 immensis,
2465 3507 2786 3576 ubicumque
2811 3505 2995 3569 simus,
3023 3502 3125 3557 hoc
3148 3501 3345 3556 dictum
3367 3499 3545 3553 animo

1962 3604 2314 3662 inscribentes
2333 3642 2349 3667 ,
2382 3600 2658 3657 nobiscum
2684 3595 3121 3653 circumferamus
3141 3635 3155 3661 ,
3186 3601 3245 3647 ut
3272 3590 3446 3647 omnia
3476 3588 3545 3643 ad

1960 3696 2180 3769 gloriam
2214 3693 2307 3749 Dei
2345 3691 2629 3755 facientes,
2661 3689 2938 3759 loquentes
2960 3726 2975 3751 ,
3010 3684 3359 3754 suscipientes
3379 3724 3395 3750 ,
3431 3691 3545 3735 tum

1965 3791 2070 3853 hic,
2101 3800 2211 3843 tum
2237 3796 2358 3858 post
2383 3785 2538 3856 hujus
2568 3784 2691 3838 vitae
2722 3779 3202 3852 peregrinationem
3232 3777 3453 3848 gloriam
3478 3774 3546 3830 ab

1963 3897 2028 3937 eo
2055 3893 2465 3948 consequamur.
2496 3876 2584 3930 Ait
2608 3875 2750 3929 enim
2781 3891 2794 3926 :
2829 3871 3005 3925 Gloria
3025 3870 3291 3941 ajﬁcientes
3315 3884 3413 3931 me,
3443 3866 3546 3937 glo-

1963 3974 2042 4028 ria
2062 3973 2276 4043 aﬁ‘iciam
2302 3970 2373 4042 (1.
2400 3967 2528 4038 Reg.
2549 3967 2605 4019 2.
2637 3965 2749 4036 '50).
2773 3962 2888 4017 Non
2915 3962 3070 4017 dictis
3096 3974 3244 4029 ergo,
3268 3958 3365 4013 sed
3394 3957 3546 4010 factis

1966 4065 2095 4135 ipsis
2115 4064 2261 4117 illum
2285 4059 2495 4114 assidue
2518 4057 2685 4128 gloria
2708 4054 2999 4108 afﬁciamus
3037 4064 3157 4105 cum
3179 4049 3390 4104 Christo
3437 4047 3549 4103 Deo

1967 4170 2151 4214 nostro
2182 4172 2197 4208 :
2229 4155 2348 4225 quia
2382 4153 2529 4208 illum
2553 4150 2707 4206 decet
2730 4146 2908 4203 omnis
2933 4145 3121 4215 gloria,
3154 4142 3327 4196 honor
3348 4148 3402 4195 et
3420 4138 3551 4193 ado-

1967 4253 2125 4316 ratio,
2150 4262 2289 4303 nunc
2306 4254 2363 4301 et
2378 4258 2591 4315 semper
2618 4249 2673 4298 et
2697 4240 2751 4295 in
2774 4237 2970 4295 saecula
2990 4235 3325 4291 saeculorum.
3351 4232 3545 4287 Amen.

295 4473 3525 4526 W

1712 4633 2103 4697 MONITUM.

296 4846 527 4905 prorsus
562 4828 708 4883 nulla
754 4841 875 4883 esse
919 4823 1272 4896 probavimus
1315 4838 1371 4877 tu
1414 4820 1617 4877 Μοιιίιο
1665 4832 1869 4890 praece-

300 4923 451 4980 denti
479 4920 547 4976 ad
581 4919 864 4973 homiliam
892 4918 947 4971 in
978 4914 1270 4978 Kalendas,
1298 4914 1391 4968 ubi
1424 4912 1546 4966 vide
1584 4910 1682 4965 sis.

371 5009 551 5067 Hasce
572 5021 705 5062 vero
742 5005 1036 5061 conciones
1068 5012 1466 5072 consequenter
1502 5000 1710 5064 habuit,
1737 5014 1871 5069 pau-

301 5105 493 5173 cisque
544 5099 882 5169 interpositis
926 5098 1066 5152 inter
1108 5095 1353 5166 singulas
1405 5094 1616 5148 diebus.
1668 5091 1869 5146 Earum

303 5208 469 5265 porro
507 5205 731 5248 cursum
784 5192 1120 5258 intercepere
1152 5188 1288 5243 festa
1337 5188 1512 5242 sancti
1541 5185 1774 5257 Babylae,
1820 5193 1875 5239 et

301 5296 621 5344 sanctorum
650 5282 925 5339 Juventini
952 5294 1007 5337 et
1036 5281 1317 5336 Maximini
1358 5291 1682 5351 martyrum,
1729 5294 1869 5348 quo-

297 5396 422 5436 rum
450 5380 698 5435 encomia
725 5386 786 5433 ut
807 5376 1107 5432 celebraret
1132 5375 1580 5446 Chrysostomus,
1613 5381 1865 5442 quartam

294 5473 365 5527 de
391 5471 601 5526 Lazaro
626 5468 910 5525 homiliam
936 5468 1146 5537 aliquot
1178 5467 1370 5522 diebus
1409 5466 1617 5522 tardius
1656 5466 1866 5532 habuit,

298 5573 359 5619 ut
388 5562 507 5633 ipse
550 5568 738 5616 monet
772 5559 929 5613 initio
977 5568 1206 5629 quartae.
1270 5556 1417 5612 Cave
1477 5565 1657 5611 autem
1711 5566 1867 5625 putes

302 5656 473 5718 illam,
501 5667 663 5724 quam
688 5652 889 5710 ibidem
918 5659 1207 5718 memorat,
1242 5650 1299 5706 in
1327 5658 1576 5708 sanctum
1611 5648 1867 5722 Babylam

1963 4818 2307 4883 concionem,
2342 4831 2464 4873 esse
2491 4815 2689 4870 librum
2712 4814 2863 4868 illum
2893 4812 3162 4883 prolixum
3203 4810 3256 4867 in
3286 4819 3532 4867 sanctum

1965 4913 2226 4985 Babylam
2275 4920 2329 4967 et
2373 4918 2566 4965 contra
2603 4906 2851 4976 gentiles,
2886 4914 2947 4959 ut
2992 4902 3324 4958 existimavit
3369 4908 3420 4953 et
3481 4900 3533 4953 in

1968 5005 2216 5075 margine
2239 5002 2449 5057 notavit
2484 4998 2688 5053 Fronto
2733 4996 2983 5051 Dueaeus.
3042 4992 3179 5047 Nam
3223 4999 3282 5045 ut
3332 4991 3385 5043 in
3420 4989 3535 5043 Μυ-

1969 5097 2084 5151 nito
2110 5094 2176 5148 ad
2212 5093 2492 5147 homiliam
2519 5090 2574 5144 in
2600 5088 2853 5159 Babylam
2876 5094 2930 5140 et
2949 5085 3015 5139 ad
3039 5095 3310 5136 annexum
3339 5080 3536 5133 librum

1970 5188 2238 5252 dicemus,
2266 5185 2357 5239 hic
2404 5185 2518 5253 ipse
2549 5182 2682 5235 liber
2712 5192 2989 5245 nunquam
3020 5174 3121 5229 fuit
3166 5175 3218 5226 in
3247 5180 3391 5227 caatu
3441 5170 3541 5238 Ec-

1974 5281 2159 5335 clesiae
2210 5275 2634 5348 pronuntiatus;
2671 5286 2771 5325 nec
2814 5271 2883 5325 ob
2919 5268 3286 5338 prolixitatem
3324 5265 3541 5333 potuit:

1972 5372 2066 5427 sed
2098 5370 2277 5441 agitur
2310 5368 2421 5422 illic
2450 5368 2516 5419 de
2552 5363 2776 5417 homilia
2821 5363 2875 5414 in
2916 5358 3195 5430 Bahylam,
3249 5365 3310 5410 ut
3342 5356 3542 5426 cuique

1971 5477 2085 5518 rem
2125 5457 2433 5530 inspicienti
2466 5456 2642 5525 palam
2683 5454 2808 5507 erit.

2048 5553 2295 5620 Quatuor
2319 5550 2559 5619 priorum
2612 5548 2679 5600 de
2719 5544 2927 5599 Lazaro
2976 5542 3327 5597 bomiliarum
3373 5540 3544 5596 inter-

1973 5642 2207 5717 pretatio
2246 5649 2327 5697 est
2365 5636 2598 5705 Erasmi,
2633 5636 2841 5707 aliquot
2875 5636 2929 5692 in
2971 5635 3104 5690 locis
3126 5632 3433 5689 emendata.
