4046 6146
501 233 508 239 ’
536 241 640 298 965

1283 269 1338 329 S.
1377 272 1651 330 JOANNIS
1689 271 2150 366 CIIRYSQSTOMI
2191 271 2504 332 ARCIHEP.
2550 273 3090 333 CONSTANTINOP.

2985 924 3021 944 ᾳ

515 974 780 1018 ΠΟΜῖιῐΔ
824 974 1157 1019 POSTRIDIE
1198 975 1527 1021 KALENDAS
1567 975 1930 1022 ANTIOCHDE
1989 980 2051 1021 Hi

2157 981 2227 1023 [Α
2282 979 2365 1022 ns:
2408 979 2513 1036 ns,
2560 981 2667 1034 QUI
2737 977 3210 1036 INEBRIANTUR,
3257 982 3467 1036 DEQUE
3509 984 3590 1028 iis
3658 984 3762 1040 om

593 1055 940 1096 COMMEANT
969 1057 1052 1098 AD
1094 1055 1412 1098 CAUPONAS
1438 1083 1454 1111 ,
1503 1056 1738 1108 QUIQUE
1792 1058 2076 1100 CHOREAS
2121 1059 2376 1102 DUCUNT
2420 1061 2538 1102 PER
2580 1061 2926 1105 CIVITATEM

2973 1065 2988 1104 ζ
3038 1063 3384 1105 PRETEREA
3427 1063 3597 1115 QUOD
3643 1065 3760 1107 NON

591 1133 919 1176 OPORTEAT
960 1133 1430 1176 PRECEPTOBEM
1474 1135 1838 1179 DESPEBABE
1882 1138 1962 1178 DE
2008 1137 2376 1194 DISCIPULIS,
2408 1140 2663 1183 ETIAMSI
2709 1141 2770 1182 IN
2802 1141 3088 1185 PRESENS
3124 1141 3248 1185 NON
3274 1141 3760 1187 OBTEMPBRBNT:

596 1211 922 1254 POSTREMO
966 1214 1046 1254 DE
1091 1213 1329 1255 LAZARO
1370 1214 1652 1267 MENDICO
1719 1216 1796 1258 AC
1839 1216 1920 1256 DE
1965 1215 2203 1260 DIVITE.

1027 1541 1211 1583 CUNCIO
1249 1545 1403 1583 animi
1437 1537 1482 1602 (ii
1497 1529 1540 1594 ).

560 1620 610 1674 Ι.
655 1618 965 1674 llesternnm
995 1620 1155 1688 diem,
1183 1635 1303 1676 cum
1333 1631 1476 1676 esset
1504 1623 1692 1676 festum
1721 1621 1948 1687 Satanae,
1982 1619 2057 1676 fe-

487 1713 632 1767 cistis
664 1706 852 1769 festum
886 1714 1113 1783 Spiritus
1136 1755 1152 1780 ,
1189 1714 1308 1783 quia
1341 1714 1508 1768 multo
1533 1729 1652 1769 cum
1692 1713 1852 1768 animi
1882 1713 2058 1768 studio

488 1804 760 1871 recepistis
801 1819 885 1870 ea,
928 1821 1045 1874 qum
1074 1821 1104 1859 a
1130 1806 1282 1860 nobis
1307 1805 1638 1873 dicebantur,
1668 1805 2058 1875 maximamque

485 1895 589 1948 diei
619 1904 817 1965 partem
849 1897 896 1949 iii
921 1912 983 1952 eo
1009 1897 1430 1967 consumpsistis,
1449 1897 1578 1952 ebrii
1598 1897 1904 1953 temulentia
1925 1912 2059 1966 qua-

487 1986 610 2038 ilam
651 1986 954 2040 sobrietatis
982 1987 1134 2056 plena
1159 2029 1174 2054 ,
1204 2003 1428 2058 cumque
1459 1988 1622 2043 Paulo
1647 1987 1902 2042 ducentes
1929 1988 2059 2042 cho-

485 2090 622 2128 reas.
652 2075 762 2142 Qua
788 2076 999 2146 quidem
1028 2093 1094 2132 ex
1130 2093 1188 2132 re
1214 2077 1363 2133 vobis
1397 2080 1662 2148 geminum
1703 2080 1931 2134 accrevit
1971 2081 2058 2134 lu—

485 2180 656 2232 crum,
684 2165 909 2236 primum
939 2167 1076 2237 quod
1104 2168 1170 2221 ab
1197 2168 1442 2223 indecora
1468 2169 1874 2224 temulentorum
1900 2170 2059 2224 salta-

487 2257 629 2311 tione
661 2257 988 2324 abstinuistis
1010 2300 1025 2324 ,
1072 2258 1263 2314 deinde
1297 2261 1435 2330 quod
1476 2261 1798 2330 spiiiialibus
1825 2261 2058 2317 saltastis

485 2348 748 2416 tripudiis,
771 2349 958 2419 quibus
979 2349 1259 2419 plurimum
1277 2351 1426 2406 adest
1447 2351 1655 2407 decoris
1671 2368 1733 2408 ac
1758 2354 2054 2410 modestiae.

487 2440 565 2495 Ad
598 2440 711 2495 hinc
737 2441 875 2511 quod
905 2442 1124 2497 crateris
1152 2444 1432 2514 participes
1470 2443 1645 2500 fuistis
1668 2485 1682 2508 ,
1723 2461 1828 2500 non
1868 2460 2015 2501 mero
2037 2487 2052 2512 ,

487 2531 582 2591 sed
623 2533 843 2602 spiritali
887 2533 1126 2588 doctrina
1171 2534 1554 2602 redundantis;
1600 2545 1756 2607 atque
1795 2538 1892 2607 ipsi
1929 2538 2057 2594 tibia

485 2623 792 2692 citharaque
837 2621 1008 2678 fuistis
1053 2625 1268 2694 Spiritui
1312 2635 1498 2681 sancto
1547 2644 1561 2681 :
1601 2641 1826 2697 cumque
1875 2630 2055 2684 cmteri

486 2713 679 2767 choros
715 2715 966 2769 ducerent
1008 2713 1220 2770 diabolo
1245 2757 1260 2781 ,
1305 2730 1401 2770 vos
1439 2731 1502 2770 eo
1528 2718 1668 2787 quod
1709 2717 1809 2774 hoc
1843 2717 1894 2773 in
1937 2719 2057 2774 loco

483 2804 854 2871 versabauiini,
879 2805 1172 2874 priebuistis
1192 2821 1285 2861 vos
1312 2807 1452 2876 ipsos
1473 2823 1666 2878 organa
1693 2825 1924 2879 vasaquc
1949 2810 2057 2880 spi-

485 2897 677 2963 ritalia,
709 2896 1121 2968 exhibuistisque
1153 2899 1353 2954 animas
1384 2909 1585 2954 vestras
1615 2915 1712 2956 ceu
1742 2903 1939 2957 musica
1973 2903 2054 2957 iii-

483 2998 797 3057 strumeiita,
828 3005 946 3060 quae
969 2989 1195 3060 Spiritus
1219 3001 1431 3047 sanctus
1456 2993 1709 3063 pulsaret,
1734 3004 1789 3050 et
1815 2996 1864 3049 in
1892 2996 2052 3050 corda

482 3090 655 3135 vestra
700 3082 922 3152 gratiam
968 3097 1116 3138 suam
1170 3083 1472 3155 inspiraret.
1526 3085 1676 3141 Unde
1727 3085 2053 3142 modulatum

481 3180 790 3226 concentum
813 3171 1133 3238 reddidistis,
1162 3190 1268 3230 non
1295 3176 1462 3230 solum
1489 3175 1730 3231 homines
1750 3175 2055 3233 demulcen-

482 3271 610 3326 tem,
641 3279 822 3318 verum
848 3265 1006 3319 etiam
1036 3282 1292 3336 supernas
1320 3268 1539 3322 virtutes
1574 3267 1943 3324 delectantein.

556 3353 684 3408 Mali
713 3373 810 3409 non
836 3357 1140 3426 infamandi,
1169 3357 1256 3411 sed
1272 3359 1572 3428 corrigendi.
1589 3360 1771 3428 ——Age
1793 3361 1969 3430 itaque
1995 3368 2051 3416 et

485 3445 641 3501 hodie
691 3446 950 3501 adversus
1001 3447 1310 3502 ebrietatem
1364 3464 1634 3502 armemus
1663 3449 1928 3520 linguam,
1973 3451 2051 3507 is—

483 3547 695 3606 tamque
719 3539 877 3592 vitam
900 3538 1163 3593 madidam
1192 3553 1255 3594 ac
1283 3539 1589 3594 dissolutam
1617 3550 2048 3609 priisteriiamus:

483 3630 845 3698 vituperemus
885 3630 1014 3684 istos
1039 3633 1128 3698 qui
1157 3632 1208 3685 in
1252 3646 1314 3685 ea
1347 3632 1470 3686 totis
1495 3632 1684 3687 diebus
1735 3644 2051 3706 versantur,

484 3733 589 3770 non
619 3726 674 3772 iit
700 3718 819 3773 illos
848 3719 1244 3788 pudefaciamus
1264 3763 1280 3788 ,
1307 3722 1398 3775 sed
1430 3733 1485 3776 ut
1527 3737 1621 3776 eos
1667 3722 1734 3776 ab
1763 3724 2050 3795 ignominia

479 3810 798 3865 liberemus:
830 3826 934 3865 non
964 3821 1021 3866 ut
1049 3813 1166 3866 illos
1187 3814 1391 3882 probris
1416 3813 1727 3883 afﬁciamus,
1761 3817 1854 3872 sed
1881 3828 1936 3872 ut
1957 3833 2050 3874 eos

480 3901 807 3970 corrigamus
841 3920 854 3957 :
881 3919 986 3957 non
1019 3915 1075 3959 ut
1101 3904 1218 3959 illos
1250 3907 1620 3974 traducamus,
1653 3909 1744 3964 sed
1789 3918 1847 3964 ut
1873 3911 1938 3965 ab
1964 3912 2047 3968 in-

479 3992 601 4046 fami
635 3994 967 4051 traductione
990 4038 1008 4064 ,
1056 4005 1112 4053 et
1150 4013 1180 4052 a
1205 3999 1400 4054 diaboli
1450 4001 1694 4056 manibus
1737 4004 2045 4073 eripiamus.

475 4084 724 4155 Quisquis
749 4089 889 4140 enim
919 4088 971 4141 in
1005 4090 1307 4144 temulentia
1341 4100 1480 4146 totos
1511 4093 1619 4160 agit
1644 4093 1788 4161 dies,
1811 4096 2048 4165 quisquis

473 4177 525 4229 in
557 4176 759 4233 deliciis
787 4186 840 4233 et
866 4178 1274 4250 ingurgitatioue
1297 4222 1312 4247 ,
1341 4182 1440 4237 sub
1465 4183 1659 4238 diaboli
1709 4187 2046 4257 tyrannidem

475 4268 722 4323 redactus
766 4279 868 4324 est.
901 4273 1074 4341 Atque
1101 4273 1302 4327 utinam
1327 4275 1498 4330 oratio
1547 4287 1729 4332 nostra
1777 4278 2046 4348 profectus

470 4361 665 4430 aliquid
691 4361 895 4416 afferat.
927 4363 1076 4431 Quod
1106 4366 1149 4420 si
1177 4375 1292 4435 post
1334 4375 1571 4422 nostram
1611 4370 1770 4424 etiam
1805 4371 2047 4427 admoni-

471 4454 668 4507 tionem
693 4453 744 4506 iii
769 4454 953 4509 iisdem
977 4457 1114 4512 vitiis
1137 4462 1608 4528 perseveraverint,
1639 4477 1706 4516 ne
1731 4462 1808 4518 sic
1829 4464 2040 4534 quidem

471 4557 568 4596 nos
615 4542 935 4598 desistemus
983 4546 1091 4601 illis
1135 4549 1274 4617 quod
1343 4561 1544 4606 rectum
1599 4563 1680 4608 est
1724 4557 2038 4624 consulere;

467 4633 893 4704 quandoquidem
917 4647 971 4690 et
994 4651 1248 4707 aquarum
1280 4656 1460 4709 venae,
1493 4643 1698 4698 etiamsi
1743 4645 1920 4700 nullus
1946 4662 2040 4702 ve-

470 4724 579 4777 niat
605 4734 853 4794 aquatum
879 4767 894 4793 ,
943 4738 1159 4783 manant
1208 4739 1382 4785 tamen
1415 4749 1428 4784 :
1461 4742 1514 4787 et
1551 4733 1754 4802 fontes,
1800 4739 2040 4806 quamvis

473 4814 680 4868 hauriat
704 4831 860 4871 nemo
882 4858 898 4883 ,
929 4825 1105 4874 tamen
1136 4821 1402 4875 scatebras
1429 4823 1676 4879 emittunt
1702 4843 1715 4880 :
1746 4835 2000 4884 etainncs
2020 4871 2035 4896 ,

463 4905 669 4962 etiamsi
690 4921 844 4961 nemo
864 4908 1028 4976 bibat,
1051 4909 1213 4963 nihilo
1240 4911 1411 4967 secius
1434 4915 1620 4967 fluunt:
1647 4916 1723 4971 sic
1751 4928 1952 4986 oportet
1984 4929 2038 4975 et

463 4995 610 5049 illum
635 4995 723 5066 qui
744 4999 1115 5066 concionatiir,
1143 5005 1378 5069 quamvis
1409 5004 1585 5059 nullus
1622 5009 1919 5077 auscultet,
1955 5021 2035 5065 ta-

465 5103 585 5142 men
613 5099 866 5158 praestare
892 5093 1144 5163 quidquid
1173 5095 1222 5148 in
1255 5094 1370 5163 ipso
1395 5097 1550 5151 situm
1579 5108 1678 5152 est.

541 5179 686 5234 Verbi
706 5182 928 5238 minister
942 5201 1210 5255 numquam
1229 5201 1422 5240 cessare
1441 5189 1578 5241 debet
1597 5191 1657 5243 ab
1669 5190 1844 5260 ofﬁcio.
1872 5221 1940 5234 —-
1953 5193 2034 5248 Si-

458 5275 670 5343 quidem
717 5275 838 5330 liacc
867 5277 953 5332 lex
993 5279 1143 5333 nobis
1167 5319 1182 5346 ,
1213 5279 1300 5348 qui
1331 5282 1468 5335 sacri
1512 5284 1772 5338 sermonis
1811 5285 2034 5340 admini-

457 5368 770 5422 strationem
802 5371 1150 5439 suscepimus,
1175 5387 1202 5424 a
1225 5373 1451 5443 benigno
1475 5377 1777 5444 praescripta
1797 5387 1878 5431 est
1899 5377 2027 5443 Deo,

457 5472 526 5511 ne
553 5473 801 5528 umquam
831 5461 972 5531 quod
1001 5463 1211 5532 quidem
1240 5464 1291 5518 in
1324 5466 1474 5520 nobis
1505 5465 1661 5519 fuerit
1684 5467 1855 5523 facere
1879 5468 2030 5523 defa-

457 5548 844 5618 tigemur:nec
891 5555 1001 5608 ullo
1057 5564 1294 5624 tempore
1345 5557 1634 5627 sileamus,
1680 5559 1792 5614 sive
1818 5561 1886 5614 sit
1936 5561 2024 5630 qui

515 5669 592 5742 fg)
612 5669 788 5742 collata
811 5685 920 5742 cum
942 5678 1220 5742 Mssnegiis
1239 5677 1374 5742 1819.
1406 5679 1536 5742 l852,
1566 5680 1702 5740 i952,
1731 5681 1867 5741 1960,
1891 5681 2029 5742 1965,

453 5733 591 5795 1967,
620 5731 902 5784 uolbertiiiis
929 5749 1042 5786 vero
1068 5731 1141 5795 i9,
1168 5739 1278 5795 ὅϋί,
1307 5741 1443 5790 i050.

2170 1527 2473 1591 auscultet,
2502 1522 2617 1583 sive
2648 1521 2723 1583 sit
2753 1521 2847 1598 qui
2884 1533 3258 1602 prietercurrat
3301 1525 3577 1598 negligens
3607 1529 3739 1596 (ιιι-ιι]

2167 1621 2381 1675 dicitur.
2410 1619 2540 1674 Nam
2571 1629 2626 1674 et
2657 1605 2950 1688 Jercmias,
2982 1635 3103 1675 cum
3146 1618 3344 1674 Judaeis
3374 1619 3542 1673 multa
3588 1619 3740 1671 niiiii-

2167 1723 2284 1768 tans
2306 1753 2323 1780 ,
2350 1713 2592 1784 malaque
2635 1713 2962 1769 imminentia
2990 1712 3282 1783 prtedicens
3305 1753 3321 1778 ,
3365 1711 3435 1766 ab
3475 1711 3742 1766 audienti-

2166 1805 2265 1860 bus
2288 1804 2708 1861 subsannaretur
2729 1846 2746 1872 ,
2793 1814 3008 1874 totoque
3036 1805 3122 1860 die
3148 1802 3411 1858 rideretur
3431 1845 3447 1872 ,
3479 1804 3749 1874 cogitabat

2165 1898 2234 1951 ab
2264 1898 2352 1952 illa
2385 1897 2660 1968 prophetia
2705 1898 3001 1963 desistere,
3049 1897 3299 1950 nimirum
3328 1895 3563 1949 humano
3614 1912 3746 1966 qun-

2165 1987 2287 2043 dam
2313 1989 2504 2042 aifectu
2535 1989 2706 2043 victus
2731 2028 2745 2052 ,
2798 2001 2992 2041 sannas
3021 1987 3138 2041 illas
3182 1994 3237 2040 et
3281 1986 3514 2040 convicia
3543 1989 3748 2057 perpeti

2167 2093 2272 2132 non
2300 2078 2480 2132 valens
2504 2121 2518 2142 ,
2544 2079 2719 2148 aitque
2751 2096 2766 2132 :
2799 2075 2988 2132 Factus
3017 2093 3129 2130 sum
3167 2076 3414 2130 ridiculus
3456 2085 3559 2130 toto
3621 2077 3736 2144 die,

2167 2168 2275 2222 dixi
2307 2185 2327 2222 :
2347 2185 2446 2222 non
2471 2169 2648 2238 loquar
2672 2210 2687 2233 ,
2716 2184 2872 2238 neque
2901 2166 3168 2221 nominabo
3210 2183 3390 2221 nomen
3429 2165 3674 2233 Domini,
3707 2173 3750 2220 et

2169 2261 2336 2331 factus
2357 2270 2426 2315 est
2467 2262 2521 2314 in
2564 2277 2644 2315 me
2667 2260 2800 2315 velut
2845 2259 2976 2331 ignis
3006 2257 3188 2314 ardens
3212 2299 3227 2322 ,
3275 2267 3423 2330 atque
3446 2269 3673 2313 (esttrans
3702 2261 3749 2312 in

2169 2351 2362 2405 ossibus
2404 2352 2528 2406 meis
2573 2367 2592 2406 :
2644 2349 2888 2404 dissolvor
2937 2348 3159 2418 undique
3209 2365 3302 2404 nec
3357 2357 3562 2420 possunt
3626 2349 3751 2419 [me

2165 2441 2298 2513 (Jer.
2325 2441 2417 2498 20.
2433 2441 2483 2498 7.
2508 2441 2581 2511 9).
2603 2442 2753 2510 Quod
2779 2449 2954 2496 autem
2977 2441 3124 2508 dicit,
3145 2438 3288 2496 hunc
3306 2439 3464 2496 habet
3491 2456 3710 2496 sensum
3735 2456 3747 2495 :

2166 2535 2434 2597 volebam,
2474 2533 2677 2603 inquit,
2723 2549 2753 2588 a
2785 2532 3129 2603 praedictione
3173 2531 3451 2597 desistere,
3500 2541 3747 2602 prOptcr-

2165 2638 2226 2678 ea
2243 2623 2382 2694 quod
2400 2638 2502 2679 non
2529 2623 2892 2678 auscultabant
2907 2622 3074 2678 Judaei
3093 2640 3106 2676 :
3121 2629 3174 2678 et
3197 2622 3352 2677 simul
3367 2629 3524 2692 atque
3540 2621 3648 2677 hoc
3661 2637 3747 2676 cn-

2163 2716 2413 2785 gitassem
2437 2755 2454 2780 ,
2488 2715 2640 2770 irruit
2668 2715 2720 2770 in
2751 2715 2983 2768 animam
3010 2728 3181 2769 meam
3207 2714 3427 2784 spiritus
3452 2714 3533 2769 vis
3557 2755 3577 2782 ,
3607 2713 3748 2768 velut

2166 2808 2302 2877 ignis
2327 2846 2344 2874 ,
2373 2809 2653 2877 omniaque
2701 2805 2883 2861 intima
2910 2819 3027 2861 mea
3074 2805 3380 2871 succendit,
3427 2819 3749 2860 consumens

2163 2897 2378 2966 insuper
2399 2938 2413 2962 ,
2447 2905 2502 2952 et
2527 2895 2764 2952 exedens
2784 2909 2904 2952 ossa
2935 2908 3074 2963 mea,
3098 2895 3232 2951 adeo
3260 2904 3318 2950 ut
3347 2895 3655 2951 incendium
3684 2896 3750 2950 ii-

2163 2987 2253 3042 liid
2281 2989 2418 3042 ferre
2439 3003 2543 3042 non
2570 3000 2804 3057 possem.
2827 2983 2978 3055 Quod
3019 2986 3063 3042 si
3095 2985 3350 3056 propheta
3379 2987 3468 3056 qui
3507 2987 3749 3057 quotidie

2163 3078 2394 3134 ludibrio
2421 3078 2738 3145 habebatur,
2779 3078 3016 3150 quotidie
3055 3078 3311 3134 conviciis
3340 3077 3748 3144 incessebatur,

2164 3170 2242 3224 sic
2287 3169 2636 3226 discruciatus
2677 3178 2790 3237 est,
2837 3184 2904 3226 eo
2932 3169 3072 3241 quod
3107 3175 3361 3225 statuerat
3407 3169 3569 3226 silere
3604 3186 3748 3242 :qua

2161 3260 2372 3316 tandem
2401 3277 2499 3318 nos
2519 3261 2668 3319 venia
2691 3261 2831 3332 digni
2851 3261 3202 3326 censebimur,
3221 3261 3265 3316 si
3285 3261 3373 3332 qui
3397 3261 3642 3317 nondum
3669 3271 3745 3316 ta-

2162 3351 2214 3407 le
2238 3353 2521 3423 quidquam
2562 3355 2797 3423 perpessi
2827 3368 3010 3408 sumus
3036 3394 3051 3418 ,
3091 3361 3268 3408 tamen
3296 3354 3365 3408 ob
3390 3355 3744 3423 quorumdam

2162 3443 2535 3515 negligentiam
2573 3443 2886 3513 dejiciamus
2926 3443 3161 3498 animum
3186 3484 3202 3508 ,
3241 3451 3294 3498 et
3335 3443 3404 3498 ab
3443 3445 3745 3500 exhibenda

2164 3534 2270 3589 illis
2299 3533 2541 3589 doctrina
2567 3548 2840 3589 cessemus
2857 3575 2874 3602 ,
2898 3535 3128 3590 maxime
3151 3548 3280 3590 vero
3299 3549 3420 3589 cum
3451 3545 3559 3589 tam
3594 3537 3745 3590 multi

2161 3627 2268 3682 sint
2295 3668 2311 3695 ,
2343 3626 2433 3696 qui
2463 3641 2523 3682 se
2551 3627 2788 3697 praibent
2815 3626 3094 3682 attentos?

2228 3718 2282 3772 2.
2313 3717 2428 3773 Νοη
2458 3715 2571 3772 bzec
2616 3717 2804 3789 loquor
2853 3717 2956 3774 mei
2991 3717 3298 3773 consolandi
3345 3716 3744 3788 deliniendiinie

2156 3810 2344 3882 gratia.
2372 3811 2504 3867 Nam
2532 3826 2651 3866 meo
2680 3811 2890 3881 quidem
2923 3811 3087 3880 ipsius
3123 3812 3300 3865 animo
3329 3812 3609 3881 persuasi,
3640 3829 3743 3882 quo

2156 3902 2536 3972 adspiravero,
2572 3909 2628 3956 ct
2666 3901 2837 3957 donec
2878 3903 3102 3958 Domino
3143 3905 3311 3958 visum
3350 3901 3511 3958 fuerit
3539 3920 3645 3958 nos
3689 3905 3738 3956 iii

2157 3994 2407 4062 praesenti
2460 3994 2564 4048 vita
2594 3992 2830 4058 versari,
2860 3993 2960 4047 hoc
3002 3993 3222 4062 implere
3253 3993 3612 4048 ministerium
3640 4035 3654 4051 .
3685 4003 3739 4047 et

2153 4085 2266 4140 sive
2292 4084 2410 4156 quis
2435 4078 2672 4139 attei'idat
2691 4127 2706 4150 ,
2749 4085 2860 4139 sive
2882 4098 2985 4138 non
3022 4083 3293 4150 attendat,
3323 4083 3499 4139 facere
3527 4099 3592 4138 ea
3620 4101 3737 4154 qua:

2153 4177 2552 4248 praecipiuntur.
2599 4175 2795 4232 Verum
2838 4176 3088 4246 quoniam
3137 4185 3259 4230 sunt
3311 4175 3589 4243 nonnulli,
3643 4176 3732 4245 qui

2153 4270 2440 4324 multorum
2489 4285 2678 4324 manus
2722 4269 3054 4337 dissolvunt,
3095 4285 3266 4340 neque
3310 4270 3546 4324 contenti
3591 4269 3733 4340 quod
3770 4295 3774 4298 -

2151 4360 2252 4430 ipsi
2283 4359 2414 4415 nihil
2454 4361 2696 4416 utilitatis
2725 4360 2954 4416 aii‘erunt
2980 4360 3103 4414 vitae
3131 4370 3330 4416 nostra:
3351 4401 3365 4426 ,
3407 4361 3568 4416 etiam
3604 4361 3734 4417 alio-

2148 4469 2268 4510 rum
2298 4453 2530 4508 studium
2563 4468 2626 4509 ac
2651 4453 2914 4509 fervorem
2939 4453 3248 4524 refrigerant
3273 4453 3456 4508 sannis
3481 4468 3544 4508 ac
3565 4454 3734 4508 dicte-

2148 4546 2243 4600 riis
2267 4587 2284 4612 ,
2313 4545 2440 4600 dum
2465 4546 2613 4600 aiunt
2637 4561 2651 4599 :
2675 4545 2858 4600 desine
2883 4545 3018 4600 bene
3045 4545 3324 4600 consulere
3342 4587 3357 4612 ,
3379 4544 3581 4600 desiste
3609 4559 3727 4600 mo-

2148 4651 2311 4703 nere,
2343 4637 2530 4691 nolunt
2577 4637 2669 4691 tibi
2711 4639 3047 4702 auscultare;
3099 4653 3166 4692 ne
3194 4637 3319 4708 quid
3366 4637 3435 4692 sit
3477 4637 3572 4692 tibi
3607 4652 3727 4692 cuin

2148 4729 2256 4784 illis
2281 4729 2584 4784 commercii
2611 4748 2625 4783 :
2666 4731 2914 4800 quoniam
2943 4744 3070 4800 ergo
3099 4739 3223 4784 sunt
3263 4729 3477 4800 quidam
3523 4730 3624 4784 ista
3654 4731 3731 4783 lo-

2149 4828 2376 4891 quentes
2399 4860 2414 4885 ,
2440 4820 2785 4874 inhumanam
2829 4819 2967 4874 hanc
3012 4819 3329 4874 sententiam
3353 4852 3371 4886 ,
3404 4818 3728 4888 insidiasque

2145 4910 2432 4965 diabolicae
2461 4919 2714 4966 excutere
2759 4911 2946 4965 volens
2971 4925 3002 4965 e
3031 4910 3315 4964 multorum
3349 4910 3571 4976 animis,
3606 4909 3725 4978 phi-

2143 5003 2289 5058 ribus
2316 5002 2414 5058 hac
2441 5002 2510 5059 de
2538 5018 2594 5058 re
2622 5003 2847 5058 dissero.
2876 5002 3146 5073 Siquidem
3169 5013 3221 5057 et
3241 5001 3354 5057 heri
3381 5003 3502 5057 novi
3531 5003 3723 5056 multos

2143 5094 2230 5164 qui
2285 5095 2407 5147 talia
2453 5095 2615 5149 verba
2664 5093 3011 5163 protulerint,
3061 5093 3151 5163 qui
3189 5110 3310 5149 cum
3350 5094 3724 5163 conspicerent

2143 5186 2349 5255 aliquos
2375 5169 2425 5240 in
2455 5201 2694 5256 caupona
2721 5185 3002 5242 detrivisse
3027 5193 3266 5256 tempus,
3311 5201 3430 5240 cum
3457 5186 3565 5240 risu
3597 5199 3721 5240 san-

2142 5279 2328 5348 nisqne
2349 5279 2594 5334 dicebant
2625 5297 2639 5333 :
2672 5280 2878 5335 scilicet
2904 5281 3124 5334 omnino
3167 5279 3404 5348 persuasi
3432 5287 3593 5343 sunt;
3626 5291 3722 5331 ne-

2141 5388 2229 5426 mo
2245 5389 2464 5444 prorsus
2489 5389 2781 5444 cauponam
2798 5376 3063 5446 ingressus
3081 5384 3183 5438 est;
3206 5389 3393 5430 omnes
3410 5375 3571 5430 sobrii
3595 5380 3719 5427 sunt

2140 5465 2356 5520 redditi.

2221 5555 2435 5610 Verbum
2464 5573 2658 5627 semper
2700 5557 2752 5611 in
2800 5557 2972 5629 aliqua
3020 5558 3313 5628 fructi/ient.
3334 5553 3560 5625 —Quid
3593 5550 3713 5616 ais.

2141 5645 2347 5699 immo?
2379 5647 2637 5702 Videlicet
2687 5650 2821 5703 istuc
2846 5649 3065 5718 polliciti
3110 5663 3296 5704 sumus
3322 5688 3340 5715 ,
3371 5662 3469 5702 nos
3498 5659 3596 5700 uno
3626 5641 3716 5695 die

2139 5753 2326 5794 omnes
2353 5739 2468 5794 illos
2494 5740 2592 5796 reti
2621 5741 2906 5812 capturos?
2946 5740 3078 5798 Nam
3102 5741 3145 5796 si
3173 5739 3358 5797 decem
3405 5739 3559 5795 modo
3595 5744 3701 5808 pel"
