4046 6146
338 254 442 308 θιῖδ
1049 334 1056 342 ,
1553 272 1642 327 DE
1682 268 1908 325 LAZAR

2014 265 2253 325 SONCIO
2285 269 2326 330 Ι.

3473 262 3577 318 984

334 947 501 1002 Μετὰ
528 946 636 1014 τὰς
663 945 982 1015 Καλάνδας
1010 948 1084 1019 τῇ
1107 947 1256 1019 ἑξῆς
1288 950 1358 1003 ἐν
1399 953 1729 1020 Ἀντιοχείᾳ
1764 957 2005 1024 λεχθείς
2042 958 2193 1012 κατὰ
2229 962 2608 1026 μεθυόντων,
2662 960 2760 1014 καί
2810 961 2943 1030 περὶ
2995 959 3113 1013 τῶν
3162 961 3250 1027 είς
3291 961 3588 1028 καπηλεῖα

406 1040 716 1095 εἰσιόντων
737 1040 835 1095 καί
861 1044 947 1109 εἷς
982 1042 1098 1111 τὴν
1121 1044 1305 1098 πόλιν
1336 1045 1575 1115 χορείας
1615 1046 1977 1116 τελούντων,
2017 1050 2119 1106 καί
2170 1050 2261 1105 ὅτι
2298 1049 2408 1104 τόν
2459 1049 2836 1105 διδάσκαλον
2878 1054 2950 1106 οὐ
2993 1050 3109 1122 χρὴ
3152 1051 3590 1123 ἀπογινώσκειν

403 1132 524 1187 τῶν
583 1132 899 1202 μαθητῶν,
944 1133 1060 1189 κᾶν
1124 1137 1276 1205 πρὸς
1333 1134 1399 1189 τὸ
1452 1137 1647 1206 παρὸν
1704 1138 1792 1207 μὴ
1853 1142 2198 1208 πείθωνται,
2263 1141 2362 1196 καὶ
2426 1143 2513 1206 εἱς
2559 1142 2665 1195 τόν
2725 1142 2963 1211 πτωχὸν
3007 1140 3272 1212 Λάζαρον
3330 1142 3428 1196 καὶ
3484 1142 3591 1196 τόν

406 1226 725 1282 πλούσιον.

892 1740 1082 1809 Λόγος
1115 1737 1364 1807 πρῶτος.

404 1822 474 1878 α’.
504 1821 615 1893 Τὴν
655 1819 781 1891 χθὲς
816 1821 1032 1893 ἡμέραν
1052 1861 1067 1885 ,
1100 1822 1292 1893 ἐορτὴν
1331 1816 1497 1876 οὖσαν
1530 1823 1824 1894 σατανικὴν
1862 1831 1907 1887 ⁸,

336 1907 628 1977 ἐποιήσατε
666 1906 823 1976 ὑμεῖς
850 1905 1045 1977 ἑορτὴν
1077 1905 1455 1976 πνευματικὴν
1475 1946 1490 1969 ,
1532 1906 1672 1977 μετὰ
1703 1905 1908 1976 πολλῆς

334 1992 435 2060 τῆς
464 1987 676 2050 εὐνοίας
698 1988 823 2050 τοὺς
845 1988 976 2059 παρ’
1004 1986 1159 2059 ἡμῶν
1173 1987 1459 2059 δεξάμενοι
1484 1987 1698 2057 λόγους,
1733 1988 1828 2042 καὶ
1849 1987 1909 2041 τὸ

338 2073 497 2128 πλέον
517 2070 750 2126 ἐνταῦθα
792 2070 890 2143 τῆς
926 2072 1142 2142 ἡμέρας
1178 2071 1578 2143 διατρίψαντες,
1611 2072 1706 2126 καὶ
1739 2071 1909 2143 μέθην

337 2155 697 2227 μεθυσθέντες
740 2153 1094 2225 σωφροσύνης
1134 2153 1415 2225 γέμουσαν
1439 2195 1454 2217 .
1499 2156 1593 2209 καὶ
1644 2154 1782 2226 μετά
1813 2153 1906 2207 τοῦ

337 2240 548 2296 Παύλου
578 2238 954 2311 χορεύσαντες.
990 2237 1223 2291 Διπλοῦν
1250 2238 1430 2291 τοίνυν
1461 2236 1603 2291 οῦτω
1628 2238 1688 2291 τὸ
1720 2237 1911 2309 κέρδος

339 2327 468 2397 ὑμῖν
504 2324 725 2395 γέγονεν
746 2361 761 2384 ,
802 2324 883 2376 ὅτι
912 2323 1007 2375 καὶ
1042 2323 1143 2392 τῆς
1183 2323 1420 2376 ἀτάκτου
1457 2321 1566 2374 τῶν
1605 2321 1911 2392 μεθυόντων

335 2408 692 2482 ἀπηλλάγητε
722 2407 961 2478 χορείας,
980 2408 1073 2459 καὶ
1107 2407 1453 2477 σκιρτήματα
1478 2404 1631 2477 [708]
1653 2406 1910 2477 ἐσκιρτή-

339 2511 465 2549 σατε
495 2488 1079 2562 πνευματικὰ,πολλὴιθ’
1103 2485 1356 2552 εὐταξίαν
1391 2487 1583 2558 ἔχοντα
1601 2505 1614 2518 ·
1645 2487 1739 2541 καὶ
1777 2504 1911 2557 μετ-

336 2578 526 2647 έσχετε
569 2573 876 2644 κρατῆρος,
932 2571 1032 2625 οὑκ
1107 2569 1349 2641 ἄκρατον
1404 2571 1722 2642 ἐκχέοντος,
1776 2570 1913 2624 ἀλλά

335 2656 680 2719 διδασκαλίας
713 2653 1142 2725 πεπληρωμένον
1169 2653 1577 2724 πνευματικῆς’
1619 2654 1716 2707 καὶ
1750 2653 1914 2717 αὐλὸς

337 2741 590 2811 ἐγένεσθε
612 2739 706 2792 καὶ
729 2737 930 2809 κιθάρα
953 2736 1032 2808 τῷ
1060 2736 1340 2808 Πνεύματι
1360 2736 1440 2806 τῷ
1474 2736 1614 2807 ἁγίῳ
1636 2752 1651 2768 ·
1686 2735 1781 2790 καὶ
1804 2736 1914 2791 τῶν

334 2829 513 2885 ἄλλων
562 2825 641 2895 τῷ
673 2823 904 2894 διαϐόλῳ
942 2822 1298 2893 χορευόντων,
1353 2820 1511 2891 ὑμεῖς
1560 2820 1768 2891 ὄργανα
1819 2820 1914 2873 καὶ

339 2910 511 2979 σκεύη
546 2905 888 2978 πνευματικά
945 2903 1456 2966 κατασκευάσαντες
1508 2903 1768 2966 ἑαυτοὺς,
1825 2902 1914 2955 διά

334 2995 436 3064 τῆς
453 2990 689 3046 ἐνταῦθα
711 2987 1014 3059 διατριϐῆς,
1038 2985 1274 3041 ἐδώκατε
1288 2985 1367 3057 τῷ
1388 2983 1666 3056 Πνεύματι
1682 2983 1912 3057 κροῦσαι

335 3075 436 3140 τάς
486 3072 757 3144 ὑμετέρας
810 3071 1008 3142 ψυχάς,
1059 3070 1153 3124 καὶ
1185 3069 1282 3141 τὴν
1332 3069 1462 3140 παρ’
1509 3066 1701 3122 ἐαυτοῦ
1749 3067 1912 3141 χάριν

334 3158 640 3232 ἐμπνεῦσαι
671 3159 790 3219 ταῖς
820 3156 1116 3226 ὑμετέραις
1141 3153 1459 3226 καρδίαιςιν
1501 3151 1623 3206 ὅθεν
1650 3152 1745 3204 καὶ
1773 3169 1911 3204 παν-

337 3243 595 3315 αρμόνιον
642 3241 880 3308 ἡχήσατε
908 3238 1089 3307 μέλος,
1109 3238 1208 3289 οὑκ
1223 3235 1545 3307 ἀνθρώπους
1579 3233 1912 3304 μόνον,ἀλλά

335 3330 430 3383 καὶ
456 3326 556 3390 τὰς
579 3324 690 3377 ἄνω
713 3323 970 3392 δυνάμεις
993 3320 1302 3392 εὐφραῖνον.

405 3409 544 3481 Φέρε
572 3402 665 3460 οὖν
693 3406 787 3459 καὶ
813 3406 1050 3475 σήμερον
1089 3402 1233 3454 κατά
1264 3400 1436 3472 μέθης
1467 3400 1780 3470 όπλίσωμεν
1814 3400 1913 3471 τὴν

335 3493 612 3564 γλῶσσαν,
642 3489 736 3541 καὶ
754 3487 844 3540 τὸν
870 3485 1036 3556 ὑγρὸν
1061 3485 1156 3538 καὶ
1179 3482 1499 3555 διαρῤέοντα
1514 3483 1911 3554 καταϐάλωμεν

336 3577 481 3648 βίον·
535 3571 1001 3644 κατηγορήσωμεν
1048 3567 1157 3620 τῶν
1193 3569 1251 3621 ἐν
1277 3567 1412 3638 αὐτῇ
1457 3565 1908 3638 διημερευόντων,

335 3661 436 3731 οὺχ
491 3658 579 3711 ἵνα
630 3652 828 3716 αὐτοὺς
880 3649 1356 3721 καταισχύνωμεν,
1410 3648 1524 3703 ἀλλ’
1569 3650 1657 3702 ἵνα
1712 3650 1911 3712 αὐτοὺς

336 3740 598 3811 αἰσχύνης
623 3735 1020 3806 ἀπαλλάξωμεν
1038 3751 1054 3766 θ
1079 3735 1179 3804 οὑχ
1197 3733 1285 3786 ἵνα
1311 3732 1508 3795 αὐτοὺς
1530 3731 1779 3813 ὀνειδίσω
1788 3748 1908 3802 μεν,

335 3824 452 3880 ἀλλ’
487 3823 574 3876 ἵνα
618 3821 816 3883 αὑτοὺς
839 3815 1263 3890 διορθωσώμεθα
1286 3831 1299 3845 °
1328 3816 1427 3885 οὑχ
1470 3814 1559 3867 ῖνα
1596 3815 1793 3877 αὐτοὺς
1817 3815 1910 3865 ἐκ·

339 3905 768 3978 πομπεύσωμεν,
798 3901 913 3956 ἀλλ’
955 3901 1042 3953 ἵνα
1079 3899 1305 3970 πομπῆς
1353 3899 1663 3969 ἀσχήμονος
1694 3895 1911 3964 ἀπαγά-

334 4007 545 4061 γωμεν,
578 3987 672 4041 καὶ
698 3984 807 4039 τῶν
830 3983 926 4038 τοῦ
957 3982 1204 4037 διαϐόλου
1240 3980 1440 4052 χειρῶν
1473 3980 1873 4051 ἐξαρπάσωμεν
1895 3997 1907 4009 ·

334 4078 365 4129 ό
393 4073 500 4144 γάρ
528 4073 587 4125 ἐν
623 4069 761 4142 μέθῃ
781 4066 1120 4139 διημερεύων
1150 4067 1244 4128 καὶ
1274 4065 1454 4135 τρυφῇ
1482 4063 1575 4116 καὶ
1608 4061 1908 4132 ἀδηφαγίᾳ,

335 4159 428 4213 ὑπ’
450 4155 619 4225 αὑτὴν
641 4152 735 4205 τοῦ
756 4151 1002 4204 διαϐόλου
1018 4150 1117 4220 τὴν
1140 4147 1431 4220 τυραννίδα
1461 4147 1775 4216 γεγένηται.
1801 4144 1911 4198 Καὶ

333 4240 550 4310 γένοιτο
593 4234 690 4305 μέν
735 4250 787 4285 τι
834 4232 994 4285 πλέον
1044 4231 1298 4301 γενέσθαι
1350 4232 1416 4283 ἐκ
1465 4228 1573 4283 τῶν
1626 4227 1909 4299 ἡμετέρων

336 4321 633 4395 ῥημάτων*
662 4315 728 4368 ἂν
753 4315 797 4367 δ’
820 4314 928 4383 ἄρα
962 4316 1074 4395 τοῖς
1104 4314 1286 4375 αὐτοῖς
1309 4312 1612 4381 ἐπιμένωσι
1632 4311 1739 4395 ,καῖ
1772 4310 1910 4395 μετά

331 4393 436 4477 τὴν
466 4398 807 4473 παραίνεσιν,
842 4396 962 4469 οὑδέ
984 4394 1156 4458 οὑτως
1177 4396 1337 4477 ἡμεῖς
1364 4393 1790 4464 ἀποστησόμεθα
1811 4393 1912 4477 τῇς

335 4474 474 4560 πρὸς
508 4482 706 4543 αὑτοὺς
752 4477 1100 4549 συμϐουλῆς·
1151 4476 1391 4546 καὶγὰρ
1439 4477 1759 4560 αἱγκρῆναι,
1807 4474 1909 4560 κᾷν

338 4558 531 4642 μηδεὶς
569 4562 889 4637 ὑδρεύηται,
927 4561 1129 4635 ῥέουσι,
1156 4560 1252 4614 καὶ
1273 4560 1329 4611 αί
1359 4559 1553 4629 πηγαὶ,
1583 4558 1685 4642 κᾷν
1725 4558 1913 4642 μηδεὶς

335 4640 594 4724 ἀρύηται,
626 4645 1008 4710 ἀναϐλύζουσι,
1056 4645 1153 4697 καὶ
1197 4643 1246 4695 οἱ
1277 4641 1531 4712 ποταμοὶ,
1572 4640 1675 4724 κᾶν
1723 4640 1911 4712 μηδεὶς

334 4731 489 4808 πίνῃ,
503 4735 777 4805 τρέχουσι.
807 4731 900 4781 Δεῖ
911 4727 1091 4780 τοίνυν
1112 4725 1208 4780 καὶ
1229 4725 1319 4779 τὸν
1333 4725 1581 4808 λέγοντα,
1600 4723 1704 4778 κᾶν
1723 4724 1911 4796 μηδεὶς

335 4807 600 4892 προσέχῃ,
634 4816 704 4870 τά
736 4814 868 4885 παρ’
900 4811 1093 4866 ἑαυτοῦ
1123 4809 1299 4863 πάντα
1335 4807 1596 4880 πληροῦν.

408 4914 520 4971 Καὶ
546 4913 657 4984 γάρ
684 4912 850 4982 νόμος
879 4910 1011 4981 ἡμῖν
1040 4909 1156 4970 τοῖς
1181 4905 1278 4978 τὴν
1309 4906 1400 4959 τοῦ
1427 4905 1586 4974 λόγου
1633 4903 1908 4957 διακονίαν

334 4994 835 5069 δγκεχειρισμένοις
856 4991 1008 5062 παρά
1026 4990 1120 5043 τοῦ
1140 4987 1524 5060 φιλανθρώπου
1548 4990 1723 5040 κεῖται
1749 4985 1906 5050 Θεοῦ,

336 5082 611 5157 μηδέποτε
638 5076 709 5131 τά
745 5075 875 5148 παρ’
897 5073 1106 5128 ἑαυτῶν
1139 5073 1535 5157 ἐλλιμπάνεινὶ
1555 5071 1690 5157 μηδέ
1726 5070 1906 5157 σιγᾷν,

337 5153 441 5222 κᾶν
462 5160 637 5232 ἀκούῃ
671 5176 774 5224 τις,
804 5157 908 5211 κᾶν
945 5156 1286 5229 παρα-τρέχῃ.
1338 5157 1395 5209 Ὀ
1440 5154 1570 5222 γοῦν
1617 5153 1908 5225 Ἱερεμίας,

333 5246 527 5316 ἐπειδὴ
556 5240 729 5296 πολλά
759 5242 875 5302 τοῖς
924 5238 1197 5301 Ἰουδαίοις
1248 5238 1508 5303 ἀπειλῶν,
1554 5238 1650 5290 καὶ
1684 5235 1753 5289 τά
1785 5235 1911 5306 μέλ-

334 5331 497 5383 λοντα
549 5321 954 5397 προαναφωνῶν
997 5321 1179 5386 δεινά,
1236 5321 1387 5392 παρὰ
1442 5320 1551 5373 τῶν
1606 5320 1909 5373 ἀκουόντων

332 5410 702 5481 ἐκωμῳδεῖτο,
746 5400 838 5460 καὶ
863 5404 928 5458 δι’
953 5405 1081 5476 ὅλης
1115 5405 1338 5473 ἐγελᾶτο
1374 5406 1473 5476 τῆς
1496 5403 1726 5475 ἡμέρας1
1755 5404 1911 5457 ἐδου-

330 5493 566 5550 λεύσατό
615 5506 746 5545 ποτε
777 5489 877 5560 τῆς
926 5488 1263 5559 προφητείας
1312 5487 1617 5557 ἀποστῆναι
1670 5487 1908 5557 ἐκείνης,

398 5626 419 5647 ⁸
442 5619 593 5670 Savil.
623 5622 675 5667 et
708 5629 836 5666 unus
859 5629 947 5664 ms.
969 5614 1115 5665 οὖσαν
1133 5615 1421 5673 διαϐολικήν.

392 5684 425 5723 ι
448 5683 597 5731 Sam.
624 5686 679 5728 et
709 5685 918 5741 qualum-
935 5689 1052 5726 mss.
1074 5678 1322 5738 ὑμετέραις
1335 5675 1577 5732 διανοίαις.

647 5769 917 5829 ΡΑτιιοι..
963 5767 1079 5829 Gn.
1122 5770 1402 5831 XLVIII.

2014 1738 2350 1810 ἀνθρώπινόν
2402 1754 2455 1790 τι
2505 1737 2717 1804 παθὼν,
2769 1740 2864 1794 καὶ
2907 1740 2974 1793 τά
3010 1740 3319 1812 σκώμματα
3358 1741 3451 1794 καὶ
3490 1741 3590 1805 τὰς

2011 1822 2280 1894 λοιδορίας
2314 1822 2415 1875 οὑκ
2466 1821 2726 1890 ἐνεγκὼν.
2757 1823 2867 1875 Καὶ
2896 1822 3061 1876 ἄκουε
3093 1822 3259 1876 αὑτοῦ
3288 1822 3448 1877 τοῦτο
3495 1826 3590 1897 δη-

2011 1905 2230 1970 λοῦντος
2243 1907 2309 1960 δι’
2321 1898 2397 1959 ὧν
2417 1922 2603 1975 φησιν’
2622 1906 2941 1976 Ἐγενόμην
2962 1909 3047 1973 εἱς
3068 1907 3296 1977 γέλωτα
3309 1906 3464 1975 ὅλην
3476 1908 3591 1977 τὴν

2011 1989 2241 2058 ἡμέραν
2259 2006 2274 2020 ο
2302 1985 2476 2043 εἶπονο
2507 1990 2579 2043 οὐ
2609 1988 2697 2058 μὴ
2732 1988 3008 2057 λαλήσω,
3031 1990 3175 2045 οὐδὲ
3196 1991 3284 2060 μὴ
3310 1990 3591 2061 ὀνομάσω

2012 2073 2077 2126 τὸ
2127 2072 2317 2140 ὄνομα
2366 2072 2611 2140 Κυρίου.
2665 2072 2776 2125 Καὶ
2818 2072 3056 2143 ἐγένετο
3083 2073 3154 2126 ἐν
3175 2073 3307 2143 ἐμοὶ
3340 2073 3421 2140 ὡς
3467 2074 3590 2142 πῦρ

2013 2154 2328 2224 καιόμενον
2361 2154 2459 2208 καὶ
2488 2154 2893 2223 φλεγμαῖνονα
2927 2154 2996 2208 ἐν
3027 2155 3152 2221 τοῖς
3178 2156 3412 2224 ὀστέοις
3433 2175 3553 2228 μου
3573 2175 3588 2189 ·

2012 2236 2291 2306 παρεῖμαι
2321 2234 2636 2300 πάντοθεν,
2673 2237 2766 2292 καὶ
2811 2238 2881 2290 οὐ
2907 2235 3161 2306 δύναμαι
3190 2239 3412 2308 φέρειν.
3451 2241 3514 2294 Ὀ
3535 2240 3594 2294 δὲ

2012 2318 2181 2388 λέγει,
2216 2318 2457 2373 τοιοῦτόν
2488 2321 2636 2372 ἐστιν
2658 2338 2671 2351 ·
2705 2319 3118 2391 ἐϐουλευσάμην
3162 2322 3466 2391 ἀποστῆναι
3490 2322 3593 2389 τῆς

2014 2403 2368 2472 προφητείας,
2400 2402 2587 2471 φησὶν,
2623 2401 2811 2472 ἐπειδὴ
2841 2403 2943 2456 οὑκ
2991 2404 3188 2474 ἤκουον
3236 2407 3287 2458 οί
3320 2405 3589 2458 Ἰουδαῖοι*

2014 2483 2108 2537 καὶ
2141 2485 2258 2556 ἅμα
2288 2483 2447 2538 τοῦτο
2478 2483 2904 2557 ἐϐουλευσάμην,
2927 2485 2954 2525 ἀ
2977 2486 3227 2560 καθάπερ
3256 2486 3368 2559 πῦρ
3396 2490 3475 2551 είς
3493 2488 3593 2558 τὴν

2012 2566 2189 2639 ψυχὴν
2218 2567 2441 2621 ἐνέπεσε
2468 2567 2568 2637 τὴν
2604 2568 2744 2638 ἐμὴν
2776 2570 2809 2639 ἡ
2848 2569 2941 2621 τοῦ
2976 2569 3290 2640 πνεύματος
3317 2570 3591 2641 ἐνέργεια,

2015 2651 2109 2702 καὶ
2133 2651 2312 2704 πάντα
2346 2651 2416 2704 τὰ
2464 2648 2613 2703 ἔνδον
2664 2650 3022 2719 κατέφλεγεν,
3053 2652 3448 2705 ἐπιδαπανῶσά
3490 2669 3592 2724 μου

2014 2733 2082 2786 τὰ
2105 2734 2261 2791 ὀστᾶ.
2298 2734 2392 2786 καὶ
2413 2732 2776 2786 κατεσθίουσα
2809 2732 3005 2798 οὑτως,
3043 2735 3119 2798 ὡς
3145 2734 3220 2806 μὴ
3244 2735 3502 2790 δύνασθαί
3527 2753 3595 2807 με

2015 2818 2258 2883 ἐνεγκεῖν
2286 2817 2377 2869 τὸν
2404 2815 2732 2887 ἐμπρησμὸν
2763 2820 2990 2871 ἐκεῖνον.
3038 2819 3102 2871 Εἰ
3132 2818 3189 2871 δέ
3218 2819 3246 2870 ὁ
3279 2818 3596 2890 γελώμενος

2016 2901 2110 2952 καὶ
2134 2897 2530 2969 χλευαζόμενος
2556 2899 2763 2962 ἐκεῖνος
2789 2899 2881 2952 καὶ
2913 2900 3035 2954 καθ’
3053 2901 3294 2971 ἑκάστην
3322 2901 3597 2974 λοιδορού-

2020 3000 2178 3053 μενος
2210 2983 2309 3052 τὴν
2337 2981 2574 3053 ἡμέραν,
2607 2976 2796 3053 ἐπειδῆ
2822 2983 3181 3037 ἐϐουλεύσατο
3221 2985 3465 3056 σιγῆσαι,
3501 3003 3594 3040 το-

2018 3064 2220 3135 σαύτην
2255 3064 2462 3134 ὑπέστη
2492 3064 2786 3135 τιμωρίαν,
2808 3064 2953 3125 τίνος
2982 3065 3047 3119 ἂν
3069 3066 3260 3136 εἴημεν
3282 3070 3442 3137 ἡμεῖς
3468 3062 3597 3136 συγ-

2014 3148 2241 3219 γνώμης
2273 3148 2435 3213 ἄξιοι,
2462 3146 2706 3199 τοιοῦτον
2744 3146 2842 3218 μὲν
2880 3147 3092 3200 οὑδέπω
3123 3148 3391 3213 παθόντες
3419 3151 3594 3217 οὐδὲν⁹

2013 3232 2101 3285 διά
2135 3232 2323 3302 δὲτὴν
2376 3230 2647 3301 ρᾳθυμίαν
2700 3229 2863 3283 τινῶν
2917 3232 3448 3304 μικροψυχήσαντες,
3501 3238 3597 3288 καὶ

2012 3315 2111 3385 τῆς
2155 3314 2503 3377 διδασκαλίας
2540 3314 2874 3377 ἀποστάντες
2901 3315 2998 3384 τῆς
3044 3315 3180 3386 πρὸς
3208 3316 3470 3383 ἐκείνους,
3504 3320 3598 3371 καὶ

2017 3399 2272 3469 μάλιστα,
2308 3399 2435 3450 ὅταν
2470 3398 2711 3451 τοσοῦτοι
2743 3399 2792 3449 οἱ
2826 3397 3184 3469 προσέχοντες
3206 3394 3342 3467 ὦσι;

2089 3477 2239 3552 [709]
2272 3477 2541 3548 β’.Ταῦτα
2566 3478 2623 3531 δὲ
2651 3477 2816 3547 λέγω,
2836 3479 2936 3532 οὑκ
2971 3480 3209 3550 ἐμαυτὸν
3241 3483 3595 3554 παραμυθοῦ-

2017 3581 2194 3636 μενος,
2214 3562 2336 3616 οὑδέ
2362 3561 2717 3634 παρακαλῶν·
2735 3563 2828 3615 καὶ
2849 3563 2956 3635 γὰρ
2982 3562 3220 3616 πέπεικα
3237 3566 3335 3635 τὴν
3356 3568 3594 3637 ἐμαυτοῦ

2012 3649 2213 3719 ψυχὴν,
2241 3647 2348 3710 ἕως
2395 3645 2461 3700 ἂν
2496 3646 2744 3717 ἐμπνέω,
2782 3647 2877 3699 καὶ
2907 3646 3036 3718 δοκῇ
3073 3646 3151 3717 τῷ
3180 3646 3298 3718 Θεῷ
3340 3649 3482 3703 κατὰ
3502 3651 3597 3704 τὸν

2012 3732 2260 3803 παρόντα
2290 3730 2401 3800 βίον
2428 3732 2578 3800 ἡμᾶς
2607 3726 2764 3793 εἶναι,
2790 3729 2996 3800 ταύτην
3026 3730 3269 3804 πληροῦν
3293 3733 3391 3804 τὴν
3416 3734 3598 3789 διακο-

2012 3816 2151 3881 νίαν,
2184 3817 2291 3868 καὶ
2323 3815 2388 3869 ἄν
2422 3832 2480 3867 τε
2516 3814 2765 3887 προσέχῃ
2789 3832 2892 3880 τις,
2932 3817 2998 3870 ἄν
3035 3833 3095 3869 τε
3137 3815 3212 3887 μὴ
3247 3819 3510 3892 προσέχῃ,
3536 3821 3596 3873 τὸ

2012 3901 2304 3972 ἐπιταχθὲν
2334 3902 2537 3953 ποιεῖν·
2576 3900 2689 3953 ἀλλ’
2721 3900 2908 3971 ἐπειδή
2941 3900 3086 3963 τινές
3112 3902 3253 3955 είσιν
3284 3904 3332 3955 οἱ
3363 3903 3462 3967 τὰς
3486 3904 3595 3957 τῶν

2013 3984 2223 4038 πολλῶν
2257 3983 2542 4048 ἐκλύοντες
2564 3988 2773 4055 χεῖρας,
2795 3985 2890 4037 καὶ
2916 3984 3054 4055 πρὸς
3091 3984 3171 4054 τῷ
3200 3985 3366 4056 μηδὲν
3399 3989 3596 4051 αὐτοὺς

2012 4073 2283 4142 χρήσιμον
2313 4072 2395 4133 εἰς
2424 4069 2515 4123 τὸν
2557 4068 2670 4138 βίον
2718 4068 2992 4139 εἰσφέρειν
3022 4069 3115 4122 τὸν
3160 4069 3452 4141 ἡμέτερον,
3497 4076 3594 4127 καὶ

2011 4153 2111 4224 τὴν
2146 4152 2347 4219 ἐτέρων
2390 4152 2764 4222 παραλύοντες
2823 4152 3085 4223 σπουδὴν,
3114 4152 3471 4222 χλευάζοντες
3504 4157 3598 4210 καὶ

2013 4234 2517 4306 διακωμῳδοῦντες,
2559 4235 2653 4289 καὶ
2698 4234 2982 4304 λέγοντες·
3030 4236 3300 4306 ἀπόστηθι
3354 4240 3595 4310 συμϐου-

2012 4317 2205 4383 λεύων,
2247 4319 2453 4372 παῦσαι
2497 4320 2809 4391 παραινῶν·
2838 4321 2899 4373 οὑ
2939 4320 3217 4391 βούλονταί
3246 4334 3270 4363 ο
3302 4341 3385 4377 σοι
3428 4342 3600 4397 προσ-

2013 4402 2179 4473 έχειν,
2224 4402 2390 4473 μηδὲν
2421 4404 2599 4457 κοινὸν
2633 4403 2723 4474 ἐχε
2759 4404 2894 4474 πρὸς
2946 4406 3179 4470 αὐτούς·
3236 4409 3419 4480 ἐπειδὴ
3452 4410 3598 4475 τινές

2013 4487 2118 4538 εἰσι
2148 4485 2321 4540 ταῦτα
2365 4486 2636 4554 λέγοντες,
2672 4485 2772 4557 τὴν
2802 4488 3045 4561 πονηρὰν
3089 4491 3184 4544 καὶ
3226 4492 3598 4565 ἀπάνθρωπον

2010 4569 2215 4640 ταύτην
2244 4568 2467 4641 γνώμην
2505 4570 2599 4623 καὶ
2626 4569 2937 4643 διαϐολικὴν
2967 4573 3261 4645 ἐπιϐουλὴν
3297 4577 3399 4647 τῆς
3421 4578 3600 4653 ψυχῆς

2011 4653 2120 4706 τῶν
2158 4652 2366 4705 πολλῶν
2392 4652 2623 4725 ἐκκόψαι
2653 4653 2992 4726 βουλόμενος,
3023 4659 3362 4731 μακρότερον
3410 4660 3598 4715 τοῦτον

2012 4737 2152 4792 ποιῶ
2172 4737 2265 4791 τόν
2294 4738 2471 4807 λόγον.
2499 4739 2612 4791 Καὶ
2637 4739 2746 4811 γὰρ
2772 4740 2866 4794 καὶ
2893 4741 3019 4811 χθὲς
3048 4738 3166 4797 οἶδα
3193 4743 3419 4807 πολλοὺς
3442 4747 3598 4817 εἰρη-

2012 4822 2177 4887 κότας
2206 4822 2379 4876 ταῦτα
2418 4822 2485 4876 τὰ
2508 4824 2762 4903 ῥήματα,
2790 4824 2862 4887 οἳ,
2893 4826 3112 4880 ἐπειδάν
3162 4845 3314 4892 τινας
3364 4823 3502 4881 εἶδον
3540 4831 3599 4882 ἐν

2012 4906 2294 4978 καπηλείῳ
2326 4906 2729 4979 διατρίψαντας,
2767 4909 3033 4978 γελῶντες
3105 4912 3200 4965 καὶ
3248 4914 3599 4984 χλευάζοντες

2012 4990 2230 5060 ελεγονο
2263 4991 2473 5060 πάνυγε
2527 4992 2635 5064 γὰρ
2702 4994 3066 5065 ἐπείσθησανο
3112 4994 3250 5059 ὅλως
3289 4997 3463 5060 οὐδεὶς
3518 5001 3598 5062 είς

2011 5074 2311 5145 καπηλεῖον
2336 5074 2553 5147 εἰσῆλθε
2570 5093 2583 5107 ·
2617 5075 2856 5141 ἅπαντες
2887 5079 3274 5151 ἐσωφρόνησαν
3296 5080 3341 5136 τ.

2083 5159 2125 5210 Τ
2133 5158 2147 5210 ί
2173 5158 2395 5227 λέγεις,-
2424 5158 2710 5231 ἀνθρωπε;
2744 5160 2904 5214 τοῦτο
2943 5161 3053 5232 γάρ
3077 5162 3433 5235 ὑπεσχόμεθα
3459 5167 3598 5219 πάν-

2011 5260 2112 5305 τας
2158 5244 2217 5297 ἐν
2250 5245 2350 5314 μιᾷ
2398 5244 2722 5313 σαγηνεύειν
2769 5245 2987 5315 ἡμέρας
3028 5246 3093 5298 Et
3135 5246 3246 5317 γάρ
3273 5247 3406 5301 δέκα
3436 5249 3599 5319 μόνον

2012 5326 2367 5397 ἐπείσθησαν,
2394 5329 2443 5380 εἰ
2473 5327 2582 5398 γὰρ
2606 5326 2766 5381 πέντε
2796 5329 2981 5398 μόνον,
3013 5330 3061 5382 εί
3084 5329 3193 5401 γὰρ
3214 5329 3315 5397 εἷς,
3343 5334 3441 5405 οὑχ
3472 5336 3599 5391 ικα-

2076 5434 2099 5494 (ξ
2127 5433 2223 5494 Alii
2245 5431 2547 5494 φλεγόμενον.

2073 5490 2102 5532 (ι
2128 5490 2316 5555 ευρριθ
2342 5490 2440 5540 καί.
2469 5493 2605 5542 Enn.

2074 5555 2093 5577 ⁸
2116 5554 2338 5626 ξενὶῌο
2361 5561 2507 5626 Itan-{ly
2532 5554 2588 5626 93’;
2614 5554 2887 5626 βούλονται,
2903 5559 2962 5626 ἱι]Δ
2977 5571 3134 5622 marg.
3158 5558 3213 5608 οὑ
3237 5559 3479 5626 βούλεται,
3508 5563 3607 5609 sic-

2011 5628 2111 5682 qug
2128 5615 2301 5682 Morel.
2326 5621 2379 5663 et
2397 5613 2500 5682 alii.
2532 5613 2841 5682 UuigsAoﬁaeig
2863 5613 3099 5682 βούλεταιιῖ

2081 5674 2100 5714 ί
2128 5676 2263 5724 Unus
2284 5690 2372 5724 ms.
2405 5676 2839 5739 ἐσωφρονίσθησαν.

3183 5758 3264 5834 28
