4046 6146
416 267 518 323 965

414 387 503 440 νὺν
535 388 666 458 η’μίν
721 388 798 452 εἰς
840 386 1225 460 παραμυθίαν;
1272 388 1413 459 Ἐγὼ
1458 388 1513 441 δὲ
1557 391 1648 442 καὶ
1691 384 1996 457 ὑπερϐολὴν

415 474 609 545 ἑτέραν
668 477 948 546 ποιοῦμαι.
1014 476 1232 536 Κείσθω
1294 477 1501 548 μηδένα
1555 474 1849 529 πεπεῖσθαι
1884 475 1997 536 τοῖς

415 562 706 635 ἡμετέροις
721 564 922 634 λόγοις,
943 565 1082 636 ὅπερ
1112 565 1377 619 ἀδύνατον
1410 566 1493 629 εἰς
1524 563 1796 626 τοσαύτας
1826 561 1997 623 ἀκοάς

416 653 775 725 σπειρόμενον
820 655 978 724 λόγον
1035 655 1285 726 ἄκαρπον
1342 653 1597 724 γενέσθαι
1652 651 1787 707 ποτέ
1811 668 1823 679 ·
1857 652 1996 722 πλὴν

413 740 553 797 ἀλλὰ
600 739 804 797 κείσθω
830 743 990 798 τοῦτο
1045 745 1208 799 αὑτόσ
1237 743 1359 798 οὐδὲ
1388 742 1563 806 οὕτως
1594 728 1830 814 ἀκερδὴς
1864 742 1998 812 ἡμῖν

413 834 442 885 6
477 832 653 901 λόγος.

481 921 547 974 Εἰ
587 921 696 992 γάρ
729 923 819 976 καὶ
850 921 1102 993 εἰσῆλθον
1130 923 1210 986 εἰς
1244 921 1565 994 καπηλεῖον,
1617 919 1730 975 ἀλλ’
1762 920 1823 973 οὐ
1859 918 1998 990 μετὰ

411 1008 512 1079 τῆς
545 1009 716 1080 αὐτῆς
747 1012 1132 1082 ἀναισχυντίας
1160 1012 1428 1084 εἰσῆλθον,
1462 1011 1597 1065 ἀλλά
1634 1010 1727 1063 καὶ
1768 1009 1860 1063 ἐπὶ
1896 1007 1997 1075 τῆς

412 1099 692 1171 τραπέζης
733 1100 994 1166 πολλάκις
1031 1100 1142 1156 τῶν
1185 1102 1471 1173 ἡμετέρων
1503 1099 1859 1173 ἐμνήσθησαν
1907 1097 1997 1150 λό-

415 1204 546 1256 γων,
595 1187 696 1258 τῆς
743 1190 1138 1261 ἐπιτιμήσεως,
1178 1190 1280 1261 τῆς
1316 1189 1683 1261 ὲπιπλήξεως,
1726 1189 1821 1241 καὶ
1865 1205 1999 1258 μνη-

417 1276 634 1342 σθέντες
662 1278 1034 1351 ᾐσχύνθησαν,
1077 1279 1419 1352 ἠρυθρίασαν
1449 1279 1592 1333 κατὰ
1637 1278 1902 1332 διάνοιαν·
1935 1277 1996 1329 ού

418 1368 556 1439 μετά
606 1369 878 1442 τοσαύτης
936 1370 1261 1442 ἰταμότητος
1288 1383 1312 1412 υ
1343 1371 1412 1424 τά
1455 1360 1683 1424 εἰωθότα
1731 1367 1995 1439 ἔπραξαν.

415 1455 587 1510 Τοῦτο
618 1457 674 1511 δὲ
713 1459 856 1531 ἁρχὴ
885 1458 1160 1532 σωτηρίας
1190 1460 1284 1513 καὶ
1314 1459 1619 1531 μεταϐολῆς
1651 1459 1903 1531 ἀρίστης,
1938 1458 1999 1512 τὸ

416 1546 553 1610 ὅλως
584 1548 964 1619 αἰσχυνθῆναι,
1001 1548 1062 1602 τὸ
1093 1548 1230 1614 ὅλως
1272 1546 1616 1617 καταγνῶναι
1645 1548 1754 1601 τῶν
1788 1549 2002 1618 γινομέ-

418 1654 542 1691 νων.
575 1636 720 1708 Πρὸς
754 1638 963 1701 τούτοις
998 1637 1053 1692 δὲ
1099 1639 1198 1693 οὐκ
1235 1638 1453 1692 ἔλαττον
1497 1638 1591 1692 καὶ
1634 1637 1821 1710 ἔτερον
1864 1640 2001 1708 ἡμῖν

418 1728 483 1779 ἐκ
515 1723 701 1779 τούτου
730 1727 1018 1798 γεγένηται
1051 1728 1258 1799 κέρδος.
1285 1730 1441 1783 Ποῖον
1474 1728 1539 1797 δὴ
1566 1728 1757 1796 τοῦτο;
1797 1728 1873 1782 Τὸ
1905 1729 1999 1781 καὶ

416 1816 543 1880 τοὺς
572 1817 983 1890 σωφρονοῦντας
1014 1820 1370 1891 σεμνοτέρους
1402 1820 1646 1891 ποιῆσαι,
1682 1819 1777 1874 καὶ
1813 1820 1998 1873 πεῖσαι

416 1905 504 1959 διά
534 1905 644 1958 τῶν
684 1906 990 1978 εἰρημένων
1032 1908 1112 1961 ὅτι
1158 1911 1353 1980 ἄριστα
1406 1910 1622 1964 πάντων
1669 1908 1778 1963 εἰσί
1813 1908 1999 1980 βεϐου-

418 1994 702 2066 λευμένοι,
761 1995 837 2067 μὴ
909 1999 1349 2069 συναπαγόμενοι
1414 2002 1528 2063 τοῖς
1599 1999 1835 2062 πολλοῖς.
1886 2000 2000 2052 Οὐκ

418 2084 695 2154 ἀνέστησα
724 2087 852 2149 τοὺς
893 2087 1215 2150 νοσοῦνταςς
1260 2089 1395 2144 ἀλλὰ
1437 2091 1563 2152 τοὺς
1613 2090 1788 2157 ὑγιεῖς
1827 2089 2003 2156 ἀσφα-

419 2174 703 2247 λεστέρους
732 2176 993 2245 ἐποίησα·
1027 2178 1126 2230 οὐκ
1180 2178 1434 2247 ἀπήγαγέ
1481 2195 1633 2241 τινας
1665 2177 1763 2248 τῆς
1806 2178 2003 2243 κακίας

419 2265 449 2315 6
484 2264 671 2332 λόγος;
712 2262 847 2317 ἀλλά
894 2265 1021 2327 τοὺς
1068 2266 1124 2318 ἐν
1176 2266 1342 2337 ἀρετῇ
1409 2265 1617 2331 ζῶντας
1680 2268 2003 2338 ἀκριϐεστέ-

425 2370 553 2424 ρους
582 2352 894 2423 εἰργάσατο.
947 2354 1103 2408 Εἴπω
1144 2373 1196 2409 τι
1231 2356 1324 2408 καὶ
1362 2357 1499 2428 πρὸς
1537 2357 1748 2421 τούτοις
1797 2358 1998 2427 τρίτον.

424 2444 535 2496 Οὐκ
591 2442 786 2498 ἔπεισα
833 2445 1102 2515 σήμερον;
1144 2445 1260 2499 ἀλλ’
1303 2444 1491 2518 αὔριον
1535 2446 1665 2510 ἴσως
1703 2447 2003 2518 δυνήσομαι

425 2534 628 2585 πεῖσαι.
671 2532 812 2585 Ἀλλ’
856 2533 977 2585 οὐδὲ
1024 2532 1245 2604 αὖριονς
1284 2535 1419 2588 ἀλλά
1465 2536 1605 2605 μετὰ
1641 2536 1738 2604 τὴν
1792 2535 2002 2608 αὔριον,

425 2620 458 2687 ἢ
504 2620 595 2672 καὶ
626 2621 742 2690 μετ’
783 2622 999 2692 ἐκείνην
1044 2621 1195 2685 ἴσως.
1239 2623 1296 2675 '0
1328 2625 1567 2694 σήμερον
1619 2623 1860 2687 ἀκούσας
1912 2628 2007 2680 καὶ

424 2707 908 2776 διακρουσάμενος,
957 2708 1145 2781 αὔριον
1199 2711 1331 2774 ἴσως
1379 2711 1672 2765 ἀκούσεται
1709 2714 1803 2767 καὶ
1837 2730 2008 2767 κατα-

426 2794 666 2859 ὅέξεται·
699 2798 728 2850 6
775 2797 829 2850 δὲ
888 2799 1127 2869 σήμερον
1174 2800 1268 2854 καὶ
1318 2800 1506 2871 αὔριον
1554 2802 2004 2872 καταφρονήσας,

432 2884 570 2954 μετά
611 2884 828 2949 πλείους
882 2887 1012 2950 ἴσως
1057 2886 1273 2959 ἡμέρας
1312 2888 1565 2959 προσέξει
1618 2892 1730 2954 τοῖς
1775 2890 2007 2962 λεγομέ-

429 2990 558 3035 νοις.
596 2974 702 3027 Καὶ
729 2972 838 3045 γὰρ
868 2975 960 3028 καὶ
986 2975 1170 3039 ἁλιεὺς
1198 2977 1458 3041 πολλάκις
1486 2977 1553 3031 δι’
1583 2978 1710 3049 ὅλης
1742 2979 1840 3051 τῆς
1874 2978 2022 3051 ήμέο.

431 3079 531 3131 ρας
565 3061 719 3115 κενὸν
760 3063 1084 3127 ἀνασπάσας
1112 3065 1174 3118 τὸ
1209 3065 1445 3129 δίκτυον,
1488 3066 1546 3117 ὲν
1575 3065 1784 3138 ἑσπέρᾳ
1816 3066 2011 3120 πολλά-

430 3166 518 3205 κις
546 3148 696 3224 [710]
728 3152 1034 3224 ἀναχωρεῖν
1072 3153 1304 3224 μέλλων,
1337 3155 1427 3208 τὸν
1454 3153 1521 3207 δι’
1549 3155 1676 3226 ὅλης
1711 3154 1873 3209 αὐτὸν
1911 3157 2011 3225 τῆς

432 3238 641 3310 ἡμέρας
684 3239 1011 3309 διαφυγόντα
1058 3243 1208 3313 ἰχθὺν
1253 3242 1508 3306 άλιεύσας
1563 3244 1825 3314 ἀπῆλθεν.
1862 3246 1925 3298 Εἰ
1958 3244 2012 3297 δὲ

437 3326 721 3399 μέλλοιμεν
754 3328 842 3382 διὰ
870 3328 968 3393 τὰς
1002 3330 1088 3382 ἀεὶ
1116 3332 1406 3402 γινομένας
1430 3333 1730 3403 ἀποτυχίας
1756 3335 1814 3385 ὲν
1845 3334 2013 3406 ἀργίᾳ

434 3415 608 3485 εἶναι,
664 3420 781 3499 καὶ,
813 3420 922 3474 τῶν
980 3422 1321 3491 πραγμάτων
1386 3421 1719 3490 ἀφίστασθαι
1772 3423 2009 3484 πάντων,

435 3509 579 3572 ἆπας
620 3510 750 3579 ἡμῖν
784 3509 813 3561 ὁ
853 3507 968 3579 βίος
1011 3508 1320 3562 ἀπολεῖται·
1359 3510 1453 3562 καὶ
1498 3510 1618 3579 ουχὶ
1648 3508 1719 3562 τά
1772 3527 2013 3579 πνευμα-

434 3595 562 3649 τικά
595 3596 773 3665 μόνον,
803 3596 941 3649 ἀλλά
970 3598 1063 3650 καὶ
1106 3596 1173 3649 τά
1221 3596 1449 3666 βιωτικά
1500 3598 1780 3667 οἰχήσεται
1816 3597 2012 3651 πάντα.

435 3684 548 3737 Καὶ
589 3684 697 3753 γάρ
721 3684 749 3734 6
778 3684 1043 3755 γεωργὸς,
1072 3688 1120 3737 εἰ
1153 3685 1335 3755 μέλλοι
1370 3685 1460 3739 διά
1491 3686 1589 3749 τάς
1619 3685 1768 3751 ἅπαξ
1807 3689 1901 3741 καὶ
1935 3688 2017 3747 δὶς

438 3771 536 3825 καὶ
612 3771 872 3832 πολλάκις
941 3773 1231 3843 γινομένας
1291 3773 1398 3827 τῶν
1461 3774 1641 3846 ἀέρων
1699 3775 2016 3845 ἀνωμαλίας

438 3861 539 3930 τῆς
606 3860 879 3933 γεωργίας
935 3862 1253 3933 ἀποπηδᾷν,
1307 3861 1449 3934 λιμῷ
1516 3863 1728 3934 ταχέως
1788 3861 2019 3918 ἀπολού-

443 3949 583 4020 μεθα
609 3949 635 3990 ι)
666 3951 885 4013 πάντες.
915 3950 1025 4004 Kal
1061 3950 1403 4025 κυϐερνήτης
1434 3951 1512 4017 δὲ,
1552 3955 1600 4006 εἰ
1630 3952 1718 4007 διὰ
1750 3952 1840 4006 τὸν
1870 3952 2019 4017 ἅπαξ

441 4040 537 4093 καὶ
574 4039 653 4103 δὶς
697 4040 792 4093 καὶ
831 4039 1090 4105 πολλάκις
1124 4041 1405 4112 συμϐάντα
1441 4041 1687 4113 χειμῶνα
1726 4041 1886 4110 φύγοι
1920 4042 2018 4114 τὴν

442 4127 731 4191 θάλατταν,
784 4127 1033 4182 ἄπλωτον
1086 4130 1220 4200 ἡμῖν
1275 4129 1427 4183 ἔσται
1487 4129 1549 4183 τὸ
1601 4130 1868 4199 πέλαγος,
1929 4135 2021 4184 καὶ

440 4218 713 4290 ἄχρηστος
737 4216 833 4272 καὶ
856 4216 1103 4272 ἐντεῦθεν
1130 4220 1260 4288 ήμῖν
1296 4220 1324 4271 6
1368 4219 1479 4289 βίος
1517 4219 1678 4273 πάλιν
1708 4221 2018 4291 γενήσεται.

441 4304 579 4359 Καθ’
603 4306 842 4376 ἑκάστην
871 4307 929 4360 δὲ
958 4307 1155 4378 τέχνην
1193 4307 1381 4372 ἐπιὼν,
1413 4310 1460 4362 εἰ
1493 4307 1665 4361 ταῦτα
1700 4309 2023 4379 παραινοίης

442 4396 536 4450 καὶ
576 4395 990 4467 συμϐουλεύοις,
1031 4396 1207 4452 πάντα
1237 4398 1406 4469 ἀρδην
1446 4398 1743 4458 ἀπολεῖται,
1776 4400 1873 4454 καὶ
1911 4400 2026 4454 ἀοί-

446 4501 611 4555 κητος
651 4486 803 4539 ἔσται
834 4487 868 4556 ή
913 4486 1006 4556 γῆ.
1034 4486 1213 4557 Ἀπερ
1259 4483 1351 4540 οὖν
1381 4485 1619 4551 ἀπαντες
1666 4489 1886 4553 εἰδότες,
1924 4488 2024 4543 κᾶν

446 4573 615 4639 ἅπαξ.
656 4572 760 4627 κᾶν
788 4573 889 4637 δἰς,
923 4571 1028 4627 κᾶν
1070 4574 1329 4639 πολλάκις
1371 4575 1682 4645 ἀποτύχωσι
1715 4575 1808 4629 τοῦ
1841 4575 2028 4641 τέλους

446 4662 554 4716 τῶν
589 4662 950 4736 πραγμάτων,
993 4663 1051 4716 ἐν
1083 4659 1164 4725 οἷς
1200 4665 1305 4716 εἰσι
1336 4665 1431 4718 καὶ
1472 4663 1834 4735 διατρίϐουσι,
1867 4664 2029 4719 πάλιν

447 4751 626 4807 αὐτῶν
692 4749 1155 4820 ἐπιλαμϐάνονται
1222 4751 1357 4822 μετά
1425 4751 1524 4823 τῆς
1593 4751 1761 4822 αὐτῆς
1821 4753 2029 4825 προθυ-

451 4842 602 4912 μίας.

516 4958 587 5021 γ’.
611 4952 789 5023 Ἂπερ
819 4950 1036 5005 ἅπαντα
1063 4949 1126 5021 δὴ
1157 4949 1251 5003 καὶ
1281 4951 1441 5021 ἡμεῖς
1472 4951 1702 5018 εἰδότες,
1734 4953 2028 5025 ἀγαπητοὶ,

454 5042 563 5113 μὴ,
603 5039 930 5113 παρακαλῶ,
966 5034 1040 5111 μὴ
1090 5037 1263 5093 ταῦτα
1312 5038 1708 5112 φθεγγώμεθα,
1763 5042 1898 5115 μηδὲ
1946 5043 2032 5097 λέ-

450 5148 637 5203 γωμεν
658 5148 670 5162 ·
703 5130 754 5186 τί
784 5131 866 5186 δεῖ
894 5129 1068 5199 λόγων
1101 5130 1231 5200 ἡμῖν
1267 5130 1567 5197 το.τούτων;
1616 5130 1772 5186 οὐδὲν
1818 5134 1883 5185 ὲκ
1923 5132 2032 5185 τῶν

450 5222 624 5291 λόγων
658 5219 864 5274 τούτων
912 5219 1103 5287 ὄφελος
1151 5219 1379 5286 γίνεται.
1431 5220 1541 5273 Καὶ
1588 5220 1697 5291 γὰρ
1737 5221 1767 5272 ὁ
1798 5221 2034 5291 γηπόνος

452 5307 601 5375 ἅπαξ
624 5306 721 5362 καὶ
752 5306 833 5370 δίς
864 5308 959 5360 καὶ
992 5305 1249 5371 πολλάκις
1280 5308 1379 5378 τὴν
1412 5308 1581 5378 αὐτὴν
1614 5308 1846 5378 σπείρας
1874 5306 2035 5378 ἀρου-

518 5557 547 5619 f
567 5556 789 5616 Quatuor
811 5571 921 5607 nise.
954 5558 1073 5619 μετά
1092 5563 1176 5615 τῆς
1195 5556 1344 5615 αὐτῆς
1358 5555 1658 5619 ἰταμότητος.

516 5618 548 5660 1»
572 5619 746 5672 Savil..
771 5616 1025 5669 Ματθία
1043 5621 1185 5667 mulli
1206 5632 1320 5667 mss.
1348 5616 1668 5679 ἀπολούμεθα,
1689 5628 1818 5666 unus
1842 5616 2039 5664 ἀπολοί-

460 5684 593 5746 μεθα.
617 5680 766 5746 Savil.
795 5694 845 5746 ιιι
868 5694 1021 5746 marg.
1049 5679 1248 5746 el__alius
1273 5677 1594 5739 ἀπολλύμεθα.

521 5745 547 5776 °
572 5745 719 5795 Alius
738 5741 822 5792 τοῦ
844 5744 1023 5801 τέλους,
1046 5742 1201 5791 πάλιν.

1131 276 1188 330 S.
1229 273 1512 331 JOANNIS
1550 272 2008 328 CIIRYSUSTOM

2128 274 2397 327 RCIIIEP.
2441 268 2980 326 (ΣΟΝΒΤΛΝΤΙΝΟΡ.

3579 259 3685 318 966

2113 398 2230 452 ραν,
2272 381 2367 435 καὶ
2396 384 2683 455 ἀποτυχὼν
2709 385 2803 438 τοῦ
2831 385 3077 457 κέρδους,
3122 381 3284 435 πάλιν
3308 391 3331 420 ο
3369 379 3540 450 αὐτὴν
3569 379 3682 452 είρ-

2109 472 2343 537 γάσατο,
2377 473 2473 525 καὶ
2514 475 2570 526 ὲν
2619 474 2700 526 ἐνὶ
2764 473 3023 535 πολλάκις
3068 468 3301 541 ἐνιαυτῷ
3343 468 3439 522 τοῦ
3480 466 3685 531 παντὸς

2105 560 2300 631 χρόνου
2322 561 2422 633 τὴν
2448 561 2651 635 ζημίαν
2674 564 2936 618 ἀνέσωσε.
2962 546 3073 617 Καὶ
3100 560 3344 631 ἔμπορος
3365 559 3423 613 δὲ
3449 557 3686 627 ναυάγια

2105 650 2276 702 πολλὰ
2308 650 2566 714 πολλάκις
2594 651 2914 723 ὑπομείνας,
2946 651 3047 704 οὐκ
3075 648 3287 720 ἀπέστη
3314 645 3411 701 τοῦ
3444 645 3685 716 λιμένος,

2104 737 2240 792 ἀλλά
2270 739 2364 792 καὶ
2392 738 2575 793 πλοῖον
2603 740 2949 804 καθείλκυσε,
2972 739 3067 793 καὶ
3091 737 3292 800 ναύτας
3312 734 3685 807 ἐμισθώσατο.

2105 826 2200 880 καὶ¹
2228 828 2487 899 χρήματα
2530 827 2916 899 δανεισάμενος
2948 825 3057 880 τῶν
3086 823 3267 879 αὐτῶν
3312 822 3493 894 ἥψατο
3538 838 3689 891 πρα-

2103 917 2352 987 γμάτων,
2392 918 2567 972 καίτοι
2595 917 2693 972 τοῦ
2724 917 3011 988 μέλλοντος
3047 914 3251 986 ὁμοίως
3280 913 3436 978 ὄντος
3463 911 3687 982 ἀδήλου.

2105 1005 2215 1058 Καὶ
2252 1004 2483 1070 ἕκαστος
2514 1007 2571 1060 δὲ
2610 1007 2721 1060 τῶν
2769 1005 2946 1059 ὁτιοῦν
3003 1005 3295 1076 μετιόντων
3333 1001 3479 1056 οὕτω
3512 1001 3692 1053 ποιεῖν

2105 1093 2379 1160 εἰώθασιν,
2421 1095 2610 1167 ὥσπερ
2649 1098 2678 1148 6
2724 1093 2967 1167 γεωργὸς
3020 1095 3113 1148 καὶ
3161 1095 3190 1146 6
3233 1092 3495 1163 ἔμπορος.
3553 1086 3695 1141 Εἶτα

2106 1185 2304 1237 ἐκεῖνοι
2365 1184 2464 1254 μὲν
2512 1183 2747 1257 τοσαύτῃ
2798 1184 3032 1257 χρῶνται
3069 1181 3096 1221 ἀ
3144 1181 3279 1253 πρὸς
3330 1179 3403 1232 τὰ
3458 1178 3695 1249 βιωτικὰ

2108 1273 2336 1344 σπουδῇ,
2385 1273 2560 1327 καίτοι
2587 1273 2682 1326 τοῦ
2721 1274 2906 1336 τέλους
2948 1273 3102 1334 ὄντος
3150 1270 3367 1339 ἀδήλου,
3400 1271 3564 1339 ήμεῖς
3609 1269 3692 1333 δὲ,

2110 1360 2178 1413 ἂν
2208 1360 2455 1424 εἰπόντες
2490 1360 2565 1433 μὴ
2593 1360 2971 1431 άκουσθῶμεν.
2995 1358 3198 1422 εὐθέως
3225 1357 3649 1429 ἀποστησόμεθα
3675 1376 3697 1421 ;

2107 1451 2201 1503 καὶ
2234 1450 2393 1503 ποίαν
2442 1451 2639 1523 ἕξομεν
2686 1447 3040 1519 συγγνώμηη
3089 1447 3212 1501 τίνα
3248 1446 3305 1499 δὲ
3350 1446 3691 1512 ἀπολογίανς

2106 1541 2299 1595 Καίτοι
2330 1541 2560 1605 ἐκείνοις
2594 1541 2693 1613 μὲν
2734 1543 2791 1593 ὲν
2821 1541 2941 1602 ταῖς
2974 1538 3297 1608 ἀποτυχίαις
3334 1536 3508 1600 οὐδείς
3541 1538 3695 1590 ἐστιν

2106 1632 2135 1684 6
2161 1632 2260 1702 τήν
2290 1628 2495 1701 ζημίαν
2547 1630 3101 1702 παραμυθησόμενος,
3140 1624 3251 1685 οἷον
3282 1630 3378 1683 ὲάν
3420 1625 3695 1697 ὲπικλύσῃ

2107 1722 2168 1777 τὸ
2202 1723 2386 1776 πλοῖον
2429 1724 2461 1794 ή
2509 1722 2776 1785 θάλασσα,
2817 1721 2993 1786 οὐδεὶς
3020 1721 3119 1791 τὴν
3152 1721 3342 1776 πενίαν
3380 1717 3477 1773 τοῦ
3524 1735 3699 1772 ναυα-

2107 1811 2332 1881 γοῦντος
2389 1810 2774 1883 διορθώσεται·
2828 1809 2894 1865 ἂν
2949 1809 3244 1883 καταχώσῃ
3301 1809 3401 1879 τὴν
3454 1807 3698 1878 ἄρουραν

2108 1897 2383 1969 ἐπομϐρία
2427 1910 2473 1962 ο,
2518 1899 2611 1952 καὶ
2666 1897 2941 1973 ἀποπνίξῃ
2994 1897 3065 1952 τά
3116 1897 3425 1968 σπέρματα,
3476 1895 3697 1962 ἀνάγκη

2110 1989 2295 2052 κεναῖς
2319 1988 2410 2042 τὸν
2444 1986 2690 2058 γεωργὸν
2719 1987 2904 2042 οἴκαδε
2935 1987 3291 2057 ἀναχωρῆσαι
3330 1983 3538 2054 χερσίν.
3575 1982 3700 2050 Ἐφ’

2108 2077 2268 2148 ἡμῶν
2312 2077 2368 2130 δὲ
2412 2078 2522 2130 τῶν
2560 2076 2827 2145 λεγόντων
2872 2075 2967 2129 καὶ
3016 2074 3424 2147 παραινούντων
3456 2073 3557 2142 οὐχ
3600 2071 3697 2125 οὓ-

2108 2182 2237 2228 τως.

2194 2276 2351 2332 Ἀλλά
2381 2280 2485 2332 κᾶν
2521 2277 2835 2352 καταϐάλῃς
2862 2277 2930 2332 τά
2961 2276 3273 2349 σπέρματα,
3302 2275 3396 2329 καὶ
3428 2276 3457 2327 6
3495 2274 3703 2342 ἀκροα-

2111 2368 2209 2439 τὴς
2245 2369 2320 2439 μὴ
2360 2366 2612 2436 δέξηται,
2666 2366 2800 2438 μηδὲ
2833 2366 3030 2437 ἐνέγκῃ
3063 2366 3153 2418 τὸν
3200 2364 3411 2436 καρπὸν
3440 2363 3540 2433 τῆς
3590 2364 3702 2416 ὐπ-

2112 2455 2306 2525 ακοῆς,
2346 2455 2410 2508 σὺ
2441 2455 2532 2509 τὸν
2570 2455 2759 2527 μισθὸν
2801 2453 2942 2525 ἔχεις
2981 2453 3387 2525 ἀπηρτισμένον
3416 2452 3571 2523 παρά
3602 2450 3701 2503 τοῦ

2113 2543 2248 2598 Θεοῦ
2296 2544 2395 2617 τῆς
2445 2543 2776 2616 συμϐουλῆς,
2827 2544 2918 2598 καὶ
2974 2543 3241 2614 τοσαύτην
3289 2543 3545 2614 ἀπολήψῃ
3604 2542 3703 2610 τὴν

2114 2633 2371 2705 ἀμοιϐὴν,
2412 2634 2506 2687 καὶ
2559 2633 3010 2705 παρακούσαντος
3059 2632 3293 2695 ἐκείνου,
3337 2632 3467 2701 ὅσην
3505 2631 3704 2694 ἔλαϐες

2117 2721 2204 2783 ἂν,
2251 2723 2300 2775 εἰ
2353 2722 2665 2793 ὑπήκουσεο
2708 2721 2769 2775 τὸ
2805 2722 2913 2793 γὰρ
2955 2718 3155 2774 σαυτοῦ
3198 2721 3305 2773 πᾶν
3347 2718 3701 2788 ὲπλήρωσας.

2117 2810 2223 2864 Τοῦ
2255 2810 2329 2882 μὴ
2363 2813 2548 2864 πεῖσαι
2578 2813 2705 2874 τοὺς
2732 2811 3034 2879 ἀκούοντας
3059 2808 3160 2863 οὐκ
3188 2808 3353 2878 ἐσμὲν
3387 2806 3704 2877 ὑπεύθυνοι,

2118 2899 2252 2953 ἀλλὰ
2299 2898 2392 2952 τοῦ
2432 2897 2834 2970 συμϐουλεῦσαι
2888 2898 3081 2970 μόνον’
3119 2897 3180 2949 τὺ
3216 2896 3315 2967 μὲν
3343 2895 3453 2966 γάρ
3502 2911 3708 2965 παραι-

2117 2989 2271 3042 νέσαι
2298 2988 2585 3060 ἡμέτερον,
2609 2989 2671 3042 τὸ
2702 2988 2761 3042 δὲ
2793 2987 3079 3059 πεισθῆναι
3106 2987 3350 3041 ἐκείνων.
3375 2986 3487 3039 Καὶ
3530 2985 3708 3039 καθάυ

2118 3094 2225 3149 περ
2260 3077 2324 3131 ἀν
2359 3077 2514 3147 ήμῶν
2547 3075 2622 3147 μὴ
2669 3076 3117 3148 παραινεσάντων
3170 3072 3318 3147 [7H]
3359 3073 3529 3145 μυρία
3568 3090 3708 3127 κατ-

2119 3165 2433 3236 ορθώσωσιν
2498 3149 2750 3226 ἐκεῖνοι,⁸
2782 3164 2963 3234 μόνοις
3011 3164 3193 3226 αὐτοῖς
3256 3161 3403 3224 ἄπας
3443 3162 3473 3214 6
3512 3160 3708 3231 μισθὸς

2122 3253 2385 3315 κείσεται,
2422 3255 2554 3324 ἡμῖν
2583 3252 2645 3305 δὲ
2672 3252 2822 3306 οὐδὲν
2854 3252 3006 3306 ἔσται
3035 3252 3097 3307 τὸ
3129 3250 3339 3320 κέρδος,
3383 3247 3574 3319 ἐπειδὴ
3627 3249 3706 3319 μὴ

2124 3341 2652 3413 συνεϐουλεύσαμεν*
2702 3340 2877 3406 οὕτως
2920 3340 2986 3395 ἂν
3045 3340 3206 3412 ήμῶν
3256 3336 3710 3411 παραινεσάντων

2123 3429 2318 3481 ἐκεῖνοι
2375 3427 2449 3500 μὴ
2494 3428 2855 3500 προσέχωσιν,
2906 3426 3093 3482 ἅπασα
3144 3427 3407 3497 αύτοὺςή
3462 3424 3712 3495 τιμωρία

2124 3517 2518 3588 καταλήψεται,
2565 3519 2696 3589 ἡμῖν
2739 3517 2797 3571 δὲ
2836 3517 2989 3573 οὐδὲν
3028 3517 3182 3570 ἔσται
3233 3514 3520 3586 ἔγκλημα,
3571 3512 3713 3569 ἀλλά

2125 3608 2220 3660 καὶ
2254 3606 2418 3669 πολὺς
2463 3607 2491 3657 6
2530 3605 2721 3676 μισθὸς
2768 3605 3146 3675 ἀπαντήσεται
3198 3603 3350 3677 παρά
3394 3602 3490 3656 τοῦ
3536 3599 3708 3654 Θεοῦ·

2108 3680 2184 3747 ’τὸ
2211 3695 2320 3765 γάρ
2351 3693 2509 3765 ήμῶν
2540 3694 2686 3748 ἆπαν
2713 3692 3140 3767 ὲπληρὼσαμεν.
3173 3692 3518 3747 Καταϐαλεῖν
3547 3690 3712 3762 μόνον

2126 3780 2462 3852 κελευόμεθα
2498 3780 2568 3835 τά
2601 3781 2844 3853 ἀργύρια
2868 3781 2962 3834 ἐπὶ
2989 3782 3116 3844 τοὺς
3144 3779 3499 3853 τραπεζίτας,
3535 3783 3713 3834 εἰπεῖν

2127 3869 2222 3922 καὶ
2272 3868 2690 3940 συμϐουλεῦσαι.
2734 3869 2872 3922 Εἰπὲ
2904 3869 3101 3932 τοίνυν,
3145 3869 3239 3923 καὶ
3273 3870 3599 3940 παραίνεσον
3632 3870 3718 3940 τῷ

2129 3956 2362 4028 ἀδελφῷ.
2407 3956 2546 4010 Ἀλλ’
2595 3958 2696 4010 οὐκ
2751 3958 3012 4028 ἧκουσεν;
3056 3956 3218 4010 Ἀλλά
3267 3958 3330 4010 σὺ
3384 3956 3473 4010 τὸν
3519 3955 3715 4028 μισθὸν

2129 4045 2273 4116 ἔχεις
2301 4045 2733 4117 ἀπηρτισμένον,
2769 4045 2929 4115 μόνον
2961 4045 3027 4099 ἂν
3073 4044 3161 4098 ἀεὶ
3202 4043 3360 4097 τοῦτο
3404 4046 3595 4114 ποιῇς,
3647 4043 3719 4097 ἂν

2131 4134 2402 4205 μηδέποτε
2436 4134 2702 4203 ἀποστῇς,
2730 4134 2834 4198 ἔως
2867 4132 2934 4187 ἂν
2962 4131 3177 4204 πείσῃς,
3209 4132 3314 4195 ’έως
3345 4130 3411 4185 ἂν
3446 4130 3715 4202 ὲμπνέῃς.

2131 4223 2313 4293 Πέρας
2345 4220 2486 4275 ἔστω
2520 4221 2622 4290 τῆς
2659 4221 2973 4294 συμϐουλῆς
3001 4222 3034 4292 ἡ
3064 4221 3280 4292 ὑπακοὴ
3310 4219 3405 4273 τοῦ
3436 4220 3537 4291 τὴν
3574 4235 3719 4291 παρ-

2132 4310 2337 4364 αίνεσιν
2391 4311 2808 4382 ὑποδεχομένου.
2846 4313 2905 4365 '0
2939 4311 3186 4373 διάϐολος
3225 4307 3369 4363 κατὰ
3395 4308 3495 4379 τῆς
3542 4324 3727 4376 σωτη-

2136 4402 2258 4474 ρίας
2301 4403 2390 4456 ἀεὶ
2417 4401 2601 4473 τρέχει
2629 4401 2731 4470 τῆς
2760 4400 3057 4471 ἡμετέρας,
3107 4399 3260 4452 οὐδὲν
3310 4397 3475 4461 αὐτὸς
3503 4397 3721 4468 κερδαί-

2135 4508 2263 4559 νων,
2311 4489 2447 4543 ἀλλά
2485 4489 2578 4543 καὶ
2630 4490 2700 4542 τά
2759 4488 2995 4559 μέγιστα
3043 4486 3417 4557 βλαπτόμενος
3464 4485 3575 4539 ἀπὸ
3620 4486 3725 4556 τῆς

2137 4579 2401 4650 σπουδῆς·
2434 4579 2548 4632 ἀλλ’
2576 4578 2726 4649 ὅμως
2778 4576 3051 4647 τοσαύτην
3083 4574 3195 4646 ἔχει
3239 4574 3462 4645 μανίαν,
3511 4574 3591 4638 ὡς
3624 4576 3727 4627 καὶ

2137 4668 2394 4731 πολλάκις
2438 4667 2723 4728 ἀδυνάτοις
2771 4666 3069 4736 ἐπιχειρεῖν
3105 4664 3414 4734 πράγμασι,
3456 4662 3554 4716 καὶ
3595 4663 3725 4714 ὲπι-

2138 4756 2323 4810 θέσθαι
2381 4757 2456 4826 μὴ
2499 4756 2657 4826 μόνον
2710 4753 2975 4816 ἐκείνοις,
3021 4751 3114 4815 οὓς
3164 4750 3442 4823 προσδοκᾷ
3502 4750 3727 4814 πάντως

2137 4845 2512 4910 ὑποσκελίζειν
2565 4846 2658 4898 καὶ
2712 4843 3086 4917 περιτρέπειν,
3126 4842 3265 4899 ἀλλά
3302 4841 3396 4895 καὶ
3441 4839 3537 4905 οὓς
3575 4841 3724 4905 εἰκὸς

2140 4932 2486 5005 περιέσεσθαι
2553 4933 2660 4985 τῶν
2731 4932 3138 5004 μηχανημάτων
3189 4929 3377 4984 αὑτοῦ.
3429 4930 3535 4982 Τὸν
3590 4928 3723 4998 γοῦν

2152 5029 2270 5085 Ἰὼϐ
2302 5027 2514 5083 ἀκούων
2543 5024 2933 5094 ἐπαινούμενον
2963 5022 2980 5060 ί
3016 5020 3168 5090 παρὰ
3198 5018 3291 5073 τοῦ
3325 5020 3392 5073 τά
3433 5019 3724 5091 ἀπόρρητα

2140 5121 2318 5175 πάντα
2375 5116 2575 5178 εἰδότος
2624 5112 2783 5175 Θεοῦ,
2829 5109 3197 5182 προσεδόκησε
3256 5105 3583 5177 δυνήσεσθαι
3629 5108 3723 5159 καὶ

2143 5207 2527 5282 περιτρέπειν·
2593 5203 2689 5257 καὶ
2749 5202 2850 5255 οὐκ
2908 5198 3120 5267 ἀπέστη
3183 5196 3363 5251 πάντα
3413 5193 3577 5249 κινῶν
3629 5194 3727 5246 καὶ

2149 5293 2538 5367 μηχανώμενος
2563 5293 2592 5344 6
2620 5290 2791 5353 δόλιος
2818 5290 2864 5353 ⁸,
2913 5302 3055 5341 ωστε
3101 5283 3458 5338 ὑποσκελίσαι
3487 5282 3580 5336 τὸν
3628 5283 3721 5337 ἇν-

2211 5547 2397 5619 {lynus
2438 5559 2529 5594 ms.
2556 5540 3026 5619 ézpﬁamo,§av.in
3052 5548 3204 5600 marg.
3231 5541 3280 5586 el
3302 5531 3428 5585 alius
3450 5533 3723 5597 χρήσαιντο.

2206 5612 2226 5633 ⁸
2250 5610 2375 5659 Tres
2395 5623 2513 5658 mss.
2537 5604 2633 5655 τῶν
2653 5604 2996 5666 ναυαγούντων.

2217 5670 2235 5709 ί
2263 5673 2358 5720 Alii
2385 5677 2495 5733 post
2513 5661 3051 5733 έπαινούμὰογβόόμιιι
3068 5663 3149 5710 καὶ
3173 5661 3546 5723 θαυμαζόμνον.

2216 5736 2241 5777 ε
2266 5733 2326 5784 '0
2351 5726 2506 5788 δόλιος
2520 5732 2661 5779 deest
2688 5726 2736 5778 in
2758 5726 3048 5790 quibusdam
3075 5737 3189 5773 mss.
