4046 6146
331 200 433 258 96$

329 312 472 373 suasi
529 311 753 379 fuerint,
785 313 830 368 si
878 322 1111 385 quinque
1154 326 1388 381 tantum,
1431 319 1473 371 si
1522 335 1659 377 uinus
1687 337 1703 385 ;
1734 335 1911 376 nonne

334 405 487 461 nobis
517 403 622 460 hoc
648 402 848 460 sufficit
871 404 939 459 ad
965 407 1428 463 consolationem?
1452 408 1562 478 Ego
1591 425 1716 480 vero
1736 410 1909 467 dicam

329 496 582 569 quiddam
610 496 712 552 hoc
735 497 895 553 etiam
922 496 1313 553 vehementius.
1345 498 1489 554 Pone
1514 502 1780 558 neminem
1808 517 1904 556 no-

329 586 453 643 stris
468 585 623 640 dictis
639 582 803 641 fuisse
831 599 1170 655 persuasum;
1188 602 1505 658 quamquam
1535 589 1584 643 id
1610 589 1723 646 fieri
1751 607 1906 646 nnm-
1954 636 1967 641 _

329 691 489 745 quam
509 682 706 746 potest,
722 675 967 731 nimirum
983 684 1041 730 ut
1053 691 1230 731 sermo
1243 677 1294 731 iu
1312 685 1417 733 tam
1436 677 1627 735 multas
1642 695 1799 736 aures
1809 680 1912 734 dis-

328 765 618 822 Setuinatus
642 774 792 821 vacet
810 767 954 822 omni
977 766 1146 824 fructu
1171 785 1185 822 :
1214 779 1576 825 verumtamen
1611 784 1749 841 pone
1774 772 1908 826 istuc

325 871 447 912 esse
469 894 488 923 ,
513 871 583 911 ne
604 856 684 912 sic
723 856 938 925 quidem
966 856 1120 913 nobis
1162 857 1294 912 nihil
1331 857 1534 917 adferet
1560 859 1691 917 lucri
1731 875 1908 917 sermo

330 956 535 1002 noster.

404 1035 606 1091 Gradus
629 1035 699 1090 ad
725 1037 956 1091 virtutem
980 1047 1052 1092 est
1069 1036 1234 1092 minus
1257 1039 1574 1111 impudenter
1597 1056 1821 1110 peccare.
1838 1067 1910 1082 -—-

329 1125 463 1182 Nam
492 1127 703 1181 etiamsi
734 1127 974 1181 nonnulli
1024 1128 1247 1200 ingressi
1278 1141 1400 1184 sunt
1438 1146 1732 1199 cauponam
1751 1171 1768 1197 ,
1800 1146 1904 1185 non

328 1229 506 1275 tamen
536 1234 657 1273 cum
682 1219 797 1290 pari
825 1234 925 1289 qua
950 1220 1126 1275 solent
1152 1221 1480 1293 impudentia
1506 1232 1631 1276 sunt
1661 1223 1904 1293 ingressi,

324 1309 420 1364 sed
449 1308 515 1363 ad
559 1309 728 1379 ipsam
771 1311 932 1364 etiam
963 1326 1200 1366 mensam
1229 1312 1418 1375 crebro
1459 1326 1759 1368 nostrorum
1789 1331 1908 1369 ver-

331 1403 519 1457 borum
544 1401 802 1457 recordati
833 1411 976 1470 sunt,
1009 1403 1169 1458 subiit
1195 1404 1297 1459 illis
1328 1414 1506 1460 nostra
1534 1405 1899 1476 reprehensio,

333 1493 484 1548 rediit
510 1492 562 1548 in
591 1493 900 1546 memoriam
927 1502 1105 1547 nostra
1127 1494 1453 1567 objurgatio,
1477 1511 1541 1552 ac
1564 1497 1907 1552 recordantes

332 1584 527 1640 rubore
551 1585 736 1638 satiusi
763 1593 920 1653 sunt,
966 1586 1296 1642 erubuernnt
1338 1589 1498 1643 tacita
1542 1590 1901 1661 cogitatione,

333 1691 429 1731 nec
451 1675 611 1731 simili
639 1677 960 1745 impudentia
989 1676 1226 1734 fecerunt
1253 1696 1313 1734 ea
1344 1697 1461 1750 qua:
1501 1683 1763 1738 solebant.
1794 1683 1906 1737 Hoc

332 1779 513 1824 autem
552 1770 757 1823 initium
805 1780 889 1825 est
915 1771 1099 1826 salutis
1128 1772 1446 1844 optim-.eque
1470 1775 1808 1842 mutationis,
1857 1778 1903 1831 si

329 1876 491 1930 quem
521 1860 729 1929 penitus
757 1860 840 1915 sui
880 1861 1111 1930 pudeat,
1158 1865 1201 1919 si
1230 1865 1348 1933 quis
1375 1881 1594 1934 prorsus
1635 1866 1770 1922 facta
1811 1885 1904 1923 sua

326 1951 568 2006 damnet.
614 1950 749 2019 Quin
778 1966 844 2006 ex
879 1953 978 2009 hoc
1007 1954 1224 2025 insuper
1247 1964 1301 2011 et
1343 1957 1486 2013 aliud
1517 1957 1672 2013 nobis
1697 1958 1903 2014 lucrum

329 2057 438 2097 non
474 2044 650 2097 minus
677 2044 930 2098 nascitur.
963 2044 1241 2113 Quodnam
1285 2047 1427 2101 hoc?
1469 2047 1730 2102 Nimirum
1775 2049 1903 2103 illud

332 2132 478 2201 quod
528 2147 623 2187 eos
669 2133 757 2202 qui
790 2133 1134 2190 sobrietatem
1162 2136 1590 2206 amplectuntur,
1633 2138 1906 2194 reddimus

330 2224 689 2280 modestiores
712 2227 984 2298 magisque
1020 2230 1343 2299 compositos
1368 2273 1384 2298 ,
1423 2231 1547 2286 dum
1574 2247 1640 2288 ex
1665 2233 1906 2290 oratione

286 2326 511 2387 _nostra
540 2318 873 2386 declaratur,
915 2321 1055 2390 quod
1089 2322 1302 2391 optimis
1341 2323 1602 2380 ducantur
1636 2326 1900 2393 consiliis,

323 2411 418 2481 qui
456 2424 560 2466 non
584 2410 914 2467 abducantur
936 2414 1180 2485 exemplo
1204 2414 1578 2470 multitudinis.
1608 2415 1724 2472 Non
1755 2419 1931 2492 erexi.

326 2502 543 2572 quidem
570 2510 889 2574 mgrotantes
913 2545 929 2572 ,
952 2515 1186 2561 attamen
1211 2521 1305 2561 eos
1334 2509 1421 2577 qui
1448 2509 1667 2575 valent,
1698 2510 1903 2565 reddidi

328 2594 630 2659 ﬁrmiores;
660 2610 767 2649 non
810 2594 1033 2651 abduxit
1069 2596 1326 2666 quosdam
1371 2613 1399 2652 a
1430 2599 1559 2653 vitio
1592 2614 1771 2655 sermo
1810 2616 1905 2655 no-

329 2697 441 2740 eter
463 2726 477 2747 ,
520 2685 612 2740 sed
644 2695 820 2741 tamen
865 2700 959 2741 eos
985 2687 1073 2757 qui
1123 2702 1244 2742 cum
1276 2688 1469 2743 virtute
1502 2689 1662 2743 vitam
1702 2698 1901 2761 agunt,

329 2776 561 2833 reddidit
578 2779 908 2835 altentiores.
934 2781 1012 2835 Ad
1037 2780 1153 2835 bere
1172 2781 1419 2853 quiddam
1440 2783 1628 2839 addam
1654 2785 1902 2841 tertium:

333 2868 491 2924 hodie
520 2884 624 2923 non
658 2870 933 2939 persuasi,
957 2873 1050 2926 sed
1077 2887 1195 2927 cras
1219 2874 1445 2930 fortasse
1463 2875 1781 2945 persuadere
1802 2889 1897 2946 po-

329 2969 466 3015 tero.
512 2959 662 3028 Quod
706 2960 751 3015 si
781 2961 959 3016 minus
1006 2977 1158 3031 cras,
1208 2973 1441 3020 attamen
1475 2967 1768 3037 perendie,
1814 2974 1906 3023 aut

330 3060 519 3122 quarto
564 3052 633 3107 ab
674 3052 797 3107 hinc
822 3052 911 3108 die
954 3051 1194 3110 fortassis
1233 3070 1574 3124 persuasero.
1603 3061 1707 3124 Qut
1747 3056 1905 3112 hodie

327 3142 469 3212 quod
493 3140 692 3196 audivit
715 3142 938 3211 repulit,
965 3158 1083 3197 cras
1105 3142 1344 3201 fortassis
1365 3145 1543 3200 audiet
1565 3160 1627 3200 ac
1651 3145 1902 3216 recipiet:

328 3240 440 3287 tum
469 3232 558 3302 qui
586 3231 843 3288 hodierno
858 3234 1298 3304 crastinoquedie
1339 3237 1753 3305 contempserit,
1800 3237 1907 3293 for-

328 3324 488 3378 lassis
514 3330 634 3392 post
656 3323 773 3378 dies
814 3324 1117 3393 complures
1146 3326 1404 3396 przcbebit
1430 3327 1664 3381 animum
1695 3327 1760 3383 iis
1785 3344 1904 3399 qua:

329 3414 596 3469 dicuntur.
627 3413 1065 3485 Quandoquidem
1105 3431 1248 3487 saepe
1288 3418 1522 3489 piscator
1540 3460 1555 3483 ,
1581 3420 1671 3490 qui
1700 3436 1794 3490 per
1823 3431 1904 3477 to-

329 3516 441 3560 tum
458 3506 599 3561 diem
617 3521 837 3561 vacuum
857 3507 1072 3561 attraxit
1096 3516 1209 3563 rete
1228 3550 1244 3576 ,
1269 3509 1368 3563 sub
1393 3521 1603 3564 noctem
1621 3511 1733 3582 jam
1758 3512 1906 3569 abire

327 3613 553 3667 parans,
583 3606 773 3667 capto,
799 3597 889 3668 qui
919 3599 1086 3667 ipsum
1121 3615 1213 3668 per
1242 3609 1406 3655 totum
1441 3600 1701 3659 fefellerat
1729 3604 1900 3671 diem,

331 3690 512 3758 pisce,
541 3685 787 3744 discedit.
815 3687 967 3757 Quod
997 3690 1041 3745 si
1079 3690 1201 3745 ideo
1238 3691 1431 3747 victuri
1450 3704 1642 3746 sumus
1676 3692 1731 3747 in
1757 3693 1902 3760 otio,

325 3788 383 3835 et
410 3778 476 3833 ab
500 3780 745 3835 omnibus
777 3779 1075 3835 actionibus
1100 3780 1363 3837 videbitur
1386 3783 1756 3843 abstinendum
1779 3825 1797 3852 ,
1839 3799 1906 3839 eo

327 3872 471 3943 quod
495 3886 706 3942 semper
742 3874 954 3940 evenit,
990 3882 1046 3928 ut
1090 3874 1283 3931 alicubi
1320 3874 1640 3932 frustrcmur
1675 3878 1901 3948 optatis,

329 3965 576 4021 universa
624 3966 778 4021 nobis
818 3967 1036 4036 perierit
1064 3969 1169 4022 vita
1201 3985 1218 4022 :
1247 3983 1348 4023 nec
1379 3968 1673 4038 spiritdalia
1706 3970 1903 4037 modo,

328 4069 514 4110 verum
540 4056 699 4110 etiam
726 4056 813 4110 illa
841 4072 960 4127 qua:
1001 4056 1069 4111 ad
1099 4058 1220 4113 vitae
1249 4058 1527 4129 praesentis
1566 4074 1718 4114 usum
1745 4059 1909 4128 perti-

327 4155 498 4213 nent,
550 4147 709 4202 simul
751 4148 1050 4204 interierint
1089 4151 1289 4205 omnia.
1331 4151 1540 4206 Etenim
1585 4153 1631 4208 si
1675 4153 1906 4222 agricola

328 4238 575 4309 protinus
612 4238 680 4290 ab
727 4239 1046 4308 agricultura
1085 4241 1326 4309 resiliat,
1371 4242 1512 4313 quod
1537 4243 1703 4299 semel
1747 4252 1908 4315 atque

332 4332 527 4385 iterum
558 4336 651 4383 aut
673 4330 867 4399 saepius
893 4330 1147 4386 acciderit
1185 4334 1326 4388 aeris
1353 4335 1716 4403 inaequalitas,
1758 4335 1905 4393 brevi

330 4419 481 4475 fame
507 4419 801 4489 peribimus
827 4434 1038 4476 omnes.
1085 4422 1216 4477 ltem
1255 4422 1303 4477 si
1329 4425 1611 4480 nauclerus
1636 4424 1707 4480 ob
1740 4427 1906 4482 semel

330 4523 491 4584 atque
528 4513 720 4568 iterum
746 4552 762 4579 ,
796 4521 887 4568 aut
924 4513 1120 4584 saepius
1143 4514 1384 4569 obortam
1425 4524 1790 4584 tempestatem
1821 4516 1907 4572 fu-

327 4604 439 4675 giat
483 4618 670 4671 mare,
713 4602 945 4659 futurum
987 4615 1098 4670 est,
1129 4614 1189 4661 ut
1230 4621 1390 4661 nemo
1416 4609 1642 4663 vehatur
1685 4610 1905 4682 pelago,

328 4705 487 4768 atque
507 4695 630 4753 hinc
667 4713 879 4753 rursum
928 4699 1177 4768 peribunt
1223 4699 1377 4755 nobis
1400 4701 1576 4756 omnia
1606 4703 1730 4757 vita:
1757 4718 1906 4758 com-

331 4788 510 4844 moda.
559 4788 713 4858 Quod
751 4790 795 4845 si
833 4806 929 4861 per
954 4791 1186 4862 singulas
1225 4804 1368 4849 artes
1416 4810 1760 4864 percurrens,
1809 4795 1908 4854 ista

331 4896 451 4952 quae
495 4896 594 4937 nos
634 4881 809 4938 facere
854 4884 933 4938 vis
948 4884 972 4952 “,
1012 4886 1272 4948 suadeas,
1319 4902 1678 4958 moneasque,
1717 4899 1908 4946 cuncta

329 4971 567 5027 funditus
604 4973 928 5041 interibunt,
976 4966 1221 5047 terraque
1245 4978 1447 5033 carebit
1490 4978 1696 5036 incolis.
1728 4978 1909 5052 Itaque

333 5075 456 5115 cum
482 5061 601 5116 haec
627 5077 818 5118 omnes
861 5064 1070 5133 sciant,
1098 5067 1307 5122 etiamsi
1333 5069 1502 5123 semel
1529 5077 1689 5140 atque
1717 5069 1907 5126 iterum

330 5161 424 5208 aut
470 5153 666 5222 saepius
718 5153 955 5211 frustrati
1002 5157 1199 5218 fuerint
1243 5171 1426 5230 optato
1467 5163 1803 5233 negotiorum
1854 5164 1906 5218 in

331 5245 527 5316 quibus
573 5257 858 5326 versantur
892 5251 1043 5305 exitu
1072 5267 1088 5306 :
1120 5252 1299 5308 denuo
1326 5253 1441 5324 pari
1480 5268 1601 5309 cum
1634 5255 1909 5312 alacritate

330 5334 556 5393 redeunt
577 5337 643 5392 ad
665 5338 875 5394 eadem.
928 5344 934 5361 '

415 5422 470 5483 ὅ.
495 5424 627 5496 Quae
647 5443 768 5483 cum
796 5430 950 5486 nobis
969 5432 1129 5487 etiam
1159 5441 1286 5488 nota
1311 5434 1419 5491 sint
1441 5435 1648 5502 omnia,
1676 5435 1911 5492 dilectis-

331 5516 485 5582 simi,
537 5533 605 5574 ne
642 5535 823 5590 quaeso
874 5521 1208 5592 proferamus
1255 5523 1394 5592 ista,
1446 5541 1580 5581 neve
1626 5525 1905 5591 dicamus,

334 5606 461 5674 quid
492 5609 644 5665 nobis
673 5619 753 5666 est
782 5609 856 5668 tet
884 5613 1058 5669 verbis
1086 5614 1254 5684 opus?
1280 5614 1431 5670 Nulla
1477 5631 1539 5671 ex
1569 5615 1669 5672 hoc
1698 5631 1904 5673 sermo-

1512 211 1518 217 ’
1565 206 1652 265 DE
1691 205 1965 266 LAZARO
1999 200 2251 266 CONCIO
2280 211 2322 266 l.

3492 217 3599 273 966

2019 337 2087 377 ne
2117 332 2394 394 promanat
2423 320 2640 383 utilitas.
2665 326 2795 379 Nam
2828 335 2880 380 et
2904 327 3154 397 agricola,
3188 327 3274 384 ubi
3318 332 3484 389 senth
3513 343 3602 387 at-

2016 426 2121 482 que
2152 413 2341 468 iterum
2389 430 2450 469 ac
2499 415 2694 484 sapius
2738 430 2922 472 semen
2975 433 3103 472 arvo
3149 418 3453 485 commisit,
3488 437 3594 479 nec

2016 502 2155 557 votis
2192 503 2468 573 respondit
2502 514 2788 573 proventus
2810 547 2827 573 ,
2872 521 3058 561 rursus
3097 506 3341 563 eamdem
3381 521 3596 563 exercet

2016 603 2251 664 segetem
2278 609 2450 665 neque
2493 610 2616 650 raro
2643 594 2729 663 fit,
2759 606 2815 650 ut
2844 597 3007 651 totius
3052 597 3307 667 temporis
3332 598 3595 667 jacturam

2016 701 2122 740 uno
2147 686 2341 741 sarciat
2382 700 2545 740 anno.
2575 685 2662 741 Sic
2695 696 2746 741 et
2777 689 3074 759 negotiator
3109 704 3430 759 quamquam
3475 705 3595 745 cre-

2017 775 2115 831 bro
2141 775 2268 831 fecit
2294 776 2634 848 naufragium
2656 819 2672 844 ,
2705 794 2808 833 non
2849 788 3029 835 tamen
3075 780 3306 835 abstinet
3331 795 3361 834 a
3391 791 3546 851 portu
3573 822 3593 850 ,

2012 865 2107 922 sed
2134 875 2188 921 et
2230 874 2577 938 posteaquam
2624 871 2797 923 navim
2828 869 3098 938 detraxit,
3147 880 3202 926 et
3252 880 3438 926 nautas
3460 885 3596 925 con-

2012 957 2201 1023 duxit,
2254 959 2497 1029 pecuniis
2540 967 2727 1016 mutuo
2756 961 3021 1032 acceptis,
3049 961 3237 1017 eadem
3289 961 3596 1033 aggreditur

2011 1048 2253 1119 negotia,
2286 1048 2442 1120 idque
2468 1064 2588 1105 cum
2616 1050 2783 1105 nihilo
2823 1053 2991 1124 magis
3023 1061 3148 1108 tunc
3172 1054 3303 1109 sciat
3326 1053 3599 1125 quomodo

2011 1154 2286 1195 cessurum
2311 1141 2410 1210 sit,
2445 1156 2601 1212 quam
2639 1142 2834 1198 scierat
2860 1152 3036 1200 antea.
3080 1145 3316 1216 Denique
3353 1147 3594 1217 quicum-

2012 1249 2114 1302 que
2142 1232 2317 1288 solent
2353 1232 2568 1303 aggredi
2593 1249 2705 1289 rem
2733 1249 3120 1305 quamcumque
3140 1277 3154 1300 ,
3184 1237 3252 1291 ita
3274 1236 3449 1292 facere
3474 1251 3592 1290 coa-

2012 1332 2295 1379 suevcrunt
2319 1366 2335 1391 ,
2363 1311 2808 1395 quemadmodum
2858 1325 3056 1381 faciunt
3084 1328 3313 1399 agricola
3343 1344 3407 1384 ac
3429 1345 3593 1399 nego-

2012 1417 2187 1470 tiator.
2216 1416 2281 1469 Et
2315 1426 2434 1486 post
2460 1415 2577 1472 ha'c
2601 1432 2721 1472 cum
2754 1417 2825 1471 illi
2865 1426 3060 1472 tantam
3093 1419 3378 1475 adhibeant
3410 1434 3591 1474 curam

2012 1507 2355 1577 studiumque
2383 1508 2523 1563 circa
2552 1524 2641 1564 res
2681 1507 2746 1564 ad
2785 1510 3057 1578 praesentis
3089 1524 3240 1564 usum
3271 1510 3391 1566 vitae
3435 1512 3594 1581 perti-

2010 1606 2196 1652 nentes
2215 1640 2230 1662 ,
2261 1598 2384 1653 licet
2405 1599 2577 1671 exitus
2597 1598 2666 1652 sit
2695 1599 2927 1654 incertus
2959 1615 2973 1653 :
3002 1614 3100 1653 nos
3120 1600 3163 1653 si
3192 1600 3467 1671 loquentes
3484 1616 3591 1654 non

2008 1688 2171 1742 auditi
2195 1688 2447 1744 fuerimus
2467 1730 2484 1757 ,
2511 1689 2651 1743 illico
2678 1689 3020 1744 desinemus?
3050 1690 3118 1745 Et
3143 1706 3300 1762 quam
3333 1691 3593 1747 obtinebi-

2013 1794 2131 1833 mus
2158 1779 2409 1834 veniam?
2432 1779 2567 1847 Quid
2588 1779 2943 1843 excusationis
2968 1779 3292 1836 affercmus?
3319 1782 3385 1836 Et
3416 1792 3589 1836 tamen

2012 1869 2116 1924 illis
2139 1909 2155 1935 ,
2188 1868 2231 1925 si
2261 1883 2367 1923 non
2399 1869 2746 1939 successerit,
2778 1869 2950 1924 nullus
2980 1881 3059 1925 est
3102 1871 3190 1941 qui
3220 1870 3473 1925 damnum
3498 1887 3590 1925 ac—

2010 1971 2221 2031 ceptum
2255 1960 2419 2019 leniat
2453 1979 2469 2016 :
2501 1961 2661 2016 veluti
2701 1961 2746 2015 si
2776 1977 2921 2016 mare
2948 1963 3123 2017 navim
3153 1961 3399 2019 ﬂuctibus
3428 1964 3589 2019 obru-

2008 2052 2143 2120 crit,
2176 2058 2335 2106 nemo
2382 2050 2678 2106 medebitur
2721 2051 2914 2121 inopiae
2957 2050 3197 2124 naufragi
3228 2070 3243 2107 :
3274 2053 3319 2108 si
3359 2053 3440 2108 vis
3485 2054 3590 2108 im-

2011 2143 2180 2199 brium
2212 2142 2376 2205 ell'usa
2402 2143 2453 2197 in
2481 2157 2665 2197 arvum
2692 2143 2990 2211 praafocarit
3017 2153 3306 2199 sementem
3333 2187 3346 2206 ,
3378 2145 3585 2214 cogitur

2009 2235 2238 2305 agricola
2264 2235 2443 2290 vacuis
2472 2234 2716 2290 manibus
2760 2234 2907 2290 abire
2932 2234 3168 2289 domum.
3194 2234 3385 2289 Nostra
3418 2251 3580 2301 vero,

2010 2327 2506 2398 cumloquimuraut
2521 2326 2884 2392 exhortamur,
2904 2337 3099 2382 nonest
3118 2325 3305 2382 eadem
3327 2326 3582 2381 conditio.

2082 2418 2318 2472 Ministro
2374 2416 2540 2483 verbi,
2571 2418 2720 2470 etiam
2756 2417 2803 2470 si
2844 2424 3012 2486 pereat
3051 2432 3234 2487 opera,
3273 2433 3373 2470 non
3420 2426 3586 2470 tamen

2011 2510 2158 2580 petiit
2187 2525 2393 2565 merces.
2418 2538 2491 2551 ——
2515 2508 2628 2564 lmo
2655 2509 2701 2562 si
2737 2523 2920 2563 semen
2953 2523 3051 2579 per
3080 2519 3131 2563 te
3155 2508 3353 2579 jactum
3384 2509 3592 2565 auditor

2008 2615 2115 2656 non
2155 2599 2449 2670 receperit,
2480 2614 2579 2653 nec
2607 2597 2924 2654 obedientice
2952 2597 3179 2653 fructum
3211 2599 3452 2655 retulerit
3477 2641 3491 2659 .
3524 2612 3588 2661 ιιι

2009 2696 2188 2745 tamen
2228 2688 2601 2743 communicati
2641 2688 2847 2742 consilii
2884 2686 3182 2743 mercedem
3220 2687 3328 2743 fers
3369 2705 3399 2741 a
3438 2688 3584 2747 Deo.

2010 2795 2111 2835 nec
2138 2779 2312 2834 minus
2347 2779 2577 2848 accipies
2605 2778 2808 2848 praemii
2840 2793 2945 2833 non
2984 2778 3213 2845 auditus,
3245 2794 3403 2850 quam
3431 2794 3580 2834 acce-

2009 2877 2198 2939 pturus
2225 2882 2347 2923 eras
2371 2908 2388 2934 ,
2422 2868 2469 2923 si
2497 2868 2588 2922 ille
2624 2868 3060 2937 obtemperasset.
3088 2869 3239 2938 Quod
3271 2881 3385 2925 erat
3412 2871 3464 2925 in
3495 2879 3547 2926 te
3565 2910 3584 2935 ν

2007 2959 2301 3032 ριἰιξειίῑῖεῑί
2331 2976 2345 3012 :
2373 2967 2623 3014 caeterum
2648 2957 2716 3013 ad
2742 2958 2792 3013 id
2810 2999 2827 3025 ,
2856 2968 2913 3014 ut
2940 2961 3353 3029 persuadeamus
3375 2962 3586 3017 audito-

2008 3050 2156 3106 ribus
2173 3092 2189 3116 ,
2216 3065 2322 3105 non
2350 3062 2536 3105 sumus
2559 3049 2829 3114 obstricti,
2856 3049 2949 3104 sed
2976 3058 3180 3105 tantum
3213 3060 3266 3106 ut
3294 3050 3584 3107 admonea-

2010 3158 2146 3198 mus.
2180 3141 2389 3198 Nostra:
2413 3140 2626 3213 quidem
2662 3151 2842 3211 partes
2865 3151 2989 3196 sunt
3012 3143 3299 3199 admonere
3322 3187 3338 3211 ,
3371 3143 3581 3199 illorum

2008 3250 2140 3291 vero
2179 3235 2568 3303 obtemperare.
2600 3232 2671 3287 Et
2706 3233 3149 3304 quemadmodum
3192 3235 3236 3288 si
3273 3249 3372 3290 nos
3399 3236 3588 3290 admo-

2011 3327 2171 3382 nendi
2214 3324 2392 3381 ofﬁcio
2436 3325 2601 3381 functi
2639 3340 2745 3381 non
2776 3324 3033 3380 fuerimus
3056 3365 3071 3390 ,
3099 3326 3306 3381 etiamsi
3334 3338 3588 3381 sexcenta

2011 3419 2086 3473 illi
2123 3417 2264 3474 bona
2302 3432 2466 3488 opera
2504 3417 2799 3484 ediderint,
2840 3416 2969 3486 ipsis
3012 3417 3138 3471 solis
3172 3417 3466 3487 repositum
3504 3426 3590 3471 est

2009 3509 2286 3581 praemium
2312 3550 2326 3574 ,
2357 3508 2425 3563 ad
2453 3522 2550 3564 nos
2577 3508 2705 3563 nihil
2736 3506 2926 3563 redibit
2964 3508 3128 3573 lucri,
3162 3507 3586 3578 quandoquidem

2010 3616 2117 3656 non
2154 3599 2397 3656 dedimus
2430 3598 2708 3655 consilium
2742 3615 2755 3652 :
2785 3600 2855 3653 ita
2896 3598 2939 3652 si
2985 3598 3137 3653 nobis
3179 3597 3588 3653 admonentibus

2009 3693 2086 3748 illi
2133 3705 2237 3746 non
2282 3691 2651 3758 auscultarint,
2694 3689 2762 3745 ad
2805 3691 2948 3760 ipsos
2988 3691 3131 3744 solos
3173 3689 3368 3745 redibit
3411 3690 3588 3745 omnis

2011 3785 2181 3850 ultio,
2226 3781 2378 3837 nobis
2420 3772 2595 3837 autem
2640 3780 2773 3836 nihil
2818 3781 3200 3851 imputabitur,
3244 3782 3372 3853 quin
3413 3783 3589 3851 potius

2008 3874 2223 3944 cepiosa
2255 3886 2460 3928 merces
2485 3871 2639 3927 nobis
2652 3872 2847 3933 ,veniet
2882 3884 2912 3925 a
2945 3873 3072 3925 Deo.
3119 3870 3390 3941 Siquidem
3431 3871 3587 3940 quid-

2008 3963 2132 4034 quid
2176 3963 2230 4017 in
2278 3962 2433 4019 nobis
2468 3971 2585 4018 erat
2619 3962 2835 4026 situm,’
2861 3962 3218 4031 praestitimus.
3260 3961 3403 4015 Nihil
3445 3960 3590 4016 aliud

2005 4056 2287 4126 jubemur,
2315 4070 2474 4126 quam
2508 4053 2647 4123 apud
2684 4052 2979 4108 mensarios
3016 4053 3283 4120 deponere
3308 4052 3587 4123 pecuniam

2010 4144 2221 4219 (Matth.
2246 4143 2338 4201 25.
2363 4144 2478 4216 27),
2506 4145 2646 4214 loqui
2672 4154 2727 4199 et
2752 4143 3052 4199 consulere.
3083 4143 3328 4213 Loquere
3352 4143 3512 4214 igitur
3533 4152 3589 4198 et

2010 4236 2239 4291 admone
2266 4234 2507 4291 fratrem.
2531 4234 2728 4290 Verum
2756 4249 2858 4288 non
2884 4232 3103 4288 audivit.
3125 4232 3205 4288 Tu
3230 4232 3394 4289 nihilo
3416 4234 3594 4288 secius

2014 4328 2180 4384 babes
2218 4337 2453 4398 paratam
2488 4328 2820 4391 mercedem,
2860 4327 2905 4381 si
2943 4342 3049 4381 non
3085 4327 3372 4393 destiteris,
3415 4328 3592 4396 prius-

2008 4433 2167 4487 quam
2191 4418 2533 4488 persuadeas,
2551 4417 2722 4472 donec
2743 4419 2983 4489 spiritum
3008 4415 3289 4473 efﬂaveris.
3311 4417 3591 4473 Terminus

2012 4509 2262 4564 monendi
2298 4509 2367 4564 sit
2392 4507 2693 4563 obedientia
2721 4508 3065 4562 monitionem
3095 4518 3236 4563 tuam
3264 4508 3587 4578 recipientis.

2014 4600 2264 4656 Diabolus
2286 4602 2668 4657 circumcursat
2695 4601 2955 4657 obsistere
2978 4601 3198 4671 cupiens
3227 4611 3427 4656 nostra:
3451 4602 3593 4656 salu-

2015 4691 2090 4755 ti,
2121 4704 2226 4745 non
2250 4690 2422 4745 solum
2451 4691 2564 4760 ipse
2587 4691 2717 4746 nihil
2746 4691 2871 4746 hinc
2896 4691 3026 4746 lucri
3055 4700 3334 4761 reportans
3356 4733 3371 4755 ,
3404 4706 3590 4746 verum

2011 4781 2171 4836 etiam
2196 4795 2291 4836 suo
2309 4780 2485 4836 studio
2501 4783 2810 4852 gravissima
2825 4782 3136 4837 detrimenta
3160 4782 3258 4837 sibi
3280 4782 3590 4837 concilians.

2013 4870 2063 4926 ls
2090 4879 2265 4927 tamen
2292 4887 2458 4943 usque
2480 4873 2617 4929 adeo
2640 4888 2866 4930 vesanus
2891 4884 2992 4943 est,
3017 4885 3071 4929 ut
3101 4874 3405 4943 frequenter
3426 4882 3480 4929 et
3504 4875 3590 4929 illa

2012 4972 2220 5031 tentet,
2247 4968 2367 5035 qua:
2394 4963 2508 5020 fieri
2546 4980 2651 5020 non
2680 4974 2903 5036 possunt
2928 4984 2942 5020 :
2968 4980 3070 5021 nec
3107 4965 3226 5020 illos
3252 4965 3426 5021 solum
3455 4965 3591 5020 ado-

2012 5056 2202 5122 riatur,
2233 5069 2369 5125 quos
2392 5057 2611 5110 omnino
2635 5056 2853 5110 confidit
2876 5071 2936 5111 se
2964 5055 3417 5125 supplantaturum
3442 5054 3594 5124 dcje~

2011 5156 2343 5216 cturumque,
2369 5162 2555 5201 verum
2581 5149 2742 5201 etiam
2763 5162 2877 5214 eos,
2900 5161 3034 5217 (gnos
3060 5147 3329 5216 probabile
3350 5156 3436 5202 est
3458 5147 3592 5201 arti-

2012 5237 2111 5293 bus
2129 5237 2297 5309 ipsius
2319 5237 2431 5293 fore
2448 5238 2767 5308 superiores.
2789 5238 2975 5307 itaque
2990 5252 3109 5291 cum
3127 5237 3334 5292 audiret
3355 5237 3558 5293 laudari
3570 5240 3587 5274 '

2006 5329 2110 5388 Job
2142 5331 2208 5387 ab
2231 5346 2299 5387 eo
2322 5370 2336 5394 ,
2364 5329 2454 5401 qui
2493 5329 2639 5384 novit
2676 5343 2867 5383 arcana
2891 5327 3072 5384 omnia
3092 5369 3112 5395 ,
3141 5324 3387 5382 nimirum
3428 5329 3541 5385 Deo
3563 5370 3582 5397 ,

2011 5423 2256 5495 sperabat
2284 5421 2416 5485 fore,
2446 5429 2503 5475 ut
2527 5434 2647 5476 eum
2672 5419 2986 5474 subvertere
3011 5427 3190 5488 posset
3218 5435 3232 5472 :
3258 5432 3357 5473 nec
3381 5416 3590 5475 destitit

2012 5514 2189 5569 omnia
2215 5527 2431 5567 movere
2454 5511 2752 5580 molirique,
2780 5523 2887 5580 quo
2910 5510 3272 5581 supplantaret
3293 5509 3585 5577 homirnam,

2080 5629 2094 5659 ί
2132 5627 2217 5676 alii
2238 5632 2365 5689 post,
2389 5623 2615 5683 laudari,
2641 5621 2837 5685 addunt,
2864 5622 3320 5688 admirationean
3342 5617 3569 5676 obtinere.
