4046 6146
416 249 534 307 967

425 382 528 421 nec
568 365 875 437 desperavit
914 370 1153 442 impurus
1194 362 1281 426 ille
1318 386 1382 425 ac
1419 369 2011 430 sccleratissimus.d;e-

426 471 553 511 mon
590 476 603 512 :
635 458 790 530 idque
822 476 940 514 Ctlltt
976 462 1114 518 Deus
1152 463 1295 531 justo
1325 462 1395 515 illi
1440 470 1643 515 tantum
1684 461 1890 515 virtutis
1919 477 2017 513 suo

421 548 678 619 Sull‘lagio
711 552 1002 607 tribuisset.
1051 553 1115 608 Et
1156 564 1273 623 post
1312 554 1426 607 lucc
1470 568 1575 607 non
1619 553 2014 615 erubescimus,

431 655 605 708 neque
636 643 836 710 pudore
867 644 1241 709 sulfundimur,
1270 645 1355 699 die
1386 645 1533 709 mihi,
1560 645 1603 699 si
1629 660 1751 699 cum
1778 637 2018 699 diabolus

430 750 715 804 llllltlQ-‘tlm
742 735 989 805 desperet
1013 748 1246 792 nostram
1271 739 1582 808 perniciem,
1605 739 1697 792 sed
1724 738 2019 792 indesinen-

428 833 508 877 ter
529 842 644 879 eam
669 838 958 897 exspectet,
984 844 1081 882 nos
1098 829 1319 884 fratrum
1338 830 1564 884 salutem
1586 829 2021 898 desperabimus?

425 916 488 967 Et
525 926 697 969 tamen
741 920 886 974 illum
923 920 1179 985 decebat,
1224 921 1386 976 etiam
1430 921 1735 991 priusquam
1771 932 2021 989 expertus

428 1018 590 1071 esset,
624 1027 651 1060 c
680 1009 819 1065 lucta
848 1011 1117 1069 abstinere
1146 1031 1161 1068 :
1193 1028 1314 1068 nam
1349 1013 1486 1067 Deus
1513 1023 1627 1066 erat
1653 1014 1740 1082 qui
1772 1014 2016 1065 testimo-

422 1099 566 1153 niqu
612 1099 813 1181 ferebat
841 1102 907 1156 de
942 1103 1071 1172 justi
1111 1104 1326 1160 virtute.
1372 1103 1482 1158 Nec
1517 1112 1691 1159 tamen
1724 1104 2014 1170 abstinuit,

435 1190 528 1243 sed
555 1207 662 1261 pra:
684 1194 848 1247 nimio
871 1193 1072 1262 furore,
1099 1212 1205 1267 quo
1228 1197 1397 1252 fertur
1415 1196 1696 1252 adversum
1719 1212 1837 1264 nos,
1861 1198 2020 1251 etiam

432 1293 553 1353 post
582 1286 670 1341 Dei
704 1287 1063 1343 testimonium
1091 1289 1339 1359 Sperabat
1369 1288 1624 1357 futurum,
1652 1299 1707 1344 ut
1733 1290 1871 1344 illius
1896 1299 2024 1344 ana-

435 1376 504 1428 tis
542 1378 985 1445 prtestantissimo
1024 1379 1139 1434 viro
1165 1381 1409 1449 superior
1446 1381 1715 1436 evaderet.
1760 1379 2022 1435 C:rterutn

433 1468 565 1521 nihil
596 1477 681 1522 est
710 1470 813 1523 tale
839 1512 853 1534 ,
888 1471 1028 1540 quod
1059 1467 1154 1526 nes
1188 1472 1238 1526 in
1269 1471 1699 1541 desperationem
1730 1472 1943 1542 adigat,
1972 1480 2026 1525 et

432 1569 610 1612 tamen
639 1558 962 1614 desistimus.
992 1563 1068 1615 Ac
1096 1561 1339 1617 diabolus
1368 1563 1581 1633 quidem
1622 1570 1834 1615 Vetante
1868 1562 1977 1615 Deo
2006 1603 2022 1628 ,

433 1665 537 1703 non
565 1649 789 1704 discedit
821 1666 849 1705 a
881 1665 1052 1721 pugm
1085 1651 1365 1706 adversum
1396 1668 1492 1706 nos
1517 1660 1762 1722 suscepta
1798 1668 1812 1704 :
1847 1661 1899 1704 tu
1932 1666 2024 1705 ve-

428 1755 487 1792 ro
510 1754 630 1793 cum
660 1740 798 1795 Deus
826 1742 1040 1797 mandet
1071 1743 1483 1813 exstimulctque
1505 1742 1570 1797 ad
1598 1744 2026 1798 subveniendum

426 1832 586 1902 lapsis
611 1875 625 1895 ,
659 1834 833 1888 l'CSlliS
871 1833 1192 1905 refugisqne.
1229 1836 1483 1891 Audierat
1511 1836 1755 1891 diabolus
1788 1838 2011 1906 loquen-

429 1934 531 1979 tcm
557 1926 741 1988 Deum,
767 1924 933 1979 Homo
946 1929 1137 1999 justus,
1163 1943 1334 1991 verax,
1361 1929 1538 1981 timens
1564 1929 1743 1992 Deum,
1765 1928 2020 1982 abstinens

430 2019 489 2070 ab
515 2018 651 2071 omni
678 2035 825 2087 apere
852 2021 984 2075 malo
1016 2020 1156 2089 (Job.
1190 2022 1238 2075 1.
1270 2023 1329 2090 8)
1356 2063 1371 2088 ,
1399 2022 1648 2093 quodque
1680 2023 1854 2077 nullus
1880 2034 2018 2078 esset

432 2110 503 2162 illi
532 2109 722 2163 similis
744 2126 805 2163 ex
833 2110 916 2176 iis,
941 2113 1028 2181 qui
1055 2120 1179 2165 sunt
1198 2128 1359 2183 super
1381 2122 1604 2175 terram,
1628 2122 1683 2166 et
1704 2123 1877 2169 tamen
1907 2124 2025 2183 post

437 2212 580 2255 tanta
629 2202 859 2273 taliaque
903 2204 1100 2272 judicia
1146 2205 1506 2274 perseveravit
1546 2203 1774 2260 dicere:
1808 2205 1935 2276 quid
1986 2206 2027 2259 si

436 2291 652 2359 quando
676 2292 1024 2361 perpetuitate
1053 2293 1518 2364 magnitudineque
1540 2294 1799 2349 malormn
1828 2296 2033 2349 irruen-

443 2383 571 2435 tium
618 2383 817 2437 valeam
850 2382 998 2437 illum
1026 2400 1280 2454 superare
1303 2426 1317 2450 ,
1349 2396 1397 2439 et
1430 2384 1566 2439 hanc
1596 2385 1862 2440 excelsam
1893 2385 2027 2454 deji-

439 2490 561 2527 cere
594 2475 779 2529 turrim
798 2474 820 2528 ?

510 2564 565 2618 4.
597 2564 729 2633 Quis
757 2565 914 2636 igitur
940 2566 1042 2621 erit
1067 2567 1220 2622 nobis
1254 2567 1421 2622 venia:
1452 2567 1634 2635 locus,
1666 2567 2030 2636 dilectissimi,

432 2667 525 2711 aut
555 2657 685 2728 quid.
711 2659 1103 2727 excusabimus,
1131 2661 1173 2714 si
1204 2676 1323 2714 cum
1355 2672 1497 2714 tanta
1525 2660 1590 2714 sit
1623 2660 1747 2714 mali
1774 2661 2034 2717 daauonis

435 2753 485 2804 in
525 2760 762 2806 nostrum
786 2750 1096 2807 insanientis
1138 2753 1355 2806 exitium
1382 2752 1649 2822 vigilantia
1675 2794 1688 2816 ,
1714 2767 1902 2808 nosne
1927 2764 2029 2808 tan-

435 2844 600 2897 talum
627 2844 842 2913 quidem
866 2844 1055 2900 similis
1099 2845 1386 2915 diligentia:
1408 2844 1689 2900 alferamus
1709 2846 1774 2899 ad
1799 2847 2024 2900 salutem

433 2918 667 2990 fratrum
699 2946 1000 2991 nostrorum
1022 2977 1038 3002 ,
1068 2938 1360 3007 praesertim
1389 2953 1507 2991 cum
1548 2937 1711 2991 Deum
1743 2937 2034 2993 habeamus

440 3027 846 3083 auxiliatorem?
867 3027 1045 3099 Itaque
1062 3045 1181 3084 eum
1204 3030 1397 3084 videris
1415 3027 1632 3084 fratrem
1654 3038 1799 3084 tuum
1819 3030 2030 3097 durum,

424 3118 684 3188 rigidum,
711 3119 1032 3192 minimeque
1060 3130 1346 3189 attentum,
1378 3122 1465 3176 die
1490 3121 1626 3191 apud
1660 3123 1994 3191 temetipsum
2019 3142 2031 3176 :

440 3211 564 3279 quid
595 3211 639 3266 si
671 3226 955 3282 progressu
986 3214 1245 3283 temporis
1276 3213 1557 3282 aliquando
1590 3212 1860 3268 valeamus
1889 3215 2034 3268 illmn

437 3302 692 3357 ﬂectere?
723 3302 835 3358 lloc
874 3303 1125 3358 nimirum
1167 3313 1222 3359 et
1263 3304 1457 3358 Paulus
1498 3305 1788 3373 praecepit:
1823 3304 2038 3359 Servum

442 3391 653 3448 Domini
698 3410 797 3447 non
839 3405 1032 3463 oportet
1079 3398 1306 3468 litigare,
1352 3396 1441 3450 sed
1481 3397 1738 3465 placidum
1778 3412 1884 3451 esse
1918 3415 2038 3469 erga

439 3494 664 3550 nanctos,
699 3486 1006 3539 rrudientem
1039 3502 1123 3540 eos
1147 3487 1234 3555 qui
1260 3487 1495 3540 resistunt
1524 3487 1739 3553 veritati,
1770 3488 1816 3541 si
1836 3490 2039 3556 quando

446 3576 527 3627 det
566 3574 670 3628 illis
704 3573 845 3628 Deus
888 3577 1228 3646 penitentiam
1264 3577 1318 3629 in
1358 3577 1665 3645 agnitionem
1704 3578 1926 3631 veritatis
1958 3578 2037 3648 (2.

442 3663 572 3717 Tim.
595 3664 651 3718 2.
678 3664 766 3718 2i.
795 3666 907 3722 25).
934 3667 1124 3720 Annon
1158 3667 1301 3720 vides
1328 3676 1595 3736 parentes,
1617 3669 1886 3738 quomodo
1912 3670 2035 3726 filiis

441 3756 572 3821 suis,
593 3755 717 3810 licet
744 3755 1051 3825 frequenter
1067 3758 1380 3827 desperatis,
1400 3759 1635 3814 assident
1652 3761 2033 3832 lacrymantes,

446 3846 821 3908 lamentantes,
846 3849 1236 3912 exosculantes,
1259 3849 1439 3903 omnia
1461 3865 1580 3920 qua:
1607 3860 1829 3920 possunt
1851 3852 2036 3909 admo-

450 3947 640 3992 ventes
660 3937 734 3992 ad
773 3952 1081 4008 suprenuun
1113 3955 1277 4011 usque
1306 3940 1570 3997 halitum?
1602 3943 1711 3998 lloc
1742 3952 1797 3999 tu
1829 3960 2042 4016 quoque

448 4029 609 4083 facito
641 4044 737 4099 pro
769 4028 1042 4086 fratribus.
1076 4033 1139 4085 lit
1174 4042 1350 4088 tamen
1380 4034 1452 4088 illi
1480 4050 1584 4091 non
1616 4038 2038 4109 possuntlacry-

445 4118 546 4172 mis
567 4134 629 4174 ac
656 4120 902 4175 lamentis
925 4137 1097 4192 neque
1127 4124 1367 4179 morbum
1388 4125 1677 4197 depellere,
1701 4108 1877 4199 neque
1896 4108 2041 4183 mor-

444 4220 549 4264 tem
578 4209 941 4267 imminentem
974 4214 1209 4284 abigere.
1241 4216 1323 4271 Tu
1352 4233 1481 4273 vero
1507 4216 1817 4289 frequenter
1842 4222 2041 4289 poteris

442 4302 672 4355 animam
688 4302 1017 4373 deploratam
1035 4306 1343 4362 assiduitate
1358 4308 1712 4380 instantiaque
1730 4326 1824 4381 per
1841 4312 2033 4367 lamen-

444 4400 495 4446 ta
535 4408 789 4449 rcvocare
814 4410 877 4451 ac
896 4398 1177 4453 suscitare.
1211 4400 1408 4455 Dedisti
1435 4403 1719 4457 consilium
1742 4445 1756 4467 ,
1785 4419 1885 4460 nec
1912 4421 2034 4475 pcr-

450 4483 685 4547 suasisti,
716 4484 1008 4556 illacryma,
1040 4504 1213 4559 punge
1239 4491 1564 4560 frequenter,
1589 4508 1652 4548 ac
1675 4495 1883 4564 suspira
1914 4512 2042 4565 pan-

448 4572 611 4626 lulmn
638 4614 653 4639 ,
693 4583 752 4627 ut
788 4584 874 4628 tua
908 4577 1208 4634 sollicitudo
1245 4581 1464 4637 incutiat
1505 4584 1577 4638 illi
1620 4587 1991 4651 verecundiam
2023 4628 2038 4652 ,

454 4661 630 4733 itaque
659 4679 718 4720 se
746 4678 1021 4722 convertat
1048 4669 1115 4723 ad
1145 4672 1398 4728 salutem.
1425 4674 1561 4741 Quid
1594 4691 1721 4744 ergo
1744 4678 1892 4733 solus
1924 4694 2045 4748 pos-

452 4771 564 4809 st-m
606 4756 858 4812 efficere?
897 4758 1078 4830 Neque
1121 4763 1261 4818 enim
1311 4766 1548 4833 quotidie
1597 4766 1748 4823 vobis
1795 4771 2045 4825 omnibus

451 4847 598 4900 solus
623 4848 811 4903 adesse
842 4852 991 4904 valeo
1017 4895 1029 4914 ,
1065 4870 1235 4923 neque
1264 4858 1495 4926 suppetit
1528 4858 1657 4912 mihi
1688 4859 1908 4916 facultas
1934 4905 1948 4927 ,
1983 4873 2040 4918 ut

450 4938 599 4994 solus
631 4955 754 4996 cum
787 4952 927 4997 tanta
959 4945 1223 5016 disputem
1256 4950 1613 5005 multitudine.

522 5028 709 5086 Frater
732 5032 944 5102 fratrem
973 5036 1139 5090 trahat
1163 5039 1231 5091 ad
1251 5039 1482 5094 salutent.
1502 5043 1849 5100 ——Ctetcrum
1879 5047 1923 5101 si
1953 5063 2046 5103 vos

453 5121 626 5178 velitis
653 5124 792 5179 inter
816 5142 911 5181 vos
938 5129 1055 5183 aliis
1081 5129 1304 5185 aliorum
1332 5133 1512 5201 partiri
1540 5149 1721 5189 curam
1749 5137 1955 5205 salutis,
1983 5154 2046 5193 ac

451 5223 686 5269 vestrum
704 5218 928 5288 quisque
948 5235 1110 5274 unum
1132 5223 1403 5292 suscipere
1418 5225 1637 5280 fratrum
1658 5228 2041 5298 neglectornm,

450 5304 598 5362 illico
625 5308 781 5364 nobis
799 5322 1070 5367 cresceret
1095 5313 1398 5370 aediﬁcatio.
1425 5317 1489 5371 Et
1510 5317 1635 5386 quid
1660 5320 1849 5374 attinet
1868 5321 2046 5377 dicere

450 5398 522 5453 de
554 5400 653 5465 iis,
687 5403 776 5471 qui
819 5414 936 5473 post
976 5406 1194 5461 multam
1233 5418 1290 5464 et
1325 5409 1587 5465 diutinam
1627 5412 2043 5469 admonitionem

452 5491 658 5560 seipsos
676 5493 743 5548 ad
767 5496 1044 5552 meliorem
1069 5497 1273 5571 frugem
1298 5503 1594 5572 recipiunt?
1612 5502 1795 5575 Neque
1814 5507 1956 5560 enim
1980 5508 2047 5561 ab

455 5579 562 5633 illis
581 5623 595 5647 ,
624 5584 783 5637 etiam
812 5587 855 5640 si
889 5598 1197 5645 tenerentur
1225 5591 1597 5650 immedicabili
1625 5596 1813 5651 morbo
1833 5639 1848 5662 ,
1882 5614 2045 5667 opor-

456 5683 592 5731 teret
617 5675 876 5735 de~istere
896 5722 912 5749 ,
951 5699 1123 5754 neque
1152 5700 1333 5741 curam
1362 5687 1593 5758 abjicere
1614 5730 1629 5761 ,
1664 5692 1871 5746 etiamsi
1899 5702 2047 5749 certo

1139 256 1195 311 S.
1238 255 1517 313 JOANNIS
1553 252 2030 310 Cllll‘itiOSTOMI
2074 252 2393 308 ARtIlllEP.
2436 252 2971 311 COXSTANTINUP.

3607 248 3724 305 968

2128 371 2499 440 praesciremus
2524 371 2781 438 futurum,
2810 382 2868 427 ut
2892 381 3009 442 post
3034 371 3251 428 multam
3276 372 3723 445 sollicitudinem.

2125 462 2453 533 multamque
2481 463 2767 519 adhibitam
2795 464 3233 529 admonitionem,
3268 465 3433 520 nihilo
3464 471 3583 536 plus
3605 466 3653 522 si
3671 476 3722 515 n’

2126 547 2435 617 profecturi.
2466 548 2617 615 Quod
2656 549 2700 603 si
2730 551 2847 604 hare
2875 550 3045 603 oratio
3075 550 3226 604 vobis
3253 550 3463 607 videtur
3487 553 3719 606 incredi-

2129 638 2250 692 bilis
2276 679 2292 704 ,
2324 653 2421 708 age
2446 679 2460 704 ,
2489 654 2556 694 ex
2588 638 2739 695 factis
2766 640 3031 710 dictisque
3058 639 3253 695 Christi
3284 640 3571 696 reddemus
3596 657 3721 697 eam

2127 732 2459 787 credibilem.
2485 731 2617 786 Nam
2644 747 2741 788 nos
2762 733 2974 803 quidem
2999 734 3167 803 ignari
3188 739 3373 787 sumus
3395 733 3717 789 futurorum.

2129 823 2272 878 unde
2316 839 2415 878 nec
2460 823 2748 893 dijudicare
2791 840 3074 895 possumus
3112 824 3177 879 de
3219 825 3284 879 iis
3322 826 3411 895 qui
3455 825 3718 889 audiunt,

2129 926 2303 968 utrum
2342 915 2757 985 obtemperaturi
2803 916 2910 971 sint
2948 915 3104 971 dictis
3143 918 3343 971 nostris
3368 959 3382 982 ,
3415 931 3480 970 an
3514 932 3672 971 secus
3706 934 3719 970 :

2128 1004 2375 1060 Christus
2403 1014 2580 1059 autem
2612 1022 2732 1060 eum
2762 1007 2878 1062 hare
2906 1015 3131 1077 utraque
3159 1011 3325 1077 probe
3356 1017 3539 1063 nosset
3562 1051 3576 1074 ,
3611 1026 3722 1061 m-n

2126 1101 2357 1153 cessavit
2381 1099 2446 1155 ad
2474 1110 2771 1155 extremum
2800 1116 2966 1171 usque
2989 1101 3259 1171 corrigere
3287 1101 3431 1155 illum
3454 1142 3468 1165 ,
3501 1101 3593 1172 qui
3611 1100 3719 1154 sibi

2131 1208 2236 1246 non
2268 1201 2412 1247 esset
2438 1194 2849 1248 auseultaturus.

2201 1282 2389 1337 Christi
2414 1300 2534 1355 erga
2559 1283 2590 1336 J
2599 1285 2751 1337 udam
2781 1284 2979 1339 lenitas.
3000 1315 3073 1325 —
3089 1284 3269 1355 Itaque
3289 1300 3410 1340 cum
3440 1286 3606 1340 sciret
3623 1284 3692 1337 Ju
3709 1316 3722 1323 -

2130 1373 2253 1428 dam
2278 1390 2384 1428 non
2416 1384 2723 1429 revocatum
2757 1376 2821 1430 iri
2845 1391 2874 1428 a
2908 1375 3227 1446 proditione,
3261 1393 3365 1431 non
3398 1388 3575 1431 tamen
3603 1390 3726 1431 ces-

2134 1467 2544 1522 savit-assiduis
2587 1468 2853 1531 consiliis,
2899 1468 3147 1536 monitis,
3195 1468 3487 1532 beneficiis,
3540 1471 3725 1533 minis,

2130 1554 2345 1611 demmn
2372 1558 2515 1612 omni
2541 1557 2800 1613 doctrina:
2830 1558 3010 1629 specie
3034 1573 3063 1612 a
3090 1559 3387 1628 proditione
3417 1560 3721 1621 retrahere,

2132 1664 2232 1704 nec
2260 1649 2463 1705 destitit
2502 1650 2651 1705 illum
2678 1652 2832 1707 dictis
2859 1666 2956 1707 cen
3003 1651 3154 1706 freno
3182 1652 3455 1707 cohibere.
3489 1652 3602 1708 Hoc
3628 1669 3728 1707 au-

2134 1750 2239 1794 tem
2277 1741 2400 1795 fecit
2431 1756 2527 1796 nos
2552 1743 2857 1823 instituens,
2889 1751 2947 1798 ut
2972 1744 3181 1799 etiamsi
3213 1744 3559 1813 prteseiamns
3580 1745 3728 1797 futu-

2134 1849 2271 1898 rum,
2300 1843 2356 1889 ut
2394 1834 2586 1890 fratres
2616 1851 2722 1890 non
2749 1837 3140 1906 obtemperent,
3175 1845 3352 1891 tamen
3381 1836 3640 1908 quidquid
3676 1838 3729 1890 in

2134 1937 2316 1980 nostra
2350 1926 2507 1979 fuerit
2536 1926 2786 1982 facultate
2834 1938 3167 1997 praestemus,
3224 1936 3493 1999 tamquam
3540 1940 3727 1998 parata

2137 2016 2292 2070 nobis
2350 2016 2729 2071 admonitionis
2780 2028 2977 2073 nostra:
3025 2018 3294 2074 mercede.
3363 2019 3495 2074 Vide
3547 2031 3729 2074 autem

2133 2119 2327 2179 quanta
2368 2110 2700 2176 assiduitate,
2732 2122 3036 2181 quantaque
3083 2112 3340 2182 sapientia
3385 2113 3531 2166 illum
3572 2114 3731 2168 cohi-

2135 2203 2327 2257 buerit.
2363 2202 2506 2258 Unus
2522 2214 2741 2258 vestrum
2765 2221 2842 2259 me
2861 2206 3155 2274 proditurus
3171 2215 3242 2259 est
3264 2204 3479 2276 (Matth.
3496 2204 3589 2260 26.
3607 2206 3672 2259 2t
3688 2208 3729 2274 ).

2132 2297 2212 2350 Ac
2242 2311 2485 2349 rursum:
2526 2294 2645 2348 Non
2673 2295 2736 2348 de
2773 2296 3002 2349 euntibus
3041 2297 3175 2349 vobis
3218 2297 3415 2367 loquor,
3462 2298 3577 2350 novi
3602 2315 3734 2369 quos

2140 2386 2263 2457 elegi
2284 2386 2466 2454 (Joan.
2515 2389 2601 2442 15.
2657 2387 2764 2457 18).
2810 2388 2878 2441 Et
2907 2405 2919 2440 :
2969 2386 3115 2442 Unus
3142 2405 3204 2442 ex.
3232 2389 3368 2443 vobis
3398 2390 3633 2444 diabolus
3661 2403 3733 2443 est

2141 2475 2319 2548 (Joan.
2350 2478 2402 2533 6.
2435 2480 2545 2544 7|).
2579 2479 2840 2534 Sustinuit
2864 2494 3051 2533 omnes
3079 2480 3131 2533 in
3159 2495 3411 2550 angorem
3448 2480 3727 2547 inducere,

2137 2586 2205 2624 ne
2245 2570 2484 2641 vnlgaret
2526 2570 2876 2641 proditorem,
2921 2585 2984 2625 ac
3032 2571 3307 2625 manifesta
3354 2571 3731 2642 redargutimie

2137 2660 2387 2716 redderet
2405 2663 2563 2715 etiam
2594 2661 3060 2732 impudentiorem.
3084 2661 3214 2716 Nam
3235 2672 3290 2717 ut
3308 2662 3572 2733 intelligas
3587 2664 3732 2734 quod

2137 2753 2255 2807 aliis
2282 2754 2439 2808 etiam
2468 2769 2720 2824 angorem
2745 2762 2798 2809 et
2822 2761 3021 2810 metum
3045 2753 3323 2824 injecerint
3344 2752 3540 2809 Christi
3565 2754 3732 2817 dicta,

2138 2843 2263 2898 licet
2292 2845 2389 2899 sibi
2414 2845 2609 2899 nullius
2633 2845 2757 2900 mali
2785 2847 3035 2914 consciis,
3058 2845 3180 2900 audi
3208 2846 3475 2917 quomodo
3495 2848 3724 2917 quisque

2138 2936 2329 2991 anxius
2356 2936 2489 2992 dixit
2519 2955 2529 2990 :
2564 2936 2826 3009 Numquid
2852 2956 2941 3009 ego
2970 2956 3101 3005 sum,
3145 2937 3360 2993 Domine
3389 2938 3603 3012 (Matth.
3633 2940 3734 2993 2ti.

2137 3028 2274 3100 22)?
2301 3029 2483 3100 Neque
2512 3046 2636 3085 vero
2666 3031 2820 3085 dictis
2848 3040 3072 3097 tantum,
3101 3048 3285 3087 verum
3319 3042 3371 3087 et
3403 3032 3558 3087 factis
3585 3035 3735 3088 illum

2140 3121 2415 3191 corripuit.
2457 3121 2590 3175 Cum
2635 3123 2775 3177 enim
2825 3123 3204 3191 benignitatem
3243 3139 3391 3177 suam
3424 3123 3737 3195 frequenter

2141 3228 2202 3266 ac
2245 3213 2420 3267 modis
2464 3213 2715 3268 munibus
2758 3213 3098 3282 declarasset,
3138 3212 3379 3283 leprosos
3413 3214 3736 3277 emundans,

2142 3302 2413 3357 (Immunes
2442 3304 2681 3374 abigens,
2709 3312 2939 3373 aegrotos
2964 3319 3176 3368 sanans,
3207 3313 3447 3359 mortuos
3470 3307 3736 3371 excitans,

2145 3394 2463 3464 paralyticos
2493 3395 2812 3459 restituens;
2840 3394 3073 3450 breviter
3093 3411 3213 3448 cmn
3235 3396 3485 3450 onmibus
3523 3395 3738 3451 benefe-

2144 3485 2327 3550 cisset,
2362 3486 2626 3540 neminem
2661 3494 2838 3540 tamen
2868 3485 3053 3554 puniit,
3077 3477 3289 3555 semper
3310 3485 3511 3541 habens
3539 3488 3590 3541 in
3611 3505 3730 3551 ore.

2147 3573 2270 3629 Non
2300 3576 2411 3629 veni
2440 3585 2491 3628 ut
2508 3576 2735 3645 judicem
2777 3575 3045 3639 mundum,
3077 3576 3166 3629 sed
3194 3586 3248 3629 ut
3274 3592 3462 3629 servem
3491 3580 3740 3630 mundum

2146 3665 2325 3735 (Joan.
2351 3665 2435 3722 t2.
2468 3668 2577 3736 47).
2606 3667 2683 3723 Ne
2706 3677 2915 3736 putaret
2938 3668 3123 3735 Judas,
3154 3670 3295 3739 quod
3321 3677 3524 3724 tantum
3552 3683 3740 3725 nosset

2147 3757 2483 3823 benefacere,
2515 3758 2703 3827 punire
2736 3773 2860 3813 vero
2891 3774 3242 3830 nequaquam,
3278 3768 3332 3814 et
3359 3760 3494 3815 hanc
3523 3776 3741 3832 quoque

2148 3857 2350 3917 partem
2383 3849 2553 3918 ipsum
2599 3848 2801 3915 docuit,
2847 3849 3097 3905 videlicet
3126 3850 3265 3920 quod
3305 3853 3491 3920 punire
3535 3865 3737 3923 passet,

2146 3940 2511 4010 supplicioque
2536 3939 2750 3995 afficere
2781 3925 3081 4011 peccantes.

2219 4032 2272 4087 5.
2318 4032 2488 4099 Quare
2512 4032 2740 4086 Christus
2766 4049 2880 4086 cum
2896 4034 3126 4087 omnibus
3152 4034 3463 4104 benefecerit,
3487 4036 3739 4090 neminem

2148 4122 2366 4193 punierit
2394 4123 2447 4175 in
2476 4122 2640 4175 terris.
2660 4123 2824 4176 —Ac
2866 4123 2989 4177 vide
3024 4139 3182 4193 quam
3228 4124 3499 4192 sapienter
3522 4134 3576 4180 et
3598 4140 3739 4179 eon-

2148 4222 2401 4283 grnenter
2430 4213 2533 4267 hoc
2581 4213 2743 4267 etiam
2793 4212 3067 4267 docuerit:
3096 4229 3195 4269 nec
3242 4224 3417 4270 tamen
3468 4215 3738 4270 hominem

2148 4306 2450 4376 uuempiam
2484 4306 2730 4375 punierit,
2778 4306 3144 4376 supplicioque
3185 4305 3445 4362 alfecerit.
3481 4310 3579 4377 Qui
3623 4311 3743 4362 sic?

2150 4397 2219 4454 Ut
2244 4398 2533 4469 discipulus
2562 4399 2812 4469 puniendi
2854 4398 3157 4455 facultatem
3199 4401 3250 4455 in
3279 4417 3343 4455 eo
3369 4417 3502 4472 cogn
3529 4417 3742 4458 ascerct.

2155 4491 2363 4546 Etenim
2387 4493 2429 4546 si
2451 4508 2606 4563 quem
2631 4493 2891 4562 punisset,
2907 4507 3086 4547 secum
3112 4508 3344 4563 pugnare
3366 4494 3513 4549 visus
3534 4494 3715 4548 fuisset
3736 4533 3755 4557 ,

2149 4584 2239 4653 qui
2265 4583 2504 4638 dixerat:
2538 4581 2656 4637 Non
2687 4584 2797 4637 veni
2826 4595 2879 4637 ut
2894 4584 3124 4653 judicem
3151 4584 3413 4651 mundum,
3446 4587 3535 4639 sed
3558 4598 3611 4639 ut
3638 4605 3745 4641 srr-

2150 4692 2259 4729 vem
2280 4676 2523 4729 mundum
2554 4674 2731 4748 (Joan.
2763 4675 2848 4731 l2.
2876 4677 2989 4747 47).
3020 4676 3246 4731 Rursum
3271 4677 3314 4730 si
3341 4679 3607 4732 neminem
3645 4692 3715 4745 pn
3736 4713 3752 4722 .

2152 4765 2337 4831 uisset,
2368 4766 2651 4820 mansisset
2668 4765 3041 4836 incorrigibilis
3057 4767 3366 4837 discipulus,
3390 4768 3490 4824 nisi
3516 4780 3569 4823 et
3591 4764 3760 4820 factis

2151 4857 2507 4912 didicissvtilli
2522 4872 2639 4912 esse
2655 4858 2900 4926 puniendi
2928 4857 3250 4914 facultatem.
3273 4858 3539 4925 Quorsum
3555 4860 3751 4931 igitur?

2229 4947 2376 5002 Ficui
2402 4965 2558 5017 quare
2583 4950 2916 5004 maledixerit.
2942 4982 3011 4991 —
3039 4950 3115 5006 Ut
3132 4952 3291 5007 simul
3321 4960 3375 5006 et.
3404 4962 3633 5008 terreret
3661 4955 3751 5007 tb~

2154 5042 2439 5112 scipulum.
2468 5057 2532 5095 ne
2561 5056 2655 5111 per
2677 5052 3040 5111 contemptum
3070 5043 3222 5097 ﬁeret
3245 5043 3500 5108 deterior,
3537 5060 3635 5099 nec
3662 5047 3749 5099 ul-

2154 5134 2237 5188 lus
2265 5146 2441 5188 tamen
2475 5132 2748 5187 hominum
2780 5133 3140 5201 alllicuonem,
3164 5150 3401 5203 poenam,
3427 5146 3521 5190 aut
3539 5138 3752 5208 suppli-

2152 5227 2294 5281 cium
2324 5237 2611 5297 pateretur,
2641 5226 2691 5279 in
2717 5227 2871 5280 lit-nm
2894 5227 3138 5281 arborem
3161 5225 3404 5282 Christus
3429 5227 3570 5283 hanc
3592 5244 3750 5284 suam

2155 5329 2471 5391 potestatem
2503 5320 2759 5383 exercuit,
2790 5320 3007 5376 dicens:
3041 5318 3125 5373 Ne
3156 5322 3364 5386 posthac
3389 5336 3452 5374 ea:
3472 5330 3519 5374 te
3546 5320 3751 5391 fructus

2154 5421 2395 5465 nascatur
2425 5410 2637 5484 (Matth.
2663 5410 2756 5465 2|.
2791 5408 2901 5483 19),
2925 5426 3153 5480 eamque
3180 5427 3300 5464 mox
3324 5411 3555 5481 simplici
3582 5411 3752 5467 verbo

2155 5505 2394 5573 arefecit.
2430 5504 2541 5558 Hoc
2569 5513 2723 5573 pacto
2754 5503 2944 5557 factum
2989 5513 3071 5557 est
3100 5504 3318 5574 pariter,
3349 5513 3407 5558 ut
3435 5501 3569 5559 nihil
3595 5517 3752 5557 noxas

2156 5598 2355 5654 rediret
2379 5597 2445 5653 ad
2477 5599 2640 5652 ullum
2682 5596 2975 5665 hominem,
3022 5609 3078 5653 et
3120 5600 3233 5668 ipse
3271 5614 3422 5653 suam
3454 5600 3748 5669 potentiam

2161 5690 2476 5762 declararet,
2514 5691 2744 5750 vindicta
2790 5694 2843 5748 in
2887 5693 3133 5751 arborem
3165 5694 3410 5765 i'npacta.
3449 5691 3751 5764 Discipulus
