4046 6146
304 383 406 440 967

300 497 548 567 θρωπον’
597 502 689 554 καὶ
729 504 828 558 οὐκ
870 506 1243 575 ἀπεγίνωσκεν
1284 510 1312 561 6
1363 511 1555 579 μιαρὸς
1597 513 1693 561 καὶ
1725 524 1876 578 παμ-
1920 490 1947 507 ’

301 583 536 653 πόνηρος
568 584 776 656 δαίμων
807 589 1043 653 ἐκεῖνος,
1086 591 1262 644 καίτοι
1293 592 1388 644 τοῦ
1425 589 1560 644 Θεοῦ
1605 590 1875 659 τοσαύτην

300 665 378 735 τῷ
428 666 621 741 δικαίῳ
650 668 1030 741 ψηφισαμένου
1058 674 1161 746 τὴν
1215 678 1436 746 ἀρετήν.
1482 672 1616 729 Εἶτα
1661 677 1763 729 οὐκ
1790 676 1875 729 αί-

304 750 630 820 σχυνόμεθα,
652 752 772 807 οὐδὲ
800 756 1214 831 ἐρυθριάζομεν,
1242 761 1361 815 είπέ
1395 779 1505 831 μοι,
1528 761 1598 826 εί,
1624 760 1718 814 τοῦ
1760 761 1874 813 δια-

301 832 458 887 ϐόλου
486 835 755 906 μηδέποτε
781 839 1248 909 ἀπογινώσκοντος
1274 844 1377 913 τῆς
1397 842 1671 907 ἀπωλείας
1693 842 1871 915 ἡμῶν,

303 916 419 1011 ἀλλ’
461 917 549 1011 ἀεὶ
579 920 986 1011 προσδοκῶντος
1037 925 1225 997 αὐτὴν,
1263 927 1418 980 αὐτοὶ
1448 927 1547 996 τῆς
1577 926 1687 978 τῶν
1720 925 1875 979 ἀδελ-

302 1000 420 1067 φῶν
454 1000 887 1074 ἀπογνωσόμεθα
932 1011 1232 1081 σωτηρίας;
1270 1011 1461 1064 Καίτοι
1515 1011 1720 1064 ἐκεῖνον
1775 1008 1875 1079 μὲν

304 1084 401 1165 καὶ
433 1084 539 1154 πρὸ
576 1088 673 1155 τῆς
720 1090 915 1159 πείρας
967 1093 1268 1165 ἀποστῆναι
1312 1093 1421 1147 τῶν
1476 1092 1874 1164 παλαισμάτων

304 1163 430 1260 ἕὲξξ·
451 1166 588 1260 βεδς
608 1169 717 1260 τεῒιρ
737 1166 803 1260 ἦν
834 1176 861 1260 (⁵
890 1163 1184 1246 μαρτυρῶι
1309 1176 1504 1260 δικαίῳ
1524 1177 1624 1246 τὴν
1648 1163 1870 1246 ἀρετήν·

303 1249 418 1302 ἀλλ’
447 1252 596 1321 ὅμως
620 1255 720 1308 οὐκ
745 1256 975 1328 ἀπέστη,
1011 1259 1124 1312 ἀλλ’
1162 1260 1267 1313 ὑπὸ
1298 1259 1500 1331 πολλῆς
1542 1259 1735 1330 μανίας
1773 1259 1875 1329 τῆς

304 1333 425 1385 καθ’
456 1334 613 1405 ἡμῶν
638 1339 730 1391 καὶ
763 1339 901 1406 μετά
923 1340 1021 1411 τὴν
1048 1340 1143 1393 τοῦ
1182 1341 1316 1394 Θεοῦ
1347 1341 1653 1413 μαρτυρίαν
1676 1341 1874 1412 ἤλπισε

302 1417 652 1487 περιέσεσθαι
692 1419 785 1474 τοῦ
832 1424 1080 1490 γενναίου
1118 1426 1239 1479 τότε
1290 1425 1521 1479 ἐκείνου.
1588 1425 1766 1495 Ἦμᾶς
1816 1424 1874 1476 δέ

302 1499 457 1554 οὐδέν
476 1502 590 1554 ἐστι
605 1503 843 1557 τοιοῦτον
859 1504 920 1558 τὸ
939 1506 1214 1571 ποιοῦνείς
1230 1508 1538 1577 ἀπόγνωσιν
1557 1507 1872 1577 ἐμπίπτειν,

304 1581 400 1634 καί⁸
438 1584 588 1653 ὅμως
620 1585 991 1657 ἀφιστάμεθα.
1030 1591 1140 1644 Καὶ
1178 1592 1206 1643 6
1240 1591 1337 1662 μὲν
1364 1590 1660 1653 διάϐολος,
1692 1590 1875 1643 καίτοι

303 1666 397 1718 τοῦ
426 1665 562 1720 Θεοῦ
600 1667 919 1735 κωλύοντος,
964 1675 1065 1726 οὐκ
1100 1676 1372 1745 ἀναχωρεῖ
1417 1674 1518 1743 τῆς
1559 1672 1683 1726 καθ’
1714 1671 1874 1743 ἡμῶν

306 1749 507 1820 μάχης·
546 1753 610 1805 σὺ
644 1752 723 1817 δὲ,
746 1754 840 1807 τοῦ
868 1755 1004 1809 Θεοῦ
1035 1756 1436 1828 προτρέποντός
1468 1774 1527 1810 σε
1560 1758 1654 1810 καὶ
1680 1756 1877 1824 διεγεί-

303 1850 493 1904 ροντος
508 1837 588 1898 είς
608 1836 706 1906 τὴν
720 1838 1002 1909 ἀντίληψιν
1023 1839 1132 1893 τῶν
1149 1842 1535 1906 πεπτωκότων,
1553 1840 1837 1912 ἀποπηδᾷς
1856 1858 1872 1906 ;

309 1916 580 1970 Ἤκουσεν
601 1921 630 1972 6
656 1919 900 1986 διάϐολος
925 1923 1019 1976 τοῦ
1042 1922 1178 1976 Θεοῦ
1218 1922 1490 1992 λέγοντος·
1530 1924 1874 1991 Ἀνθρωπος

303 1996 566 2066 δίκαιος,
616 2001 932 2069 ἀληθινὸς,
979 2005 1300 2073 θεοσεϐὴς,
1345 2007 1715 2075 ἀπεχόμενος
1754 2004 1873 2059 ἀπὸ

304 2082 531 2148 παντὸς
576 2086 846 2153 πονηροῦ
896 2087 1272 2156 πράγματος,
1313 2090 1408 2143 καὶ
1437 2089 1520 2141 ὅτι
1555 2088 1730 2151 οὐδείς
1756 2090 1873 2142 ἐστι

302 2163 544 2229 τοιοῦτος
582 2167 691 2219 τῶν
726 2167 819 2219 ἐπὶ
850 2168 950 2239 τῆς
984 2170 1086 2241 γῆς
1109 2186 1122 2199 ·
1159 2172 1252 2224 καὶ
1295 2170 1436 2242 μετὰ
1480 2170 1747 2233 τοσαύτας
1779 2170 1874 2223 καὶ

300 2245 558 2309 τοιαύτας
591 2247 803 2318 ψήφους
839 2250 1109 2321 ἐνέμεινεν
1147 2252 1296 2323 ὅμως
1320 2252 1521 2322 λέγων·
1565 2253 1772 2322 μήποτε
1804 2253 1870 2322 τῇ

305 2331 557 2402 συνεχείᾳ
593 2332 685 2385 καὶ
716 2333 793 2404 τῷ
825 2334 1044 2404 μεγέθει
1071 2337 1178 2390 τῶν
1211 2338 1569 2407 ἐπαγομένων
1598 2335 1746 2407 αὐτῷ
1771 2353 1874 2390 κα-

303 2413 417 2467 κῶν
434 2414 647 2485 δυνηθῶ
669 2417 832 2471 αὐτοῦ
852 2419 1245 2491 περιγίνεσθαι,
1263 2423 1357 2473 καὶ
1378 2420 1470 2473 τὸν
1487 2419 1662 2491 μέγαν
1686 2420 1874 2474 τοῦτον

305 2496 553 2550 καθελεῖν
575 2497 648 2550 πύ
659 2516 786 2571 ργον
802 2516 818 2565 ;

373 2626 437 2680 δ’.
462 2627 558 2692 Τίς
588 2624 681 2682 οὖν
708 2631 842 2700 ἡμῖν
863 2629 1019 2685 ἔσται
1045 2631 1365 2703 συγγνώμη,
1389 2634 1684 2703 ἀγαπητοὶ,
1711 2633 1795 2696 τίς
1816 2633 1874 2685 δὲ

303 2711 587 2780 ἀπολογία,
607 2714 655 2765 εί
676 2713 911 2784 τοσαύτῃ
927 2714 1019 2767 τοῦ
1043 2714 1281 2785 πονηροῦ
1304 2716 1555 2787 δαίμονος
1584 2716 1703 2768 καθ’
1718 2715 1876 2786 ἡμῶν

305 2795 648 2864 κεχρημένου
701 2796 909 2874 μανίᾳ;
940 2799 1101 2867 ἡμεῖς
1142 2797 1278 2868 μηδέ
1330 2797 1393 2851 τὸ
1447 2798 1737 2852 πολλοστὸν
1775 2798 1876 2868 τῆς

302 2875 570 2948 τοσαύτης
596 2877 834 2947 σπουδῆς
865 2880 959 2943 είς“
986 2878 1084 2951 τὴν
1124 2880 1396 2952 σωτηρίαν
1438 2881 1547 2934 τῶν
1589 2882 1875 2951 ἡμετέρων

302 2960 549 3028 ἀδελφῶν
585 2961 1013 3033 είσενέγκοιμεν,
1046 2964 1140 3016 καί⁵
1168 2963 1341 3018 ταῦτα
1364 2965 1455 3018 τὸν
1492 2965 1625 3018 Θεδν
1657 2964 1876 3036 σύμμα-

302 3060 397 3112 χον
417 3042 631 3112 ἔχοντες
650 3059 664 3108 ;
685 3044 851 3098 Ὅταν
872 3045 1001 3112 γοῦν
1022 3046 1138 3117 ἴδῃς
1155 3046 1388 3117 σκληρὸν
1410 3047 1504 3102 καὶ
1525 3048 1708 3118 ἀπηνῆ
1727 3046 1874 3119 [712]

300 3124 394 3207 τδν
421 3124 669 3196 ἀδελφὸν,
705 3128 798 3180 καὶ
825 3126 899 3198 μὴ
928 3128 1262 3199 προσέχοντά
1292 3130 1535 3199 σοι,λέγε
1559 3130 1695 3202 πρὸς
1718 3146 1877 3183 σεαυι

301 3208 414 3261 126v-
429 3207 657 3279 Μήποτε
687 3209 766 3280 τῷ
796 3211 975 3281 χρόνῳ
1001 3211 1321 3282 δυνηθῶμεν
1353 3216 1571 3278 πεῖσαι;
1598 3214 1754 3267 Οὕτω
1780 3217 1876 3267 καὶ

302 3290 514 3354 Παῦλος
542 3292 794 3345 ἐκέλευσε
825 3295 1021 3346 ποιεῖν’
1057 3294 1287 3348 Δοῦλον
1314 3295 1384 3348 δὲ
1414 3298 1637 3366 Κυρίου
1676 3299 1748 3351 οὐ
1787 3296 1882 3350 δεῖ

296 3375 633 3446 μάχεσθαι,
678 3376 816 3430 ἀλλ’
858 3375 1043 3445 ἤπιον
1091 3373 1247 3431 εἶναι
1297 3378 1446 3446 πρὸς
1503 3379 1766 3447 πάντας,
1807 3382 1878 3435 ἐν

302 3460 587 3528 πραότητι
613 3458 973 3513 παιδεύοντα
995 3458 1137 3526 τοὺς
1160 3460 1755 3530 ἀντιδιατιθεμένους,
1768 3463 1878 3532 μή·

302 3556 449 3596 ποτε
475 3541 595 3611 δώῃ
623 3542 831 3607 αὐτοῖς
867 3546 901 3597 ό
930 3542 1072 3609 Θεὸς
1097 3542 1420 3612 μετάνοιαν
1444 3547 1531 3610 είς
1551 3546 1878 3615 ἐπίγνωσιν

301 3626 607 3693 ἀληθείας.
626 3626 738 3695 Οὐχ
756 3626 889 3696 δρᾷς
914 3627 1040 3689 τοὺς
1072 3626 1333 3697 πατέρας,
1348 3626 1464 3691 πῶς
1484 3628 1744 3691 πολλάκις
1768 3629 1879 3682 τῶν

302 3707 436 3760 υίῶν
462 3708 646 3771 αὐτοῖς
679 3708 1139 3777 ἀπεγνωσμένων,
1176 3709 1595 3781 παρακάθηνται
1625 3710 1880 3782 δακρύον-

300 3807 428 3856 τες,
475 3788 837 3861 θρηνοῦντες,
883 3789 1339 3859 καταφιλοῦντες,
1383 3791 1453 3845 τά
1499 3794 1630 3864 παρ’
1666 3795 1876 3847 ἑαυτῶν

300 3874 653 3944 είσφέροντες
694 3872 910 3926 ἅπαντα
948 3871 1055 3936 ἓως
1088 3873 1325 3946 ἐσχάτης
1359 3876 1672 3946 ἀναπνοῆς;
1705 3876 1877 3931 Τοῦτο

303 3958 398 4010 καὶ
424 3957 488 4008 σὺ
522 3973 588 4009 πε
599 3956 649 4026 ρί
680 3954 772 4009 τὸν
796 3955 1022 4024 ἀδελφὸν
1049 3957 1294 4028 ποίησον.
1329 3957 1522 4011 Καίτοι
1550 3961 1746 4013 ἐκεῖνοι
1776 3961 1877 4029 μὲν

302 4041 415 4095 ἀπὸ
434 4038 542 4092 τῶν
564 4039 776 4110 θρήνων
799 4038 1014 4093 καὶτῶν
1037 4040 1287 4113 δακρύων
1306 4040 1431 4095 οὔτε
1446 4043 1543 4114 τὴν
1565 4044 1876 4114 ἀρρωστίαν

301 4123 597 4186 ἀπελάσαι,
615 4120 738 4174 οὔτε
762 4121 851 4175 τὸν
871 4121 1098 4176 θάνατον
1115 4124 1409 4178 ἐπελθόντα
1432 4125 1877 4196 ἀποκρούσασθαι

300 4210 577 4263 δύνανταιο
613 4206 677 4258 σὺ
706 4204 763 4256 δὲ
798 4204 981 4276 ψυχὴν
1016 4208 1462 4275 ἀπογνωσθεῖσαν
1502 4212 1569 4281 τῇ
1609 4212 1876 4283 καρτερίᾳ

300 4293 401 4347 καὶ
436 4292 503 4359 τῇ
543 4287 841 4358 προσεδρίᾳ
877 4287 1079 4359 δυνήσῃ
1124 4290 1382 4354 πολλάκις
1409 4292 1497 4345 διὰ
1524 4294 1632 4347 τῶν
1660 4295 1876 4367 θρήνων

300 4372 530 4429 καὶτῶν
554 4368 803 4440 δακρύων
831 4370 1236 4425 ἐπισπάσασθαι
1262 4374 1357 4426 καὶ
1399 4376 1720 4446 ἀναστῆσαι.
1740 4381 1874 4432 Συν-

300 4457 648 4517 εϐούλευσας,
673 4454 769 4506 καὶ
789 4452 890 4506 οὐκ
912 4452 1134 4516 ἔπεισας
1156 4471 1172 4521 ;
1215 4455 1505 4527 δάκρυσον,
1538 4461 1632 4513 καὶ
1656 4463 1875 4535 καθάψῃ

301 4542 583 4603 πολλάκις·
635 4538 890 4604 στέναξον
933 4537 1159 4607 πικρὸν,
1201 4538 1287 4591 ῖνα
1326 4520 1593 4605 αἰδεσθείς
1635 4560 1728 4596 σου
1778 4520 1877 4617 τὴς

302 4623 647 4697 κηδεμονίαν,
678 4619 985 4693 ἐπιστρέψῃ
1008 4621 1143 4690 πρὸς
1179 4622 1278 4692 τὴν
1312 4624 1606 4694 σωτηρίαν.
1628 4627 1691 4678 Τί
1712 4628 1874 4701 δυνή-

303 4728 469 4781 σομαι
501 4708 612 4777 ἐγὼ
647 4707 807 4778 μόνος
837 4708 1040 4768 ποιεῖν;
1076 4706 1139 4759 οὐ
1172 4705 1282 4777 γάρ
1312 4707 1376 4778 δὴ
1407 4710 1573 4763 πᾶσιν
1602 4712 1730 4782 ύμῖν
1752 4716 1875 4769 καθ’

282 4794 541 4862 ,ἑκάστην
574 4789 924 4859 συγγίνεσθαι
956 4789 1186 4860 δύναμαι
1220 4802 1245 4830 ι
1280 4791 1440 4859 μόνος
1485 4793 1584 4863 τὴν
1630 4797 1872 4869 ἡμέραν,

299 4875 423 4931 ούδέ
450 4874 605 4946 ἀρκῶ
633 4872 825 4943 πλήθει
852 4872 1091 4943 τοσούτῳ
1119 4872 1463 4942 διαλέγεσθαι
1500 4875 1678 4945 μόνος.

383 5000 570 5071 Ὑμεῖς
597 4998 673 5060 δέ,
715 4998 764 5050 εί
808 4996 1155 5069 βουληθείητε
1191 5000 1290 5071 τὴν
1325 5001 1569 5075 ἀλλήλων
1594 5005 1873 5080 διανείμα-

301 5085 425 5139 σθαι
458 5081 752 5165 σωτηρίαν,
777 5080 872 5165 καὶ
898 5080 1127 5145 ἕκαστος
1155 5082 1252 5136 Eva
1277 5084 1568 5142 ἀπολαϐεῖν
1598 5090 1706 5144 τῶν
1735 5094 1874 5165 ἠμε-

298 5166 555 5249 λημένων
600 5163 875 5249 ἀδελφῶν,
914 5165 1125 5249 ταχέως
1161 5168 1295 5236 ἡμῖν
1336 5169 1404 5222 τὰ
1445 5171 1544 5241 τῆς
1585 5163 1876 5249 οἰκοδομῆς

297 5248 688 5334 αὐξηθήσεται..
725 5248 836 5299 Καὶ
875 5248 946 5334 τί-
971 5249 1076 5320 χρὴ
1122 5250 1300 5324 λέγειν
1331 5253 1442 5306 τῶν
1487 5258 1624 5325 μετὰ
1671 5248 1873 5334 πολλήν

298 5333 624 5405 παραίνεσιν
657 5330 1058 5400 ἀνακτωμένων
1084 5334 1310 5400 ἑαυτούς
1328 5353 1343 5401 ;
1364 5338 1497 5392 Οὐδὲ
1519 5339 1628 5411 γάρ
1650 5330 1872 5402 ἐκείνων

296 5417 406 5471 τῶν
435 5411 954 5496 ἀνίαταῗνοσούντων
992 5414 1321 5483 ἀφίστασθαι
1353 5421 1458 5491 χρὴ
1495 5425 1589 5476 καὶ
1628 5426 1870 5496 ἀμελεῖν·

295 5499 401 5552 κᾶν
437 5495 745 5567 προειδότες
771 5490 920 5566 ὦμεν
950 5497 1158 5567 σαφῶς,
1193 5499 1273 5553 ὃτι
1303 5490 1501 5572 πολλῆς
1532 5490 1872 5569 ἀπολαύσαν-

295 5599 389 5646 τες
417 5581 519 5651 τῆς
539 5579 777 5648 σπουδῆς
803 5580 897 5634 καὶ
915 5581 1014 5649 τῆς
1036 5582 1362 5653 συμϐουλῆς,
1382 5586 1530 5642 οὐδὲν
1554 5608 1613 5645 κε
1622 5592 1870 5663 ρδανοῦσι

360 5806 379 5831 ⁸
402 5808 503 5859 Alii
524 5810 798 5865 δυνήσομαι.

1530 390 1617 445 DE
1657 388 1932 447 LAZARO
1969 390 2223 448 CONCIO
2260 393 2300 448 1.

3438 388 3541 441 963

1981 508 2162 566 πλέον.
2200 513 2261 565 Εἰ
2290 511 2347 564 δὲ
2381 509 2681 581 παράδοξος
2710 508 2839 579 ὑμῖν
2884 509 2911 561 6
2934 506 3090 575 λόγος
3121 498 3274 569 οὗτος
3297 502 3436 556 εἶναι
3468 504 3554 554 δο-

1982 597 2089 657 κεῖ,
2131 596 2285 667 φέρε,
2324 596 2416 663 ἀφ’
2450 587 2525 647 ὧν
2568 596 2596 647 6
2631 592 2863 664 Χριστὸς
2898 591 3121 660 ἐποίησέ
3153 607 3213 642 τε
3252 588 3348 641 καὶ
3376 582 3549 643 εἶπεν.

1979 677 2087 730 ἀπὸ
2111 679 2317 732 τούτων
2355 679 2517 733 αὐτὸν
2559 673 2962 744 πιστωσόμεθα.
2997 674 3189 743 Ἡμεῖς
3231 672 3327 740 μὲν
3363 669 3471 737 γάρ
3503 670 3551 719 οἱ

1980 759 2255 831 ἄνθρωποι
2281 762 2343 815 τὸ
2372 761 2562 831 μέλλον
2586 758 2906 829 ἀγνοοῦμεν,
2935 757 3055 809 ὅθεν
3084 755 3203 808 οὐδὲ
3227 751 3552 822 διισχυρίζε-

1982 841 2106 894 σθαι
2137 843 2413 912 δυνάμεθα
2438 845 2565 915 περὶ
2588 842 2694 895 τῶν
2718 840 3042 897 ἀκουόντων,
3084 837 3194 889 εἴτε
3228 833 3549 903 πεισθήσον-

1981 941 2090 989 ται,
2118 926 2229 979 είτε
2265 928 2621 998 ἀπειθήσουσι
2655 927 2766 989 τοῖς
2799 920 2927 994 παρ’
2963 921 3125 992 ἡμῶν
3163 916 3491 987 λεγομένοις·
3524 915 3553 965 6

1980 1008 2036 1062 δὲ
2067 1010 2303 1081 Χριστὸς
2326 1010 2501 1064 ταῦτα
2522 1009 2810 1081 ἀμφότερα
2837 1005 2990 1068 εἰδὼς
3022 1002 3225 1073 σαφῶς,
3262 1000 3323 1054 οὐ
3348 998 3551 1052 διέλιπε

1980 1093 2072 1147 τὸν
2104 1094 2203 1148 οὐκ
2232 1095 2596 1167 ἀκουσόμενον
2636 1091 2801 1146 αὐτοῦ
2847 1088 3225 1160 διιρθούμενος
3263 1084 3424 1156 μέχρι
3462 1081 3552 1141 τέ-

1983 1176 2128 1241 λους.

2047 1305 2158 1358 ’Τὸν
2195 1302 2323 1371 γοῦν
2379 1302 2581 1356 Ἰούδαν
2636 1300 2789 1363 εἰδὼς
2825 1299 2926 1352 οὐκ
2975 1295 3418 1365 ἀποστησάμενον
3457 1292 3556 1361 τῆς

1985 1388 2296 1460 προδοσίας,
2345 1390 2406 1441 οὐ
2451 1387 2658 1440 διέλιπε
2710 1383 3073 1455 συμϐουλαῖς,
3126 1377 3554 1448 παραινέσεσιν,

1983 1458 2354 1543 εύεργεσίαις,
2410 1471 2694 1534 ἀπειλαῖς,
2760 1467 2921 1520 παντὶ
2974 1465 3159 1535 τρόπῳ
3210 1458 3558 1521 διδασκαλίας

1982 1540 2320 1608 ἀναστέλλων
2369 1554 2530 1608 αὐτὸν
2580 1553 2645 1606 ἐκ
2677 1553 2774 1622 τῆς
2818 1548 3140 1621 προδοσίας.
3182 1543 3275 1597 καλ⁵
3320 1540 3557 1610 συνεχῶς

1982 1638 2436 1709 ἀνακρουόμενος,
2469 1636 2656 1706 ῶσπερ
2686 1635 2792 1687 τινὶ
2832 1629 3050 1702 χαλινῷ,
3086 1627 3163 1698 τῷ
3191 1627 3353 1696 λόγῳ.
3387 1622 3558 1676 Τοῦτο

1981 1720 2038 1772 δὲ
2069 1723 2230 1783 ποιεῖ,
2268 1719 2532 1772 παιδεύων
2559 1704 2738 1788 ἡμᾶς,
2786 1715 2887 1768 κᾶν
2929 1711 3236 1784 προειδότες
3268 1704 3439 1778 ὦμεν,
3478 1707 3558 1759 ὅτι

1982 1802 2042 1855 οὐ
2068 1803 2455 1874 πεισθήσονται
2484 1803 2533 1854 εί
2563 1799 2802 1869 ἀδελφοὶ,
2832 1796 2901 1850 τὰ
2928 1796 3068 1866 ,παρ’
3109 1791 3314 1845 ἑαυτῶν
3344 1793 3560 1844 ἅπαντα

1983 1886 2356 1958 ἀποπληροῦν,
2387 1885 2462 1948 ὡς
2502 1882 2919 1956 ἀπηρτισμένου
2957 1880 3056 1948 τῆς
3086 1875 3398 1947 συμϐουλῆς
3428 1875 3560 1945 ἡμῖν

1981 1970 2076 2024 τοῦ
2106 1970 2318 2041 μισθοῦ.
2356 1970 2466 2022 Καὶ
2492 1969 2594 2039 ὅρα
2621 1966 2737 2029 πῶς
2768 1963 3010 2034 συνεχῶς
3048 1962 3210 2016 αὑτὸν
3259 1959 3351 2012 καὶ
3382 1959 3560 2027 σοφῶς

1982 2040 2267 2109 ἀνέστελλε
2297 2052 2363 2105 δι’
2402 2045 2477 2105 ὧν
2508 2052 2710 2117 ἔλεγεν·
2762 2045 2866 2111 Εἷς
2895 2048 2963 2111 ἐξ
3008 2043 3175 2115 ιἰμῶν
3220 2040 3560 2111 παραδώσει

1977 2153 2072 2205 με.
2102 2136 2211 2188 Καὶ
2241 2135 2422 2188 πάλιν’
2448 2135 2532 2187 Οὐ
2556 2131 2709 2201 περὶ,
2732 2130 2973 2183 πάντων
3014 2126 3183 2197 ὑμῶν
3210 2126 3364 2194 λέγω
3382 2141 3395 2154 ο
3427 2119 3561 2177 οἶδα

1982 2219 2090 2284 οὓς
2111 2216 2500 2287 ἐξελεξάμην.
2523 2217 2634 2270 Καὶ
2663 2213 2847 2267 πάλιν·
2870 2207 2976 2277 Εἷς
2994 2210 3061 2274 ἐξ
3087 2208 3253 2278 ὑμῶν
3281 2205 3561 2270 διάϐολός

1981 2301 2133 2355 ἐστι.
2160 2300 2271 2354 Καὶ
2291 2300 2535 2371 ἠνείχετο
2560 2297 2767 2360 πάντας
2795 2294 3090 2364 ἐνάγωνίᾳ
3114 2290 3399 2361 καθιστᾷν,
3419 2287 3559 2340 ὥστε

1986 2386 2060 2455 μὴ
2090 2381 2473 2453 ἐκπομπεῦσαι
2499 2381 2589 2435 τὸν
2619 2380 2906 2450 προδότην,
2955 2377 3048 2430 καὶ
3082 2372 3561 2444 ἀναισχυντότερον

1983 2454 2207 2536 ποιῆσαι
2234 2468 2301 2537 τῇ
2324 2464 2434 2518 τῶν
2479 2464 2719 2533 ἐλέγχων
2764 2459 3108 2533 περιφανείᾳ.
3155 2458 3276 2509 Ὅτι
3318 2456 3427 2525 γὰρ
3465 2454 3560 2506 καί⁹

1890 2600 1907 2618 χ
1979 2551 2094 2612 τοῖς
2119 2548 2300 2612 ἄλλοις
2339 2546 2577 2616 ἀγωνίαν
2615 2546 2709 2600 καὶ
2734 2545 2896 2614 φόϐον
2926 2542 3145 2598 ἐνέϐαλε
3173 2541 3241 2594 τὰ
3270 2537 3557 2607 λεγόμενα,

1983 2633 2159 2686 καίτοι
2188 2633 2353 2703 μηδὲν
2379 2633 2592 2694 ἑαυτοῖς
2622 2628 2885 2682 συνειδόσι
2912 2626 3166 2697 πονηρὸν,
3192 2626 3418 2679 ἄκουσον
3444 2621 3560 2683 πῶς

1982 2716 2211 2780 ἕκαστος
2237 2716 2485 2784 ἀγωνιῶν
2513 2716 2666 2783 ἔλεγε
2692 2714 2742 2753 ι’·
2766 2713 2918 2781 Μήτι
2950 2711 3063 2780 ἐγώ
3085 2713 3222 2784 εἰμι,
3243 2708 3453 2776 Κύριε;
3484 2706 3559 2783 Ού

1982 2798 2071 2852 διά
2100 2780 2361 2869 ρημάτὶυν
2395 2798 2453 2851 δὲ
2483 2780 2662 2868 μόνον,
2697 2780 2958 2850 ἀλλὰκαὶ
2995 2793 3082 2847 διά
3112 2781 3263 2865 [715]
3299 2780 3560 2861 πραγμάυ

1982 2899 2091 2935 των
2124 2882 2284 2934 αὐτὸν
2316 2881 2617 2934 ἐπαίδευεν.
2645 2879 2862 2950 Ἐπειδὴ
2884 2879 2991 2948 γὰρ
3020 2877 3117 2948 τὴν
3151 2875 3345 2930 ἐαυτοῦ
3374 2872 3562 2943 φιλαν-

1984 2966 2231 3037 θρωπίαν
2259 2962 2571 3029 ἐπεδείξατο
2590 2964 2846 3027 πολλάκις
2866 2965 2958 3016 καὶ
2973 2963 3061 3016 διὰ
3075 2960 3313 3023 πάντων,
3327 2959 3563 3028 λεπροὺς

1984 3047 2288 3119 καθαίρων,
2316 3046 2575 3118 δαίμονας
2608 3047 2950 3107 ἀπελαύνων,
2981 3043 3271 3105 νοσοῦντας
3307 3040 3558 3109 ἰώμενος,

1983 3132 2213 3202 νεκροὺς
2268 3132 2535 3203 ἐγείρων,
2593 3127 3072 3201 παραλελυμένους
3128 3126 3404 3196 σφίγγων,
3467 3122 3560 3174 καὶ

1985 3216 2193 3277 πάντας
2236 3215 2332 3284 μὲν
2386 3213 2783 3285 εὐηργέτησεν,
2824 3210 3052 3263 ἐκόλασε
3099 3209 3157 3262 δὲ
3204 3207 3417 3270 οὐδένα,
3466 3203 3561 3258 καὶ

1986 3296 2223 3368 συνεχῶς
2258 3296 2460 3364 ἔλεγεν,
2481 3297 2603 3349 Οὐκ
2626 3292 2816 3365 ἦλθον
2839 3295 2940 3348 ἵνα
2971 3292 3152 3362 κρίνω
3178 3290 3285 3344 τὸν
3304 3290 3556 3357 κόσμον,

1983 3381 2120 3435 ἀλλ’
2144 3381 2245 3434 ἵνα
2277 3378 2454 3434 σώσω
2486 3378 2595 3431 τὸν
2626 3381 2876 3447 κόσμονο
2902 3378 2987 3432 ἵνα
3022 3376 3097 3448 μὴ
3131 3374 3327 3446 νομίσῃ
3360 3375 3389 3425 6
3427 3370 3525 3424 Ἰού
3545 3402 3559 3410 -

1983 3465 2099 3529 δας,
2122 3465 2203 3517 ὄτι
2229 3464 2540 3534 εὐεργετεῖν
2582 3463 2681 3534 μὲν
2709 3463 2868 3534 μόνον
2890 3456 3030 3514 οἶδεν
3058 3463 3086 3514 6
3118 3459 3371 3532 Χριστὸς,
3402 3456 3562 3509 κολά-

1985 3544 2098 3612 ζειν
2123 3547 2180 3600 δέ
2213 3546 2419 3609 οὐκέτι,
2457 3547 2553 3599 καὶ
2594 3544 2751 3598 τοῦτο
2800 3544 2962 3597 αὑτὸν
2994 3542 3235 3597 διδάσκει
3268 3541 3328 3593 τὸ
3372 3541 3557 3610 μέρος,

1984 3626 2095 3683 οἷον
2126 3630 2208 3683 ὅτι
2238 3630 2332 3682 καὶ
2357 3628 2607 3694 κολάζειν
2652 3629 2873 3683 δύναται
2906 3629 3000 3682 καὶ
3042 3624 3401 3697 τιμωρεῖσθαι
3434 3625 3559 3688 τοὺς

1986 3713 2415 3786 ἁμαρτάνοντας.

2054 3851 2114 3895 ε’.
2147 3841 2259 3894 Καὶ
2288 3839 2391 3912 ὅρα
2420 3839 2535 3903 πῶς
2565 3839 2741 3908 σοφῶς
2770 3840 2864 3892 καί
2901 3837 3284 3909 προσηκόντως
3318 3835 3410 3889 καὶ
3437 3833 3558 3886 τοῦς

1982 3942 2072 3978 τον
2094 3935 2116 3963 ε
2145 3924 2243 3995 μὲν
2276 3923 2586 3985 ἐπαίδευσε,
2635 3922 2729 3974 καὶ¹
2761 3920 3064 3990 ἀνθρώπων
3098 3918 3289 3972 οὐδένα
3334 3916 3559 3970 κολάσαι

1983 4008 2104 4062 οὐδὲ
2131 4005 2548 4078 τιμωρήσασθαι
2576 4005 2851 4075 ἠνέσχετο.
2877 4003 3000 4065 Πῶς
3026 3998 3260 4067 οὗν;’Ὶνα
3290 4000 3437 4071 μάθῃ
3462 3999 3559 4069 τὴν

1982 4089 2357 4161 τιμωρητικην
2390 4088 2556 4141 αὐτοῦ
2585 4086 2815 4157 δύναμιν
2843 4087 2871 4139 6
2912 4084 3180 4154 μαθητής.
3218 4084 3279 4135 Εἰ
3324 4083 3423 4152 μὲν
3450 4083 3558 4151 γάρ

1985 4174 2212 4228 ἐκόλασέ
2240 4188 2385 4235 τινα,
2416 4169 2592 4235 ἔδοξεν
2621 4169 2687 4223 ἂν
2711 4167 3084 4224 ἐναντιοῦσθαι
3115 4165 3291 4236 ἐαυτῷ
3320 4165 3552 4232 λέγοντι·

1987 4262 2109 4313 Οὐκ
2134 4254 2326 4327 ἦλθον
2370 4257 2470 4310 ἵνα
2499 4255 2678 4324 κρίνω
2701 4253 2807 4307 τὸν
2828 4253 3078 4320 κόσμον,
3095 4250 3232 4304 ἀλλ’
3249 4252 3348 4303 ἵνα
3379 4251 3557 4303 σώσω

1983 4341 2091 4395 τὸν
2117 4341 2368 4408 κόσμον.
2398 4338 2586 4404 Πάλιν,
2613 4338 2661 4389 εί
2697 4335 2899 4405 μηδένα
2933 4333 3212 4397 ἐκόλασεν,
3230 4332 3556 4403 ἁδιόρθωτος

1985 4425 2178 4495 ἔμενεν
2205 4426 2234 4476 ό
2263 4422 2533 4493 μαθητὴς,
2566 4421 2627 4473 οὐ
2670 4418 2957 4490 μανθάνων
2981 4417 3069 4471 διά
3102 4416 3214 4471 τῶν
3256 4417 3433 4488 ἔργων
3461 4414 3557 4484 τὴν

1985 4507 2314 4577 κολαστικὴν
2340 4504 2502 4559 αὑτοῦ
2532 4504 2778 4575 δύναμιν.
2806 4502 2871 4557 Τί
2908 4498 3001 4556 οὖν
3031 4502 3120 4556 ἵνα
3145 4501 3405 4573 γένητανη

2057 4647 2221 4700 Ὥστε
2248 4644 2345 4699 καὶ
2380 4644 2471 4696 τὸν
2509 4641 2757 4715 μαθητὴν
2778 4643 3085 4714 φοϐηθῆναι
3127 4643 3221 4695 καὶ
3266 4640 3341 4711 μὴ
3389 4655 3557 4692 κατα-

1984 4733 2331 4803 φρονήσαντα
2364 4726 2618 4795 γενέσθαι
2650 4727 2841 4797 χείρω,
2876 4726 2972 4780 καὶ
3013 4723 3317 4797 ἀνθρώπων
3351 4722 3556 4792 μηδένα

1984 4815 2279 4887 πληγῆναι,
2307 4810 2443 4882 μηδὲ
2474 4809 2695 4863 κόλασιν
2720 4811 3008 4882 ὑπομεῖναι
3032 4810 3126 4862 καὶ
3159 4806 3449 4879 τιμωρίαν,
3475 4808 3558 4868 εἰς

1981 4899 2081 4969 τὴν
2106 4896 2279 4965 συκῆν
2314 4893 2412 4965 τὴν
2451 4891 2684 4965 δύναμιν
2725 4893 2933 4963 ταύτην
2971 4891 3342 4946 ἐπιδείκνυται
3370 4891 3398 4942 ό
3422 4890 3555 4957 Χρις

1984 4981 2129 5046 στὺς,
2165 4975 2356 5039 εἰπὼν,
2396 4975 2622 5045 Μηκέτι
2650 4977 2719 5030 ἐκ
2747 4975 2865 5030 σοῦ
2908 4974 3138 5044 καρπὸς
3168 4975 3428 5044 γένηται,
3462 4972 3554 5026 καὶ

1985 5067 2188 5138 ῥήματι
2213 5058 2354 5131 ψιλῷ
2370 5057 2397 5096 ά
2428 5058 2664 5129 ξηράνας
2684 5058 2852 5130 αὐτὴν
2877 5058 3238 5130 παραχρῆμα.
3262 5054 3417 5109 Οὕτω
3446 5054 3554 5138 γάρ

1981 5137 2036 5201 οῖ
2053 5164 2110 5200 τε
2141 5145 2237 5199 ἄνθ
2247 5161 2419 5215 ρωποι
2438 5143 2638 5206 πάντες
2662 5141 2858 5212 έμενον
2880 5140 3152 5202 ἀϐλαϐεῖς,
3183 5139 3345 5202 αὑτός
3374 5156 3433 5189 τε
3457 5137 3553 5209 τὴν

1982 5231 2174 5287 ἐαυτοῦ
2199 5229 2427 5299 δύναμιν
2446 5226 2812 5287 ἐπεδείκνυτο,
2833 5225 2926 5278 τοῦ
2953 5225 3121 5295 φυτοῦ
3142 5223 3435 5295 δεξαμένου
3457 5225 3554 5296 τὴν

1982 5315 2270 5388 τιμωρίαν.
2330 5312 2439 5366 Καὶ
2479 5314 2508 5365 ό
2548 5308 2876 5382 μαθητὴςδέ
2910 5310 2959 5362 εί
2989 5310 3275 5380 προσεῖχε,
3308 5309 3552 5377 μεγάλην

1983 5402 2048 5455 ἂν
2077 5398 2185 5452 ἀπὸ
2221 5398 2318 5466 τῆς
2344 5395 2621 5457 κολάσεως
2653 5393 2857 5463 ταύτης
2900 5390 3262 5463 ἐκαρπώσατο
3288 5391 3387 5463 τὴν
3408 5392 3552 5462 ώφέ-

2048 5637 2073 5674 b
2100 5637 2237 5685 l'nus
2256 5650 2345 5684 ms.
2373 5636 2575 5696 Exacto;
2593 5634 2965 5696 summulas.

2045 5704 2067 5731 ο
2098 5701 2232 5748 Unus
2255 5710 2342 5746 ms.
2385 5699 2466 5746 καὶ
2498 5694 2658 5754 τοῦτο,
2695 5695 2871 5758 meum;
2904 5692 3055 5758 quam
3085 5692 3169 5758 api
3205 5692 3366 5758 τοῦτο,
3392 5694 3553 5755 ίηιιυιι

1982 5759 2175 5815 unum.
2195 5761 2270 5808 cui
2298 5774 2384 5807 nos
2409 5761 2760 5807 dissentientes
2778 5754 2948 5806 τοῦτον
2970 5754 3260 5819 recepimus.
3290 5756 3430 5810 Enn.

2050 5826 2077 5865 d
2101 5824 2242 5870 ,ξω-ῆι.
2268 5820 2316 5870 in
2343 5836 2492 5883 marg.
2516 5822 2591 5869 καὶ
2614 5822 2737 5886 ῥῆμα
2762 5822 2834 5885 ψι)
2846 5821 2918 5871 6v.
