4046 6146
467 366 575 427 969

465 486 639 540 λειαν·
665 483 781 539 ἀλλ’
816 484 965 555 ὅμως
990 485 1110 540 οὐδέ
1134 484 1277 540 οὕτω
1306 484 1614 559 διωρθώθη.
1642 487 1700 539 ’0
1725 485 1782 542 δὲ
1808 487 2045 557 Χριστὸς

468 568 564 623 καὶ
601 567 761 621 τοῦτο
804 568 1104 639 προειδὼς,
1157 568 1279 639 οὐχὶ
1329 568 1490 623 τοῦτο
1544 570 1728 642 μόνον,
1776 568 1917 624 ἀλλά
1952 571 2049 623 καὶ

466 652 658 723 ἕτερον
690 651 830 722 μετά
857 648 1049 704 τούτου
1104 651 1283 723 πολλῷ
1315 644 1504 724 μεῖζον
1539 653 1735 707 τούτου
1764 652 2047 722 ἐποίησεν.

469 735 601 789 ὀτε
628 734 760 802 γοῦν
791 734 1046 788 ἐπέθεντο
1064 735 1216 806 αὐτῷ
1240 737 1291 789 οἱ
1318 737 1560 791 Ἰουδαῖοι
1585 735 1729 807 μετά
1762 734 2048 808 μαχαιρῶν

467 822 565 875 καὶ
589 820 763 888 ξύλων
793 820 892 886 τάς
926 825 1115 893 χεῖρας
1153 822 1479 886 ὁπλίσαντες
1521 822 1642 875 κατ’
1687 820 1888 887 αὐτοῦ,
1922 819 2047 874 τότε

469 906 680 970 πάντας
713 908 910 969 αὐτοὺς
961 906 1249 978 ἐπήρωσε·
1288 906 1349 959 16
1382 905 1492 977 γὰρ
1529 908 1739 969 εἰπεῖν,
1789 906 1929 959 Τίνα
1955 902 2050 971 ζη-

467 990 655 1055 τεῖτε;
691 990 850 1045 τοῦτο
904 990 1264 1061 ἐμφαίνοντος
1306 984 1396 1059 ἦν.
1454 989 1670 1061 Ἐπειδὴ
1732 988 1843 1060 γὰρ
1893 987 2047 1055 ἔλεγε

471 1073 712 1144 συνεχῶς
739 1075 768 1127 6
804 1073 1026 1137 Ἰούδας
1062 1074 1123 1128 Τί
1153 1072 1360 1128 θέλετέ
1398 1090 1502 1143 μοι
1528 1072 1762 1137 δοῦναι,
1800 1071 1900 1126 καὶ
1932 1070 2049 1141 ἐγὼ

468 1155 612 1225 ὑμῖν
644 1155 977 1224 παραδώσω
1016 1158 1239 1221 αὑτόνς
1285 1155 1605 1227 βουλόμενος
1638 1157 1666 1209 6
1704 1155 1907 1227 Κύριος
1951 1155 2049 1208 καὶ

467 1240 595 1303 τοὺς
630 1239 916 1304 Ἰουδαίους
956 1243 1175 1304 πεῖσαι,
1223 1241 1473 1293 κάκεῖνον
1505 1239 1747 1304 διδάξαι,
1785 1240 1870 1292 ὅτι
1905 1236 2047 1292 ἐκὼν

471 1322 689 1393 ἔρχεται
718 1322 813 1376 ἐπὶ
841 1322 904 1376 τὸ
941 1322 1144 1387 πάθος,
1170 1325 1265 1376 καὶ
1290 1322 1350 1375 τὸ
1383 1324 1492 1375 πᾶν
1521 1322 1685 1376 αὐτοῦ
1717 1323 1863 1375 ἐστιν
1897 1333 1947 1381 ι.
1984 1320 2045 1373 οὐ

469 1404 569 1475 τῆς
597 1403 807 1458 ἐκείνου
834 1405 1172 1475 πανουργίας
1203 1404 1525 1477 δυνηθείσης
1570 1405 1736 1458 αὐτοῦ
1766 1404 2048 1476 περιγίνε-

472 1488 628 1552 σθαι,
662 1486 827 1541 αὐτοῦ
881 1487 976 1540 τοῦ
1022 1489 1281 1559 προδότου
1330 1488 1470 1561 μετὰ
1506 1487 1723 1542 πάντων
1775 1486 2045 1549 ἑστῶτος,

471 1570 626 1643 φησὶ,
662 1572 803 1624 Τίνα
831 1571 1081 1640 (nte-2'18;
1106 1570 1276 1636 οὕτως
1306 1573 1407 1626 οὐκ
1432 1572 1545 1645 ᾔδει
1570 1571 1627 1624 6v
1652 1569 1843 1643 ἔμελλε
1872 1586 2049 1647 παραγ

468 1655 689 1718 διδόναι,
723 1654 837 1709 ἀλλ’
865 1657 1155 1727 ἐπήρωσεν
1189 1654 1354 1710 αὐτοῦ
1381 1657 1481 1727 τὴν
1510 1655 1649 1725 ὄψιν·
1684 1655 1779 1707 καὶ
1808 1655 1869 1706 οὐ
1891 1653 2049 1706 τοῦτο

473 1737 655 1808 μόνον,
693 1736 828 1792 ἀλλᾶ
877 1738 972 1791 καὶ
1028 1738 1251 1803 ὑπτίους
1305 1740 1548 1801 ἅπαντας
1592 1737 1783 1811 ἔρριψε
1832 1728 2048 1806 διὲιτῆς

470 1821 654 1891 φωνῆς
677 1819 902 1891 ταύτης.
929 1822 1041 1876 Καὶ
1074 1821 1263 1892 ἐπειδὴ
1291 1821 1426 1892 μηδὲ
1458 1820 1617 1875 τοῦτο
1648 1821 1848 1883 αὐτοὺς
1871 1821 2047 1872 ἐπιει-

468 1905 760 1975 κεστέρους
791 1903 1037 1974 ἐποίησε,
1066 1904 1202 1976 μηδὲ
1227 1906 1318 1958 τὸν
1342 1904 1536 1976 μιαρὸν
1566 1905 1773 1957 ἐκεῖνον
1790 1903 1892 1972 τῆς
1916 1917 2049 1973 προ-

468 1985 649 2050 δοσίας
678 1984 1008 2060 ἀπέστησεν,
1044 1987 1159 2041 ἀλλ’
1187 1986 1379 2059 ἔμενεν
1404 1986 1618 2051 ἀνίατος
1645 1985 1742 2052 ὢν,
1760 1985 1881 2039 οὐδέ
1906 1983 2048 2038 οὕτω

468 2070 633 2124 πάλιν
656 2072 684 2124 6
708 2069 943 2141 Χριστὸς
973 2070 1184 2142 ἀπέστη
1219 2072 1317 2141 τῆς
1352 2070 1483 2142 περὶ
1527 2070 1691 2124 αὐτὸν
1734 2069 1947 2133 εὐνοίας
1986 2086 2048 2121 τε

470 2153 563 2206 καὶ
597 2152 932 2224 ἐπιμελείας⁸
966 2153 1079 2205 ἀλλ’
1111 2153 1213 2225 ὅρα
1269 2153 1386 2215 πῶς
1425 2150 1906 2222 ἐντρεπτικώτατα
1949 2153 2051 2224 τῆς

468 2236 722 2302 άναιδοῦς
748 2237 1090 2292 καθάπτεται
1123 2236 1323 2308 ψυχῆς,
1374 2237 1469 2289 καὶ
1498 2235 1800 2307 φθέγγεται
1828 2237 2049 2307 ῥήματα

473 2320 634 2375 ἱκανὰ
662 2319 691 2359 δ
716 2322 810 2374 καὶ
841 2320 1048 2391 λιθίνην
1080 2319 1319 2391 μαλάξαι
1366 2316 1625 2373 διάνοιαν.
1674 2319 1895 2391 Ἐπειδὴ
1940 2319 2050 2392 γὰρ

470 2403 730 2477 ὥρμησεν
756 2405 918 2461 αὐτὸν
954 2404 1200 2476 φιλῆσαι,
1225 2404 1279 2458 τί
1302 2421 1501 2475 φησινξ
1532 2404 1737 2465 Ἰούδα,
1762 2402 2050 2474 φιλήματι

472 2490 580 2543 τὸν
621 2488 759 2544 Υίὸν
785 2488 892 2543 τοῦ
919 2487 1234 2557 ἀνθρώπου
1256 2487 1632 2557 παραδι’δως;
1654 2488 1773 2541 οὐδέ
1796 2486 1927 2540 αὐτὸ
1952 2488 2050 2557 τῆς

471 2570 761 2642 προδοσίας
803 2571 1037 2646 αἰσχύνῃ
1079 2571 1140 2624 16
1199 2571 1413 2642 σχῆμα;
1470 2569 1657 2623 Ταῦτα
1684 2568 1741 2622 δέ
1790 2568 1977 2637 ἔλεγεν
2022 2571 2051 2622 6

470 2652 705 2725 Χριστὸς
719 2653 1135 2725 καθαπτόμενος
1164 2653 1350 2717 αὐτοῦ,
1369 2653 1464 2707 καὶ
1494 2652 1592 2724 τῆς
1610 2650 1884 2724 προτέρας
1898 2649 2048 2725 [714]

472 2738 909 2808 ἀναμιμνήσκων
963 2737 1273 2808 συνηθείας.
1319 2736 1459 2790 Ἀλλ’
1502 2737 1651 2808 ὅμως
1692 2735 1932 2789 τοσαῦτα
1957 2734 2050 2788 τοῦ

471 2820 678 2891 Κυρίου
719 2821 815 2874 καὶ
850 2820 1178 2892 ποιήσαντος
1222 2822 1316 2875 καὶ
1369 2821 1647 2888 εἰπόντος,
1688 2820 1788 2873 οὐκ
1833 2818 2052 2888 ἐγένετο

474 2902 699 2972 βελτίων
725 2904 966 2970 ἐκεῖνος,
996 2905 1051 2958 ού
1095 2904 1247 2976 παρὰ
1270 2906 1371 2978 τὴν
1409 2905 1504 2959 τοῦ
1547 2902 2052 2975 συμϐουλεύσαντος

471 2985 778 3050 ἀσθένειαν,
815 2987 953 3043 ἀλλά
982 2988 1134 3059 παρὰ
1159 2988 1259 3060 τὴν
1287 2988 1453 3041 αὐτοῦ
1503 2986 1775 3060 ῥαθυμίαν
1812 2996 1860 3039 ο.
1906 2986 1963 3039 '0
1995 2985 2051 3038 δέ

470 3068 727 3141 Χριστὸς,
758 3070 937 3125 καίτοι
973 3071 1149 3125 ταῦτα
1199 3070 1377 3124 πάντα
1408 3069 1694 3142 προειδὼς,
1725 3070 1785 3124 ού
1814 3068 2050 3123 διέλιπεν

471 3152 534 3219 ἐξ
560 3153 736 3227 ἀρχῆς
773 3154 933 3225 μέχρι
965 3152 1153 3218 τέλους
1186 3153 1255 3208 τά
1292 3154 1424 3225 παρ’
1454 3152 1650 3208 ἐαυτοῦ
1675 3152 1892 3208 ἅπαντα
1931 3153 2051 3205 ἐπι-

470 3238 840 3310 δεικνύμενος.
877 3239 1058 3311 Ἂπερ
1090 3235 1183 3292 οὖν
1215 3240 1434 3295 ἅπαντα
1485 3240 1577 3292 καὶ
1619 3239 1768 3309 ἡμᾶς
1806 3236 2049 3302 εἰδότας,

472 3321 767 3394 ἀγαπητοὶ,
795 3323 1035 3392 συνεχῶς
1062 3324 1157 3376 καὶ
1194 3322 1487 3385 διαπαντὸς
1521 3322 1647 3386 τοὺς
1672 3320 2053 3393 ὴμελημένους

471 3406 581 3459 τῶν
622 3405 867 3476 ἀδελφῶν
912 3405 1021 3460 τῶν
1071 3406 1355 3477 ἡμετέρων
1407 3403 1689 3478 ῥυθμίζειν
1736 3406 1825 3459 καὶ
1881 3403 2052 3473 φιλεῖν

472 3490 600 3563 χρὴ,
623 3490 725 3544 κᾶν
762 3490 927 3561 μηδὲν
960 3492 1027 3544 ἐκ
1052 3491 1150 3563 τῆς
1175 3490 1487 3562 συμϐουλῆς
1507 3489 1724 3560 γίνηται
1746 3489 1956 3561 κέρδος.
1989 3486 2053 3540 EE

471 3574 583 3644 γὰρ
615 3575 643 3625 6
672 3573 732 3628 16
750 3575 901 3637 τέλος
922 3575 1077 3637 εἰδὼς
1098 3573 1341 3628 τοιοῦτον
1365 3574 1638 3643 ἐσόμενον,
1660 3572 1896 3644 τοσαύτῃ
1926 3573 2077 3643 περὶ

472 3657 565 3713 τὸν
593 3657 747 3711 οὐδὲν
779 3656 1041 3726 μέλλοντα
1067 3656 1411 3727 καρποῦσθαι
1441 3658 1506 3709 ἐκ
1542 3656 1640 3726 τῆς
1679 3655 2055 3726 παραινέσεως

370 3762 377 3773 α
472 3739 679 3810 ταύτης
708 3739 981 3810 ἐχρήσατο
1011 3740 1255 3809 προνοίᾳ,
1282 3738 1442 3799 ποίας
1460 3737 1526 3792 ἂν
1541 3737 1732 3808 εἴημεν
1753 3736 1893 3802 ἄξιοι
1921 3755 2053 3805 συγ-

473 3821 705 3893 γνώμης
736 3822 919 3893 ἡμεῖς,
950 3823 1078 3875 δταν
1101 3823 1236 3894 μηδὲ
1262 3823 1361 3892 τὴν
1384 3821 1494 3876 τῶν
1521 3824 1865 3893 πραγμάτων
1893 3821 2056 3875 ἐκϐα-

475 3922 564 3963 σιν
598 3905 822 3969 εἰδότες,
857 3904 1002 3959 οὕτω
1034 3906 1133 3976 τῆς
1176 3905 1284 3959 τῶν
1313 3904 1546 3975 πλησίον
1587 3904 1861 3976 σωτηρίας
1889 3904 2053 3975 ρᾳθυ-

480 3987 691 4061 μῶμεν,
728 3989 795 4043 ἐκ
830 3986 1055 4060 πρώτης
1079 3989 1176 4043 καὶ
1211 3988 1474 4059 δευτέρας
1508 3988 1705 4052 αὐτοὺς
1747 3986 2056 4059 συμϐουλῆς

475 4072 1049 4144 ἐγκαταλιμπάνοντες
1065 4092 1080 4141 ;
1104 4073 1258 4130 Μετά
1273 4074 1330 4129 δὲ
1350 4074 1458 4128 τῶν
1473 4075 1592 4146 είρη
1603 4072 1778 4144 μένων
1802 4072 2055 4126 ἀπάντων

476 4156 573 4211 καὶ
599 4157 669 4211 τὰ
702 4156 823 4212 καθ’
854 4157 1003 4229 ἡμᾶς
1034 4158 1233 4220 αὐτοὺς
1268 4158 1633 4228 ἐννοήσωμεν,
1664 4156 1745 4209 ὅτι
1774 4155 1895 4209 καθ’
1926 4155 2056 4209 ἑκά-

476 4256 613 4312 στην
640 4240 857 4311 ἡμέραν
888 4239 984 4293 τοῦ
1030 4239 1167 4293 Θεοῦ
1198 4239 1336 4311 πρὸς
1367 4240 1515 4311 ἡμᾶς
1551 4239 1939 4310 διαλεγομένου
1968 4236 2057 4293 διὰ

474 4324 588 4378 τῶν
613 4324 943 4398 προφητῶν,
988 4324 1078 4378 διὰ
1125 4324 1236 4378 τῶν
1270 4324 1608 4390 ἀποστόλων,
1650 4323 1771 4380 καθ’
1818 4322 2056 4394 ἑκάστην

476 4409 869 4481 παρακούομεν
892 4408 993 4482 τὴν
1024 4409 1268 4482 ἡμέραν·
1305 4410 1399 4464 καὶ
1445 4410 1597 4480 ὅμως
1639 4409 1741 4463 οὐκ
1763 4408 2056 4479 ἀφίσταται

477 4495 576 4551 καὶ
596 4492 977 4565 διαλεγόμενος
994 4494 1088 4549 καὶ
1105 4493 1442 4567 παρακαλῶν
1458 4492 1547 4548 ἀεὶ
1568 4492 1695 4557 τοὺς
1710 4491 2074 4562 ἀφηνιῶντας⁶

477 4577 575 4632 καὶ
604 4575 682 4650 μὴ
715 4578 1100 4650 προσέχοντας.
1134 4579 1244 4631 Καὶ
1267 4577 1366 4651 βοᾷ
1391 4576 1601 4640 Παῦλος
1632 4577 1828 4645 λέγων·
1878 4576 2057 4643 ’Υπὲρ

476 4659 736 4731 Χριστοῦ
757 4662 1186 4732 πρεσϐεύομεν,
1226 4663 1308 4728 ὡς
1338 4660 1445 4716 τοῦ
1470 4661 1618 4716 Θεοῦ
1649 4659 2058 4730 παρακαλοῦν-

477 4763 583 4812 τος
602 4742 677 4798 δι’
694 4742 886 4815 ἡμῶν,
905 4743 1156 4814 δεόμεθα
1170 4745 1323 4813 ὑπὲρ
1342 4743 1624 4814 Χριστοῦ,
1640 4742 2059 4814 καταλλάγητε

477 4826 561 4895 τῷ
594 4826 737 4895 Θεῷ.
777 4827 842 4880 Εἰ
881 4827 991 4898 γὰρ
1024 4827 1131 4900 χρή
1180 4843 1232 4881 τι
1278 4827 1374 4881 καὶ
1415 4826 1731 4900 θαυμαστὸν
1771 4828 1966 4894 εἰπεῖν,
1994 4828 2057 4882 οὐ

474 4908 748 4966 τοσούτων
777 4909 1016 4964 ἐπαίνων
1042 4909 1191 4980 ἄξιος
1218 4912 1247 4963 6
1272 4910 1557 4983 προειδὼς,
1590 4910 1674 4969 ὅτι
1702 4917 2058 4990 πεισθήσεται

477 4993 698 5058 πάντως
729 4994 758 5049 6
785 4992 1075 5065 δεχόμενος
1111 4993 1212 5066 τὴν
1251 4992 1585 5066 συμϐουλὴν,
1621 4999 1718 5052 καὶ
1748 4999 1893 5055 οὕτω
1920 5019 2059 5073 συμ-

476 5076 771 5142 ϐουλεύων,
788 5075 863 5141 ὡς
878 5078 907 5131 6
930 5075 1192 5141 πολλάκις
1215 5076 1315 5149 μὲν
1340 5076 1513 5131 εἰπὼν
1527 5079 1623 5133 καὶ
1647 5098 1712 5134 συ
1720 5082 2059 5154 μϐουλεύσας

477 5162 575 5220 καὶ
598 5160 911 5234 ἀποτυχὼν,
941 5161 1043 5219 οὐκ
1068 5162 1436 5236 ἀφιστάμενος
1470 5161 1528 5218 δέ
1553 5163 1674 5219 οὐδὲ
1705 5165 1865 5223 οὕτω.

548 5291 653 5346 Τδν
686 5290 787 5362 μὲν
821 5291 931 5364 γὰρ
959 5290 1289 5364 πρότερονή
1321 5290 1417 5346 τοῦ
1456 5292 1851 5364 πεισθήσεσθαι
1903 5294 2060 5359 ἐλπὶς

474 5376 568 5427 τὸν
593 5375 880 5435 ἀκούοντα,
920 5375 1025 5430 κᾶν
1066 5376 1324 5431 ἁπάντων
1350 5374 1687 5448 νωθέστερος
1717 5373 1776 5451 ᾖ,
1801 5376 2058 5450 διεγείρει

475 5458 614 5529 πρὸς
634 5458 733 5533 τὴν
756 5459 1098 5532 παραίνεσιν*
1115 5450 1271 5523 οὗτος
1291 5458 1349 5516 δὲ
1362 5460 1392 5514 6
1408 5459 1650 5532 συνεχῶς
1672 5450 2059 5533 συμϐουλεύων
2082 5471 2099 5484 ⁸

540 5692 569 5761 _'
763 5694 844 5742 καὶ
862 5693 927 5761 Ατδ
945 5699 1038 5761 πᾷν
1057 5694 1203 5745 αὐτοῦ
1226 5695 1370 5758 ἐστιν,
1396 5698 1574 5749 desunt
1611 5695 1662 5748 in
1702 5696 1918 5761 quinque
1941 5708 2057 5746 mss.

536 5754 563 5797 δ
594 5755 691 5818 Alii
714 5757 840 5818 ῥῆμα
856 5757 1037 5818 ικανάν.

541 5821 562 5851 τ
593 5813 792 5875 Ᾱιίἱτὴν
814 5817 957 5867 αὑτοῦ
990 5818 1232 5881 πονηρίαν.

1178 374 1233 429 S.
1274 372 1565 429 JOA‘NNIS
1594 368 2084 429 CHRYSOSTOMI
2122 367 2442 430 ARCIIIEP.
2487 374 3032 433 CONSTANTINOP.

2158 483 2253 537 καὶ
2280 487 2746 561 παρακουόμενος,
2776 485 2895 544 εἷτα
2920 491 3024 544 οὐκ
3053 488 3441 560 ἀφιστάμενος,
3469 488 3739 559 θερμοτάο

2156 589 2256 645 της
2274 575 2368 628 καὶ
2387 578 2764 649 γνησιωτάτης
2778 579 2998 650 ἀγάπης
3016 578 3317 648 τεκμήριον
3342 576 3734 643 ἐπιδείκνυται,

2156 660 2333 715 ἐλπίδι
2378 664 2479 733 μὲν
2524 665 2752 737 οὐδεμιᾷ
2789 665 3014 739 τοιαύτῃ
3056 664 3425 737 τρεφόμενος,
3472 663 3563 718 διὰ
3589 664 3647 718 δὲ
3674 668 3739 718 16

2158 750 2296 820 πρὸς
2325 751 2417 804 τὸν
2449 750 2717 807 ἀκούοντα
2744 754 2962 826 φίλτρον
2991 754 3150 824 μόνον
3182 752 3282 824 τῆς
3311 751 3440 824 περὶ
3467 752 3560 805 16v
3583 753 3741 807 ἀδελ-

2156 837 2255 907 φδν
2284 839 2386 892 οὐκ
2414 840 2783 912 ἀφιστάμενος
2813 842 3150 913 ἐπιμελείας.
3197 840 3338 894 Ἀλλ’
3377 843 3462 895 ὃτι
3494 843 3594 912 μὲν
3626 842 3739 913 χρὴ

2159 927 2428 998 μηδέποτε
2459 929 2789 998 ἀφίστασθαι
2816 930 2923 983 τῶν
2945 929 3335 989 πεπτωκότων,
3367 929 3473 983 κᾶν
3498 930 3751 1001 προειδό-

2155 1031 2249 1079 τες
2279 1009 2463 1087 ὧμεν,
2495 1016 2580 1069 ὅτι
2612 1018 2674 1069 οὐ
2707 1018 3091 1091 πεισθήσονται
3130 1019 3282 1089 ἡμῖν,
3320 1017 3522 1081 ἱκανῶς
3546 1016 3750 1070 ἀποδέ-

2154 1104 2383 1158 δεικται.
2410 1106 2502 1158 Δεῖ
2528 1102 2584 1158 δὲ
2608 1105 2792 1158 λοιπὸν
2822 1106 2915 1159 ἐπὶ
2945 1105 3044 1175 τὴν
3085 1105 3194 1159 τῶν
3234 1106 3569 1176 τρυφώντων
3609 1121 3749 1158 κατ-

2155 1193 2385 1266 ηγορίαν
2411 1190 2646 1264 βαδίσαι.
2675 1193 2821 1258 Ἕως
2846 1194 2951 1266 γάρ
2984 1193 3050 1249 ἀν
3083 1195 3291 1268 ἑστήκῃ
3315 1196 3348 1266 ή
3386 1195 3548 1266 ἑορτὴ
3575 1193 3744 1264 αῦτη,

2088 1319 2097 1329 ,
2157 1282 2251 1335 καὶ
2272 1280 2341 1334 τά
2370 1281 2505 1351 ἐλκη
2535 1282 2637 1352 τῆς
2670 1280 2839 1353 μέθης
2869 1280 2926 1337 ἐν
2953 1285 3073 1347 ταῖς
3096 1281 3207 1336 τῶν
3238 1282 3548 1353 μεθυόντων
3568 1285 3745 1354 ἐργά-

2157 1371 2310 1435 ζεται
2340 1370 2540 1442 ψυχαῖς
2575 1371 2603 1424 6
2632 1370 2901 1436 διάϐολος,
2936 1373 3030 1425 καὶ
3059 1373 3206 1454 ἡμᾶς
3234 1372 3302 1425 τὰ
3325 1371 3596 1447 φάρμακα
3613 1375 3745 1426 ἐπι-

2155 1460 2358 1515 τιθέναι
2398 1462 2527 1533 χρή.

2228 1575 2303 1634 ς’.
2337 1569 2481 1635 Χθές
2506 1572 2603 1641 μὲν
2628 1565 2724 1625 οὖν
2755 1569 2848 1625 τὸν
2873 1571 3085 1626 Παῦλον
3107 1573 3292 1636 αὐτοῖς
3317 1572 3744 1643 ἐπετειχίσαμεν

2154 1658 2403 1727 λέγοντα’
2424 1660 2562 1712 Εἴτε
2584 1660 2837 1724 ἐσθίετε,
2861 1659 2982 1714 εἴτε
3004 1660 3229 1723 πίνετε,
3259 1660 3379 1714 εἴτε
3411 1677 3467 1713 τι
3491 1660 3742 1720 ποιεῖτε,

2156 1746 2355 1801 πάντα
2399 1750 2489 1815 είς
2525 1749 2717 1813 δόξαν
2759 1748 2910 1804 Θεοῦ
2955 1752 3195 1803 ποιεῖτε.
3248 1749 3497 1820 Σήμερον
3541 1748 3601 1801 δὲ
3647 1748 3746 1801 τὸν

2158 1833 2369 1888 Παύλου
2401 1836 2681 1908 Δεσπότην
2704 1837 2950 1907 δείξομεν
2976 1838 3181 1901 αὐτοῖς,
3209 1837 3330 1907 οὐχὶ
3368 1834 3743 1907 παραινοῦντα

2161 1923 2341 1992 μόνον,
2377 1923 2500 1977 οὐδὲ
2532 1924 2972 1996 συμϐουλεύοντα
2998 1924 3302 1996 ἀπέχεσθαι
3334 1924 3572 1995 τρυφῆς,
3603 1922 3745 1977 ἀλλά
3836 1992 3845 2003 ⁹

2158 2012 2253 2065 καὶ
2268 2010 2567 2082 κολάζοντα
2582 2014 2672 2067 16v
2695 2018 2753 2068 ἐν
2768 2017 2947 2087 τρυφῇ
2972 2014 3171 2079 ζῶντα,
3189 2016 3285 2068 καὶ
3302 2014 3740 2085 τιμωρούμενον.

2170 2103 2235 2156 Ἡ
2267 2102 2376 2173 γὰρ
2398 2101 2490 2156 τοῦ
2516 2102 2774 2157 πλουσίου
2805 2103 2898 2158 καὶ¹
2934 2102 3028 2157 τοῦ
3059 2102 3314 2171 Λαζάρου
3342 2103 3570 2157 καὶτῶν
3611 2105 3745 2157 ἐκα-

2157 2190 2338 2262 τέροις
2362 2192 2687 2263 συμϐάντων
2723 2193 2938 2264 ἱστορία
2964 2191 3118 2246 οὐδὲν
3156 2192 3342 2265 ἕτερον
3381 2193 3414 2265 ἢ
3465 2192 3624 2246 τοῦτο
3657 2195 3745 2247 ἐν-

2157 2278 2448 2334 δείκνυται.
2465 2280 2680 2334 Μᾶλλον
2702 2280 2779 2343 δὲ,
2798 2280 2886 2334 ἵνα
2907 2281 2982 2353 μὴ
3005 2281 3300 2355 παρέργως
3323 2280 3480 2334 τοῦτο
3509 2284 3744 2349 ποιήσω-

2164 2385 2284 2439 μεν,
2302 2367 2511 2423 ἀνωθεν
2527 2369 2656 2440 ὑμῖν
2673 2368 2840 2441 αὐτὴν
2870 2367 3260 2439 ἀναγνώσομαι
3279 2369 3377 2440 τὴν
3401 2368 3741 2440 παραϐολήν.

2163 2458 2512 2526 ’Ἄνθρωπός
2550 2475 2641 2524 τις
2676 2453 2757 2528 ἦν
2806 2458 3133 2523 πλούσιος,
3177 2458 3274 2510 καὶ
3320 2456 3746 2511 ἐνεδιδύσκετο

2159 2546 2475 2615 πορφύραν
2496 2546 2593 2599 καὶ
2617 2548 2889 2612 βύσσον,
2931 2545 3405 2616 εὐφραινόμενος
3443 2546 3574 2600 καθ’
3599 2545 3744 2615 ἠμέ-

2151 2650 2273 2704 ραν
2292 2633 2598 2704 λαμπρῶς·
2615 2636 2850 2707 πτωχὸς
2870 2635 2937 2690 δέ
2964 2653 3051 2703 τις
3074 2633 3155 2708 ἦν
3178 2637 3424 2705 ὀνόματι
3455 2636 3743 2704 Λάζαρος,

2160 2722 2229 2790 ὃς
2252 2722 2535 2792 ἐϐέϐλητο
2564 2727 2651 2791 είς
2698 2726 2805 2778 τὸν
2840 2723 3093 2779 πυλῶνα
3134 2724 3322 2778 αὑτοῦ
3355 2724 3743 2793 ἡλκωμένος,

2160 2807 2257 2863 καί
2286 2809 2591 2879 ἐπιθυμῶν
2616 2810 3019 2880 χορτασθῆναι
3058 2812 3176 2865 ἀπὸ
3219 2810 3338 2864 τῶν
3369 2811 3596 2880 ψιχίων
3624 2809 3748 2864 τῶν

2160 2901 2502 2955 πιπτόντων
2528 2900 2648 2955 ἀπὸ
2671 2899 2779 2967 τῆς
2796 2897 3084 2969 τραπέζης
3112 2899 3219 2954 τοῦ
3238 2901 3561 2954 πλουσίου·
3583 2899 3748 2954 ἀλλὰ

2160 2988 2257 3043 καὶ
2280 2992 2335 3043 οἱ
2362 2991 2543 3055 κύνες
2569 2987 2719 3061 [715]
2736 2989 3066 3058 ἐρχόμενοι,
3097 2987 3472 3057 περιέλειχον
3496 2989 3571 3042 τὰ
3592 2987 3748 3055 ἕλκη

2161 3076 2370 3132 αὑτοῦ.
2400 3076 2560 3140 Τίνος
2591 3076 2691 3147 μὲν
2725 3072 2818 3130 οὖν
2849 3076 3035 3129 ἕνεκεν
3062 3077 3119 3128 ἐν
3156 3074 3493 3147 παραϐολαῖς
3515 3076 3747 3130 ἐλάλειὸ

2161 3166 2462 3238 Δεσπότης,
2504 3166 2598 3219 καί¹
2639 3165 2692 3219 τί
2743 3165 2943 3237 δήποτε
2986 3167 3096 3218 τῶν
3137 3164 3466 3236 παραϐολῶν
3513 3164 3612 3224 τὰς
3645 3165 3749 3235 μὲν

2161 3255 2308 3321 ἔλυε,
2338 3255 2436 3320 τάς
2458 3253 2515 3310 δὲ
2538 3256 2639 3309 οὐκ
2662 3255 2807 3320 ἐλυε,
2841 3254 2936 3309 καὶ
2958 3256 3010 3308 τί
3049 3254 3166 3307 πότ’
3200 3256 3348 3308 ἐστιν
3372 3256 3406 3326 ή
3436 3253 3747 3326 παραϐολὴ,

2163 3348 2256 3401 καὶ
2283 3348 2384 3401 ὅσα
2426 3348 2685 3409 τοιαῦτα,
2720 3348 2798 3411 είς
2841 3346 3030 3418 ἓτερον
3076 3345 3267 3414 καιρὸν
3313 3344 3747 3416 ταμιευσόμεθα,

2162 3435 2303 3490 ὥστε
2334 3434 2409 3508 μὴ
2469 3435 2565 3490 τοῦ
2618 3435 3035 3504 κατεπείγοντος
3062 3434 3368 3503 ἀποστῆναι
3415 3433 3573 3502 λόγου
3618 3432 3745 3486 νῦν’

2162 3524 2341 3578 ἐκεῖνο
2368 3523 2428 3577 δὲ
2472 3523 2609 3588 τέως
2640 3523 2778 3596 πρὸς
2831 3525 2977 3595 ὑμᾶς
3017 3524 3252 3594 ἐροῦμεν
3278 3522 3460 3592 μόνον,
3504 3521 3589 3584 τίς
3628 3523 3748 3574 ἐστι

2162 3611 2271 3665 τῶν
2302 3611 2707 3681 εύαγγελιστῶν
2725 3615 2754 3666 6
2777 3610 2876 3683 τὴν
2892 3611 3209 3683 παραϐολὴν
3233 3610 3436 3681 ταύτην
3464 3609 3750 3680 εἰρηκέναι

2161 3699 2256 3753 τὸν
2284 3700 2521 3770 Χριστὸν
2551 3698 2738 3755 εἰπών.
2772 3699 2868 3761 Τίς
2887 3694 2981 3753 οὖν
3014 3700 3194 3765 ἐστιν;
3237 3699 3296 3752 '0
3314 3698 3529 3760 Λουκᾶς
3563 3696 3748 3768 μόνος.

2164 3791 2275 3845 Καὶ
2302 3789 2411 3863 γάρ
2438 3790 2534 3845 καὶ
2559 3790 2717 3844 τοῦτο
2742 3790 3039 3858 ἀναγκαῖον
3069 3789 3288 3850 ειδέναι,
3336 3789 3419 3842 ὃτι
3454 3787 3563 3841 τῶν
3590 3790 3748 3858 εἰρη-

2168 3881 2346 3951 μένων
2384 3879 2452 3932 τά
2498 3878 2598 3950 μὲν
2634 3882 2683 3932 οἱ
2718 3878 2983 3949 τέσσαρες
3023 3873 3197 3942 εἷπον,
3245 3877 3312 3932 τὰ
3349 3877 3406 3932 δέ
3439 3878 3560 3929 κατ’
3605 3876 3747 3931 ἰδίαν

2164 3967 2397 4030 ἕκαστος
2428 3966 2735 4020 ἀπολαϐών.

2238 4083 2394 4145 Τίνος
2444 4081 2662 4149 ἐνεκεν;
2726 4083 2845 4136 Ἵνα
2896 4082 2989 4137 καὶ
3047 4080 3155 4135 τῶν
3205 4081 3408 4135 λοιπῶν
3469 4081 3750 4149 ἀναγκαία

2166 4176 2296 4246 ἡμῖν
2336 4173 2370 4245 ή
2416 4170 2722 4238 ἀνάγνωσις
2771 4169 3017 4241 γένηται,
3059 4170 3153 4225 καὶ
3193 4169 3253 4222 16
3294 4169 3392 4241 τῆς
3427 4169 3749 4241 συμφωνίας

2165 4262 2444 4335 ἐξαίρετον
2496 4260 2752 4332 διαφανῇ.
2814 4262 2878 4313 Et
2948 4261 3049 4331 μὲν,
3101 4260 3212 4331 γὰρ
3268 4259 3470 4323 πάντες
3530 4260 3748 4314 ᾶπαντα

2165 4348 2340 4416 εἷπον,
2379 4350 2481 4404 ούκ
2520 4349 2757 4405 ἂν-πᾶσι
2792 4347 2932 4420 μετά
2959 4348 3197 4418 σπουδῆς
3224 4347 3609 4420 προσείχομεν,
3644 4349 3747 4421 ἀρ-

2166 4440 2389 4504 κοῦντος
2433 4440 2553 4502 ἐνδς
2597 4437 2807 4504 διδάξαι
2846 4435 2908 4491 τὸ
2952 4438 3095 4491 πᾶν·
3132 4438 3181 4489 εί
3224 4435 3285 4490 δὲ
3330 4436 3534 4500 πάντες
3568 4439 3747 4493 πάντα

2168 4528 2543 4599 ἐξηλλαγμένα
2582 4520 2756 4589 εἷπον,
2790 4524 2891 4578 οὐκ
2929 4522 2996 4577 ἂν
3019 4524 3195 4593 ἐφάνη
3215 4522 3275 4579 16
3299 4522 3400 4594 τῆς
3426 4526 3748 4594 συμφωνίας

2169 4619 2464 4690 ἐξαίρετον.
2500 4614 2601 4670 Διά
2624 4612 2784 4668 τοῦτο
2817 4613 2910 4668 καὶ
2948 4613 3101 4683 κοινῇ
3145 4611 3347 4675 πάντες
3382 4611 3554 4666 πολλὰ
3583 4613 3750 4687 ἐγρα-

2165 4707 2303 4777 ψαν,
2353 4705 2446 4761 καὶ
2483 4703 2601 4758 κατ’
2638 4701 2774 4757 ίδίαν
2815 4700 3045 4763 ἕκαστος
3094 4699 3404 4755 ἀπολαϐών.
3436 4701 3617 4775 Ὅπερ
3653 4701 3751 4759 οὖν

2166 4793 2401 4865 Χριστὸς
2447 4790 2537 4845 διὰ
2576 4790 2677 4862 τῆς
2720 4786 3039 4860 παραϐολῆς
3078 4787 3340 4852 διδάσκει,
3371 4786 3534 4843 τοῦτό
3573 4792 3745 4846 ἐστιν.

2170 4881 2491 4955 ’Ἄνθρωπός
2518 4896 2623 4943 τις,
2648 4879 2834 4950 φησὶν,
2861 4872 2932 4949 ἦν
2953 4876 3209 4941 πλούσιος
3249 4877 3420 4949 κακίᾳ
3443 4878 3612 4951 πολλῇ
3654 4896 3751 4932 συ-

2167 4970 2301 5037 ζῶν,
2326 4969 2580 5042 οὐδεμιᾶς
2608 4970 2801 5039 πεῖραν
2829 4965 3043 5037 ἐδέχετο
3070 4967 3380 5038 συμφορᾶς,
3404 4965 3542 5021 ἀλλά
3568 4966 3746 5034 πάντα

2166 5058 2317 5131 αὐτῷ
2347 5058 2539 5130 ὥσπερ
2560 5058 2625 5111 ἐκ
2646 5053 2837 5126 πηγῶν
2871 5053 3116 5126 ἐπέρρει.
3139 5054 3267 5107 ’Ότι
3308 5053 3419 5125 γὰρ
3446 5055 3599 5109 οὐδὲν
3634 5057 3749 5111 τῶν

2167 5147 2447 5217 ἀδοκήτων
2473 5142 2788 5199 συνέϐαινεν
2828 5141 2978 5212 αὐτῷ
2995 5180 3011 5204 ,
3048 5140 3155 5195 οὐδ’
3182 5140 3424 5212 ἀθυμίας
3451 5142 3747 5210 ὑπόθεσις,

2166 5236 2279 5290 οὐδ’
2318 5232 2607 5305 ἀνωμαλία
2636 5249 2722 5295 τις
2756 5229 3007 5300 βιωτικὴ,
3046 5227 3180 5283 αὐτὸ
3210 5227 3373 5283 τοῦτο
3417 5228 3640 5301 ᾐνίξατο
3686 5230 3752 5285 τὸ

2167 5327 2341 5382 εἰπεῖν
2358 5322 2409 5389 ἀ,
2435 5324 2517 5377 δτι
2549 5319 2878 5393 ηὐφραίνετο
2917 5319 3039 5373 καθ’
3072 5317 3305 5391 ἡμέραν.
3332 5318 3449 5371 Ὀτι
3490 5318 3547 5373 δὲ
3580 5318 3747 5389 κακίᾳ

2170 5415 2392 5487 συνέζη,
2420 5412 2577 5484 δῆλον
2611 5411 2709 5483 μὲν
2733 5406 2828 5465 καὶ
2862 5410 2929 5465 ἐκ
2948 5407 3043 5463 τοῦ
3072 5408 3329 5480 λαχόντος
3352 5407 3504 5479 αὐτῷ
3525 5408 3747 5470 τέλους.

2169 5508 2265 5562 καὶ
2286 5506 2393 5577 πρὸ
2413 5503 2507 5557 τοῦ
2533 5501 2720 5566 τέλους
2753 5501 2811 5554 6k
2838 5502 2904 5554 ἐκ
2944 5499 3046 5570 τῆς
3077 5501 3206 5572 περὶ
3236 5498 3328 5552 τὸν
3359 5499 3570 5569 πένητα
3596 5512 3749 5566 71w-

2173 5595 2341 5668 μένης
2372 5591 2694 5664 ὑπεροψίας.
2725 5590 2849 5644 Ὀτι
2890 5586 2999 5659 γὰρ
3037 5588 3097 5642 οὐ
3136 5586 3296 5659 μόνον
3324 5585 3532 5641 ἐκεῖνον
3567 5585 3657 5642 τὸν
3689 5584 3750 5640 ιν

2234 5817 2259 5859 ἀ
2283 5816 2429 5870 Savil.
2457 5817 2523 5881 τῷ
2552 5813 2710 5864 εἰπεῖν.
