4046 6146
346 312 454 376 9'39

352 439 526 484 autem
551 428 595 483 si
632 429 751 485 inec
779 429 1261 491 animadvertisset,
1309 434 1574 500 ingentem
1616 448 1680 488 ex
1713 432 1813 488 hac
1840 435 1922 489 ul-

349 519 496 574 tione
521 519 753 588 cepisset
780 520 1075 575 utilitatem.
1118 518 1223 574 Sed
1275 527 1448 574 tamen
1499 536 1565 576 ne
1608 522 1687 578 sic
1715 522 1925 592 quidem

354 619 626 665 correctus
654 618 758 665 est.
785 608 1028 666 Christus
1046 618 1223 667 autem
1256 611 1505 680 przescius
1519 619 1573 666 et
1587 611 1688 668 hoc
1706 624 1928 669 eventu-

356 715 497 768 rum,
528 716 633 756 non
662 702 763 757 hoc
804 709 1028 766 tantum,
1061 716 1246 757 verum
1276 702 1436 757 etiam
1462 703 1605 760 aliud
1631 703 1732 760 hoc
1762 706 1932 760 multo

358 791 530 862 majus
558 791 754 847 effecit.
784 792 913 847 Cum
942 791 1130 862 gladiis
1168 799 1222 846 et
1264 789 1491 846 fustibus
1528 793 1717 848 armati
1746 806 1936 849 manus

358 884 412 938 in
441 883 614 953 ipsum
657 892 906 952 pararent
950 882 1169 951 injicere
1206 881 1395 949 Judaei,
1430 891 1537 938 tum
1585 884 1705 940 illos
1749 898 1942 939 omnes

360 972 668 1028 exeat-cavit.
701 974 754 1027 Id
784 973 926 1027 enim
974 973 1283 1040 declaravit,
1327 988 1448 1029 cum
1489 974 1691 1030 diceret
1725 988 1742 1029 :
1777 975 1937 1040 Quem

358 1064 582 1129 quam'tis
626 1062 803 1135 (Joan.
851 1064 943 1119 18.
974 1061 1069 1134 4)?
1111 1063 1242 1120 Cum
1272 1064 1412 1119 enim
1442 1063 1605 1120 ludas
1637 1066 1939 1136 frequenter

361 1157 614 1211 dixisset:
650 1154 785 1220 Quid
823 1157 968 1210 vultis
1012 1158 1136 1210 mihi
1174 1156 1314 1221 dare,
1359 1167 1405 1212 et
1444 1175 1535 1228 ego
1578 1158 1712 1213 vobis
1739 1158 1939 1213 tradam

361 1263 472 1300 eum
503 1246 712 1319 (Matth.
743 1246 832 1302 ‘26.
863 1247 989 1316 15)?
1027 1247 1116 1303 ille
1149 1248 1334 1304 volens
1361 1248 1557 1304 Iudaeis
1597 1249 1935 1319 persuadere,

362 1337 782 1407 discipulumque
801 1337 1020 1403 docere,
1043 1353 1103 1394 se
1130 1338 1395 1394 volentem
1413 1338 1477 1393 ad
1507 1350 1729 1395 mortem
1757 1341 1857 1405 ire,
1886 1349 1942 1395 et

364 1428 544 1483 omnia
573 1429 737 1499 ipsius
761 1443 903 1497 esse,
935 1445 1033 1486 nec
1060 1429 1210 1486 Juda’:
1237 1430 1435 1484 malitia
1463 1432 1654 1486 victum
1679 1431 1783 1487 huc
1801 1432 1939 1501 adigi

366 1522 620 1592 potuisse,
665 1524 781 1593 ipso
826 1524 1096 1592 proditore
1136 1539 1256 1578 cum
1304 1524 1513 1579 caneris
1555 1525 1801 1580 omnibus
1843 1526 1941 1580 ad-

365 1622 557 1679 stante,
582 1612 759 1680 Quem,
785 1614 971 1684 inquit,
992 1615 1252 1685 qua'ritis?
1268 1615 1412 1670 Itane
1431 1631 1533 1669 non
1550 1623 1772 1670 noverat
1786 1631 1942 1687 quem

367 1715 484 1761 erat
513 1706 851 1777 proditurus?
880 1708 988 1762 Sed
1037 1709 1292 1763 Dominus
1335 1709 1630 1765 obcmcarat
1655 1710 1794 1766 illius
1818 1724 1946 1766 ocu-

370 1799 470 1863 los,
501 1811 597 1852 nec
619 1796 668 1852 id
696 1796 890 1862 solum,
913 1813 1094 1852 verum
1119 1799 1276 1853 etiam
1302 1814 1488 1855 omnes
1516 1800 1616 1856 hac
1639 1816 1769 1856 voce
1796 1815 1948 1856 resu-
1988 1839 1995 1843 .

373 1887 581 1956 pinatos
604 1887 799 1956 dejecit
840 1889 892 1942 in
924 1897 1140 1944 terram.
1189 1889 1290 1945 Ubi
1333 1906 1462 1945 vero
1490 1906 1588 1946 nec
1615 1907 1677 1946 ea
1713 1907 1798 1947 res
1828 1891 1947 1946 illos

376 1979 608 2036 reddidit
649 1980 1010 2044 humaniores,
1045 1996 1217 2051 neque
1243 1983 1560 2038 sceleratum
1590 1983 1737 2037 illum
1759 1998 1787 2037 a
1821 1998 1946 2052 pro-

374 2069 576 2126 ditione
602 2071 886 2139 revocavit,
905 2072 1000 2127 sed
1026 2072 1400 2142 perseverabat
1425 2073 1751 2139 insanabilis,
1784 2089 1849 2128 ne
1870 2074 1950 2128 sic

375 2162 587 2230 quidem
612 2162 874 2218 alienatus
898 2172 981 2218 est
1008 2164 1277 2230 Dominus,
1312 2179 1418 2234 quo
1454 2164 1630 2219 minus
1658 2180 1846 2219 rursus
1872 2164 1946 2218 illi

377 2264 487 2308 tum
513 2255 960 2320 benevolentiam,
994 2264 1103 2309 tum
1129 2270 1313 2311 curam
1340 2255 1692 2326 impenderet.
1715 2255 1820 2311 Sed
1852 2271 1949 2326 age

376 2346 675 2413 considera,
709 2361 866 2416 quam
903 2356 1198 2417 opportune
1240 2348 1602 2417 impudentem
1632 2355 1811 2417 tangat
1832 2348 1948 2400 ani-

376 2453 541 2501 mum,
568 2445 622 2493 et
648 2452 711 2494 ea
736 2438 999 2509 loquatur,
1026 2455 1144 2510 qua:
1168 2439 1250 2493 vel
1277 2454 1489 2503 saxeam
1509 2447 1737 2494 mentem
1756 2446 1953 2508 queant

377 2530 641 2586 emollire.
694 2531 904 2586 Etenim
948 2531 1105 2585 simul
1152 2538 1311 2600 atque
1350 2531 1512 2586 ludas
1542 2530 1860 2586 accessisset
1884 2529 1951 2583 ad

377 2640 500 2680 eum
528 2624 881 2688 osculaturus,
909 2622 1036 2693 quid
1063 2623 1172 2679 ait?
1192 2623 1355 2693 Iuda,
1383 2622 1555 2679 osculo
1569 2622 1760 2678 Filium
1784 2623 1952 2678 Itami-

380 2716 460 2770 nis
488 2714 658 2785 prodis
684 2714 833 2786 (Luc.
854 2714 944 2768 22.
973 2714 1104 2786 48)?
1132 2714 1240 2770 Nec
1268 2714 1377 2784 ipsa
1406 2713 1721 2785 proditionis
1749 2715 1953 2784 species

379 2804 635 2875 pudorem
658 2805 879 2859 incutit?
904 2804 1029 2859 Hice
1052 2814 1230 2860 autem
1258 2805 1469 2860 dicebat
1508 2813 1695 2861 taxans
1725 2820 1789 2861 ac
1816 2821 1950 2875 pun-

378 2911 510 2965 gens
536 2895 702 2960 illum,
742 2896 1085 2966 pristinmque
1111 2896 1593 2952 commonefaeiens
1615 2896 1954 2952 consuetudic

381 2987 484 3040 nis.
512 2989 759 3041 Attamen
791 3001 910 3041 cum
953 2986 1195 3041 Christus
1223 2995 1329 3041 tam
1373 2989 1538 3043 multa
1580 2996 1689 3043 tum
1719 2988 1951 3056 fecisset,

384 3089 494 3131 tum
524 3077 763 3142 dixisset,
797 3079 885 3132 ille
916 3088 1089 3132 tamen
1117 3077 1282 3134 nihilo
1303 3077 1472 3134 factus
1500 3088 1583 3133 est
1607 3079 1816 3146 melior,
1848 3094 1954 3133 non

383 3171 526 3239 quod
554 3185 737 3241 parum
768 3180 910 3226 esset
935 3179 1126 3242 potens
1145 3173 1232 3242 qui
1261 3172 1530 3239 monebat,
1566 3173 1657 3227 sed
1699 3173 1839 3243 quod
1870 3174 1957 3229 ille

385 3278 591 3318 vecors.
641 3262 887 3318 Christus
928 3273 1105 3319 autem
1150 3279 1269 3319 cum
1302 3265 1415 3321 hmc
1441 3266 1616 3320 omnia
1665 3267 1953 3336 prmseiret,

384 3370 490 3410 non
516 3354 672 3409 desiit
700 3363 873 3409 tamen
899 3355 967 3409 ab
994 3355 1145 3411 initio
1175 3372 1339 3426 usque
1364 3357 1428 3411 ad
1452 3358 1610 3411 finem
1638 3371 1786 3412 suam
1812 3358 1961 3412 exhi-

386 3446 514 3501 bere
539 3446 938 3516 benignitatem.
969 3445 1035 3500 Et
1059 3460 1155 3500 nos
1184 3446 1341 3517 igitur
1364 3462 1482 3501 cunt
1500 3446 1614 3503 haec
1635 3449 1957 3513 noverimus,

384 3538 749 3606 dilectissimi,
798 3538 1053 3593 debemus
1093 3537 1501 3609 infatigabiliter,
1558 3555 1620 3595 ac
1667 3555 1763 3610 per
1805 3554 1963 3595 omne

388 3641 598 3700 tempus
617 3630 807 3686 fratres
826 3640 1038 3686 nostros
1058 3631 1325 3702 neglectos
1350 3633 1611 3687 instruere
1634 3647 1697 3687 ac
1721 3647 1959 3701 monere,

387 3722 594 3776 etiamsi
639 3722 767 3776 nihil
811 3738 875 3778 ex
906 3722 1268 3778 admonitione
1309 3723 1510 3778 fructus
1549 3724 1619 3779 sit
1644 3724 1960 3779 rediturum.

392 3815 600 3869 Etenim
630 3815 675 3870 si
701 3815 955 3869 Dominus
983 3816 1072 3886 qui
1103 3824 1443 3885 prtenoverat
1489 3816 1788 3887 lmjusmodi
1814 3816 1960 3870 futu-

392 3921 507 3959 rum
535 3916 803 3973 eventum,
833 3905 933 3962 hac
961 3921 1086 3962 usus
1129 3915 1211 3962 est
1249 3906 1607 3963 sollicitudine
1647 3921 1772 3979 erga
1818 3921 1962 3973 eum,

392 3999 482 4069 qui
529 3999 660 4054 nihil
703 3998 904 4055 fructus
932 3999 1133 4055 laturus
1159 4008 1275 4055 erat
1322 4015 1387 4055 ex
1433 3999 1833 4056 admonitione:
1862 4015 1964 4072 qua

392 4090 608 4146 tandem
633 4091 787 4146 venia
818 4091 962 4162 digni
992 4090 1247 4147 fuerimus
1272 4108 1386 4158 nos,
1412 4092 1479 4159 si,
1501 4107 1623 4148 cum
1646 4093 1877 4148 incertus
1898 4093 1968 4147 sit

390 4180 551 4235 nobis
578 4195 757 4234 rerum
798 4189 1039 4244 eventus,
1084 4181 1218 4235 adeo
1261 4181 1514 4236 socordes
1542 4181 1799 4237 fuerimus
1823 4180 1966 4238 circa

395 4272 625 4342 proximi
667 4271 912 4334 salutem,
940 4280 1059 4340 post
1084 4272 1241 4325 una‘m
1271 4280 1431 4342 atque
1472 4272 1692 4327 alteram
1721 4271 1965 4328 admoni-

398 4364 598 4419 tionem
628 4378 721 4418 eos
746 4362 1085 4417 deserentes?
1128 4363 1363 4433 Denique
1405 4372 1602 4433 praeter
1650 4364 1765 4419 haec
1791 4364 1966 4419 omnia

397 4471 518 4527 qua:
539 4454 677 4510 dicta
706 4465 852 4521 sunt,
879 4455 1038 4509 etiam
1069 4455 1194 4523 quid
1225 4455 1277 4509 in
1306 4455 1458 4510 nobis
1478 4455 1608 4525 ipsis
1620 4457 1826 4511 accidat
1839 4472 1971 4511 con-

374 4536 717 4612 'sideremus,
749 4552 1055 4615 reputantes
1073 4544 1212 4615 quod
1231 4559 1350 4600 cum
1376 4545 1538 4601 Deum
1562 4547 1715 4602 nobis
1734 4549 1972 4617 quotidie

401 4635 715 4706 loquentem
735 4650 833 4707 per
850 4634 1156 4706 prophetas,
1175 4650 1270 4705 per
1288 4636 1557 4706 apostolos
1577 4637 1866 4693 oscitanter
1879 4655 1974 4696 au-

399 4729 629 4797 diamus,
658 4728 798 4784 haud
824 4736 1001 4784 tamen
1028 4727 1224 4783 desinit
1247 4728 1330 4783 vel
1355 4728 1645 4798 appellare,
1673 4730 1757 4785 vel
1778 4729 1974 4786 docere

404 4823 630 4877 rebelles
658 4836 948 4892 parumque
987 4828 1238 4876 attentos.
1270 4820 1409 4889 Quin
1440 4829 1496 4877 et
1523 4821 1717 4877 Paulus
1757 4822 1971 4889 clamat,

400 4915 585 4969 dicens
610 4931 624 4968 :
651 4913 755 4967 Pro
777 4912 975 4968 Christo
1000 4912 1246 4983 legatione
1274 4912 1552 4983 fungimur,
1585 4921 1836 4983 tamquam
1864 4910 1976 4967 Deo

404 5021 492 5074 per
512 5020 603 5058 nos
622 5004 928 5070 obsecrante,
954 5019 1192 5074 rogamus
1214 5019 1306 5073 pro
1328 5002 1544 5070 Christo,
1585 5002 1977 5058 reconciliandni

404 5094 514 5149 Deo
536 5094 617 5164 (Ξ.
645 5094 762 5151 Cor.
789 5095 845 5149 5.
871 5093 985 5166 20).
1009 5094 1161 5161 Quod
1185 5095 1231 5149 si
1254 5093 1537 5150 dicendum
1558 5093 1754 5164 aliquid
1775 5107 1975 5150 novum

403 5194 459 5241 et
474 5184 862 5250 admirandum,
878 5184 1017 5240 haud
1030 5186 1363 5242 tantumdem
1380 5185 1551 5241 laudis
1570 5195 1803 5241 meretur
1824 5186 1872 5241 is
1887 5185 1977 5256 qui

406 5279 620 5349 praescit
644 5276 897 5346 futurum,
925 5287 984 5332 ut
1023 5278 1069 5334 is
1095 5279 1183 5350 qui
1212 5279 1493 5334 consilium
1538 5279 1730 5349 accipit
1766 5279 1976 5335 obtem-

407 5376 577 5440 peret,
607 5378 765 5438 atque
789 5368 859 5422 ita
887 5368 939 5421 in
968 5368 1295 5424 consulendo
1315 5377 1639 5439 perseverat,
1661 5377 1915 5440 quantum
1932 5369 1978 5425 is

404 5461 498 5531 qui
523 5459 829 5530 frequenter
868 5459 1138 5530 loquutus,
1183 5460 1486 5531 frequenter
1529 5461 1763 5518 adhibita
1802 5463 1977 5520 moni-

411 5551 575 5616 tione,
606 5550 889 5606 frustratus
917 5559 1019 5617 est,
1051 5565 1149 5606 nec
1175 5551 1252 5606 sic
1275 5560 1449 5607 tamen
1476 5552 1699 5608 destitit.

482 5640 612 5698 Plus
626 5651 842 5696 meretur
864 5643 948 5713 qui
971 5652 1117 5696 curat
1140 5643 1487 5698 insanabilem.
1505 5673 1574 5685 -
1594 5644 1725 5700 Nam
1748 5645 1978 5715 priorem

411 5726 558 5784 illum
587 5744 712 5802 spes
735 5732 923 5791 futurae
946 5732 1200 5790 auditoris
1226 5733 1606 5807 obsequentia,
1645 5737 1854 5794 etiamsi
1889 5753 1976 5795 sc-

1569 321 1652 376 DE
1676 320 1949 376 IJAZARO
1985 317 2227 377 CONCIO
2269 320 2309 373 Ι.

3499 322 3603 378 970

2032 439 2321 506 gnissimus
2352 438 2527 503 fuerit,
2551 437 2746 494 excitat
2774 437 2841 492 ad
2866 435 3096 492 ofﬁciunt
3113 437 3461 495 admonendi:
3481 453 3609 493 ωη-

2034 541 2113 584 tra
2146 530 2230 584 hic
2256 544 2375 585 eum
2406 529 2617 584 assidue
2647 536 2879 592 moneat,
2911 542 3009 584 nec
3036 528 3300 595 audiatur,
3326 544 3426 584 nec
3450 544 3516 584 eo
3534 537 3610 584 ta-

2036 640 2156 680 men
2185 623 2425 688 desistat,
2466 620 2837 676 fervidissimte
2884 619 3160 691 cujusdam
3208 635 3274 678 ac
3321 621 3610 677 verissima:

2036 717 2274 771 caritatis
2320 721 2691 783 argumentum
2723 711 2939 781 praabet,
2974 711 3064 781 qui
3107 727 3229 766 cum
3258 712 3401 766 nulla
3450 710 3608 766 simili

2037 822 2133 876 spe
2160 808 2350 869 alatur,
2383 814 2557 860 tamen
2587 803 2658 858 ob
2697 803 2802 857 vim
2840 803 3037 857 amoris
3078 816 3203 871 erga
3250 800 3466 856 fratrem
3509 816 3613 855 non

2038 899 2234 954 desinit
2261 898 2401 953 illius
2429 910 2585 967 agere
2613 909 2817 949 curam.
2843 892 3042 949 Verum
3086 907 3191 947 non
3232 901 3480 962 oportere
3518 904 3616 945 nos

2043 1003 2293 1059 umquam
2318 987 2578 1044 desistere
2605 1000 2636 1041 a
2663 999 2790 1039 cura
2814 985 3105 1055 lapsormn,
3133 982 3341 1038 etiamsi
3373 982 3618 1052 praescia-

2043 1096 2161 1136 mus
2191 1080 2311 1135 illos
2336 1078 2488 1133 nobis
2517 1092 2622 1132 non
2648 1077 3130 1146 obtemperaturos,
3160 1072 3371 1129 abunde
3390 1072 3617 1128 demon-

2044 1182 2265 1227 stratum
2292 1179 2396 1226 est.
2424 1169 2680 1238 Superest
2705 1175 2763 1221 ut
2805 1167 2870 1220 ad
2914 1181 3100 1221 eorum
3143 1164 3619 1235 reprehensionem

2043 1273 2396 1326 transeamus,
2423 1261 2511 1330 qui
2538 1257 2744 1314 deliciis
2773 1256 3062 1325 indulgent.
3093 1255 3270 1309 Donec
3293 1255 3433 1310 enim
3462 1254 3631 1309 dura-:

2044 1355 2113 1409 rit
2154 1353 2255 1407 hoc
2303 1351 2516 1415 festum,
2560 1349 2733 1403 donec
2775 1346 3049 1403 ebrietatis
3095 1346 3313 1400 vulnera
3358 1346 3621 1400 mentibus

2045 1445 2378 1498 ebriosorum
2411 1442 2661 1497 inﬂixerit
2687 1440 2950 1506 diabolus,
2977 1445 3191 1508 Oportet
3221 1446 3277 1492 et
3306 1452 3402 1492 nos
3427 1437 3616 1491 admo-

2048 1553 2170 1592 vere
2199 1536 2450 1592 remedia.

2118 1630 2170 1684 6.
2214 1628 2336 1682 lleri
2359 1626 2570 1697 quidem
2596 1625 2813 1681 Paulum
2837 1623 2941 1677 illis
2962 1623 3307 1692 opposuimus
3335 1621 3619 1676 dicentem:

2051 1719 2169 1775 Sive
2195 1718 2364 1784 editis,
2395 1717 2495 1772 sive
2520 1715 2706 1782 bibitis,
2737 1715 2839 1769 sive
2864 1712 3004 1767 aliud
3032 1712 3216 1784 facitis,
3241 1712 3409 1765 onmia
3431 1711 3482 1764 in
3511 1713 3623 1780 910·-

2049 1812 2178 1864 riam
2208 1810 2297 1864 Dei
2337 1809 2488 1879 facite
2517 1808 2592 1879 (Ι.
2637 1806 2755 1861 Cor.
2794 1806 2880 1862 l0.
2926 1805 3041 1874 51).
3089 1804 3257 1858 llodie
3286 1816 3412 1857 vero
3453 1802 3625 1871 ipsum

2052 1903 2200 1958 Pauli
2233 1903 2512 1957 Dominum
2542 1901 2645 1955 illis
2675 1899 3025 1969 proferemus,
3074 1911 3182 1951 non
3232 1894 3391 1949 modo
3437 1909 3628 1949 consu-

2053 1997 2248 2051 lentem
2297 2004 2389 2049 aut
2432 2002 2737 2048 monentem
2778 2007 2807 2045 a
2854 1990 3057 2045 deliciis
3103 1988 3392 2053 abstinere,
3441 2002 3628 2041 verum

2053 2089 2210 2144 etiam
2243 2088 2583 2141 insultantem
2611 2099 2673 2139 ac
2713 2083 3016 2153 punientem
3045 2095 3189 2145 eum,
3225 2078 3314 2148 qui
3342 2077 3395 2132 in
3426 2076 3630 2133 deliciis

2053 2183 2280 2238 vixeral.
2305 2178 2439 2239 Nam
2466 2178 2688 2233 historia
2717 2176 2785 2231 de
2813 2174 2979 2230 divite
3004 2188 3068 2228 ac
3106 2172 3325 2235 Lazaro,
3367 2169 3540 2239 deque
3568 2168 3631 2223 iis

2054 2289 2172 2344 qua:
2202 2271 2409 2341 utrique
2434 2267 2761 2331 acciderunt,
2792 2265 2925 2319 nihil
2951 2261 3093 2319 aliud
3122 2277 3281 2333 quam
3314 2259 3414 2314 hoc
3443 2258 3630 2314 decla-

2056 2373 2157 2417 rat.
2186 2362 2320 2429 Quin
2363 2361 2556 2431 potius,
2598 2373 2667 2414 ne
2709 2358 2899 2413 leviter
2943 2354 3045 2409 hoc
3071 2362 3163 2408 aut
3191 2352 3365 2408 obiter
3389 2364 3631 2421 agamus,

2055 2458 2243 2513 ordine
2286 2456 2437 2510 vobis
2484 2454 2651 2522 ipsam
2697 2448 2999 2520 parabolam
3048 2445 3425 2502 reeitahimus:
3466 2440 3635 2495 [fama

2056 2548 2259 2614 quidam
2306 2554 2412 2600 erat
2457 2544 2614 2608 diues,
2645 2550 2690 2596 et
2716 2540 3015 2595 induebatur
3039 2551 3268 2607 purpura
3303 2550 3362 2587 ac
3390 2534 3557 2603 bysso,
3585 2540 3632 2585 et

2057 2642 2354 2714 epulabatur
2401 2637 2620 2710 quotidie
2660 2632 2940 2711 splendide.
2986 2631 3115 2685 Erat
3157 2637 3325 2682 autem
3379 2625 3634 2679 mendicus

2057 2734 2263 2805 quidam
2304 2731 2506 2785 nomine
2532 2727 2775 2791 Lazarus,
2808 2725 2894 2795 qui
2910 2720 3114 2793 jaccbat
3156 2721 3209 2773 in
3236 2716 3475 2773 vestibulo
3500 2716 3636 2769 illius

2057 2827 2331 2889 ulcerosus,
2358 2821 2660 2892 cupiensque
2693 2816 2915 2871 saturari
2946 2815 3007 2867 de
3030 2810 3173 2866 micis
3201 2825 3314 2880 quia
3344 2807 3636 2862 decidebant

2059 2935 2086 2971 e
2111 2931 2282 2969 mensa
2311 2912 2498 2966 divitis.
2528 2908 2634 2965 Sed
2657 2917 2706 2962 et
2735 2923 2883 2960 canes
2910 2905 3166 2967 adeuntes,
3195 2897 3636 2969 circumlingebant

2059 3008 2231 3063 ulcera
2267 3008 2377 3075 eius
2414 3002 2567 3074 (Luc.
2599 3000 2684 3056 l6.
2720 2996 2831 3071 19).
2860 2996 3021 3066 Cujus
3046 2993 3211 3064 gratia
3258 2990 3513 3046 Dominus
3544 3003 3637 3057 per

2061 3099 2338 3172 parabolas
2382 3097 2628 3165 loquutus
2655 3091 2746 3158 sit,
2791 3099 2847 3144 et
2881 3102 3038 3158 quam
3067 3084 3296 3140 tamdem
3329 3083 3397 3135 ob
3422 3095 3645 3172 causam.

2061 3163 2131 3249 ex
2158 3188 2423 3262 parabolis
2438 3163 2571 3240 alias
2590 3181 2804 3254 quidem
2820 3175 3185 3247 explicaverit,
3207 3174 3340 3226 alias
3360 3187 3465 3225 non
3489 3163 3637 3223 item:

2063 3292 2117 3338 et
2148 3260 2397 3353 quidnam
2431 3277 2500 3332 sit
2527 3272 2794 3345 parabole,
2822 3279 2878 3326 et
2905 3269 2947 3323 si
2976 3281 3073 3337 qua
3101 3274 3226 3320 sunt
3249 3263 3405 3333 hujus
3431 3260 3640 3331 generis

2065 3376 2187 3441 alia,
2220 3375 2274 3427 in
2305 3369 2445 3424 aliud
2477 3379 2685 3435 tempus
2710 3360 3124 3424 reservabimus,
3148 3370 3213 3410 ne
3232 3355 3300 3409 ab
3328 3361 3641 3422 argumento

2066 3482 2207 3521 nunc
2229 3469 2448 3533 urgente
2467 3456 2842 3528 digrediamur.
2865 3451 3126 3506 Cteterum
3154 3445 3282 3502 illud
3310 3444 3469 3499 modo
3493 3442 3642 3497 vobis

2066 3559 2304 3613 dicemus
2342 3554 2394 3608 in
2424 3547 2727 3621 prtesenlia,
2758 3544 2876 3616 quis
2910 3539 3349 3611 evangelistarum
3375 3533 3643 3604 scripserit

2068 3649 2204 3703 hanc
2230 3643 2533 3717 parabolam
2560 3655 2588 3694 a
2614 3637 2831 3694 Christo
2858 3634 3019 3689 fuisse
3036 3628 3385 3703 propositam?
3400 3626 3529 3694 Quis
3546 3625 3612 3694 igi
3630 3656 3645 3665 -

2071 3751 2154 3795 tur
2181 3741 2225 3795 is
2261 3736 2377 3793 est?
2405 3733 2664 3789 Nimirum
2707 3729 2880 3785 Lucas
2921 3719 3549 3794 soluszquandoqnidem
3592 3725 3646 3770 et

2069 3832 2172 3887 hoc
2190 3830 2328 3886 scire
2348 3826 2531 3892 refert,
2554 3821 2695 3895 quod
2718 3821 2854 3876 inter
2874 3834 2935 3874 ea
2955 3832 3074 3888 qua:
3096 3814 3396 3873 referuntur
3411 3811 3478 3866 ab
3492 3825 3646 3865 evan.

2069 3921 2291 3992 gelistis,
2317 3918 2417 3973 alia
2442 3917 2686 3971 dicantur
2707 3924 2739 3965 a
2756 3918 2983 3983 quatuor
3009 3904 3383 3969 communiter,
3404 3901 3508 3956 alia
3528 3915 3646 3970 spe-

2072 4012 2250 4068 ciatim
2273 4026 2302 4063 a
2329 4007 2573 4079 singulis.

2148 4100 2482 4170 Evangelista:
2490 4111 2585 4151 cur
2595 4084 2696 4150 non
2709 4094 2888 4149 omnia
2900 4089 3203 4158 scripserint
3216 4086 3413 4145 eadem.
3422 4083 3646 4151 —Quam

2068 4196 2143 4250 ob
2168 4190 2422 4250 causam?
2467 4189 2534 4246 Ut
2565 4186 2722 4244 simul
2747 4194 2804 4243 et
2837 4183 2990 4240 nobis
3025 4187 3171 4238 esset
3196 4177 3493 4235 necessaria
3521 4175 3649 4231 reli—
3699 4234 3705 4251 ι

2075 4301 2300 4356 quorum
2324 4298 2473 4339 sacra
2494 4280 2670 4345 lectio,
2694 4288 2749 4333 et
2768 4276 3039 4333 evidenter
3061 4271 3334 4344 perspicua
3356 4270 3505 4324 lieret
3527 4268 3646 4321 illo-

2077 4393 2193 4432 rum
2215 4375 2355 4430 inter
2377 4374 2518 4444 ipsos
2537 4367 2900 4426 consonantia.
2934 4364 3142 4421 Etenim
3176 4363 3223 4418 si
3260 4374 3444 4415 omnes
3472 4358 3647 4413 omnia

2074 4466 2347 4531 dixissent,
2380 4475 2713 4533 nequaquam
2750 4458 2817 4513 ad
2845 4464 3032 4512 omnes
3066 4468 3186 4509 cum
3213 4451 3397 4508 studio
3417 4448 3648 4503 animum

2077 4555 2477 4625 adjecissemus,
2510 4565 2630 4606 cum
2661 4562 2797 4603 unus
2836 4546 2904 4601 ad
2941 4544 3119 4600 omnia
3143 4541 3379 4599 docenda
3416 4538 3651 4596 sull‘ecis-
3688 4581 3692 4584 ‹

2076 4659 2185 4716 set;
2225 4647 2306 4702 sin
2343 4655 2521 4702 autem
2562 4655 2749 4697 omnes
2792 4639 3002 4694 diversa
3041 4635 3220 4692 omnia
3258 4643 3418 4703 atque
3454 4630 3653 4684 variata

2075 4738 2436 4811 protulissent,
2470 4745 2798 4804 nequaquam
2826 4727 3046 4800 insignis
3086 4725 3295 4781 illorum
3324 4719 3652 4792 apparuisset

2076 4807 2379 4884 concordia.
2431 4825 2767 4893 Quapmpter
2804 4828 2860 4876 et
2900 4832 3087 4874 omnes
3113 4811 3466 4871 communiter
3491 4807 3654 4863 multa

2076 4920 2424 4989 scripserunt,
2452 4925 2508 4970 et
2520 4914 2620 4969 sibi
2649 4912 2870 4982 quisque
2891 4908 3104 4979 proprie
3132 4904 3358 4974 sumpsit
3377 4899 3652 4955 nonnulla.

2080 5009 2193 5063 Hoc
2208 5007 2365 5078 igitur
2379 5004 2506 5060 illud
2525 5001 2769 5073 est,quod
2790 5016 2882 5071 per
2898 4997 3199 5070 parabolam
3216 4994 3373 5048 docet
3391 4990 3654 5047 Christus.

2080 5099 2251 5154 Homo
2273 5096 2487 5168 quidam
2513 5105 2627 5151 erat
2653 5094 2802 5149 dives
2822 5133 2836 5157 ,
2867 5091 3020 5160 cujus
3044 5090 3147 5143 vita
3179 5085 3339 5140 variis
3378 5083 3519 5138 vitiis
3544 5091 3657 5137 erat
3685 5130 3691 5139 .

2080 5189 2347 5262 inquinata
2368 5231 2383 5253 ,
2425 5201 2524 5243 nec
2555 5187 2668 5256 ipse
2693 5196 2866 5240 tamen
2904 5182 3065 5236 ullam
3099 5177 3363 5233 sentiebat
3389 5175 3661 5230 calamita-

2081 5292 2222 5347 tem,
2270 5295 2453 5335 verum
2497 5278 2570 5333 illi
2607 5284 2793 5332 cuncta
2832 5273 2975 5328 velut
3012 5286 3044 5326 e
3083 5268 3316 5325 fontibus
3349 5264 3656 5322 affluebant.

2081 5371 2233 5443 Quod
2258 5373 2398 5427 enim
2419 5370 2494 5424 illi
2517 5368 2646 5423 nihil
2669 5365 2920 5422 acciderit
2940 5362 3172 5419 subitum
3199 5370 3289 5414 aut
3308 5358 3657 5428 inopinatum,

2083 5478 2183 5520 nec
2209 5464 2311 5519 ulla
2340 5460 2542 5516 doloris
2569 5457 2810 5516 materia.
2853 5470 2955 5511 nec
2973 5454 3136 5509 ullum
3165 5453 3214 5506 in
3246 5450 3408 5505 rebus
3437 5447 3658 5502 munda-

2085 5555 2168 5610 nis
2193 5551 2605 5615 incommodum,
2638 5549 2739 5605 hoc
2771 5548 2942 5619 ipsum
2981 5543 3402 5617 aperuitLueas,
3439 5539 3656 5595 dicens:
3699 5581 3701 5599 ξ

2084 5644 2360 5700 laetabatur
2384 5651 2438 5698 et
2472 5639 2732 5710 gaudebat
2760 5638 3014 5708 quotidie.
3048 5634 3309 5691 Cancrum
3339 5631 3480 5703 quod
3502 5628 3656 5684 vitio-

2085 5752 2198 5794 sam
2226 5736 2392 5807 egerit
2429 5734 2609 5799 vitam,
2636 5731 2973 5802 perspicuum
3001 5739 3077 5785 est
3105 5744 3169 5784 ex
3203 5729 3317 5798 ipso
3341 5734 3460 5781 Vita:
3490 5724 3656 5783 exitu,

2267 5903 2284 5929 I
