4046 6146
473 311 565 368 971
1201 317 1258 373 8.
1288 318 1564 377 JOANNiS
1598 324 2066 383 CHRYSOSTOMI
2095 329 2413 386 ARCIHEP.
2447 332 2975 389 CONSTANTINOP.
3612 337 3700 394 972

469 433 628 488 quem
644 420 866 476 sortitus
884 431 982 488 est,
1005 432 1057 481 et
1080 424 1203 480 item
1226 437 1347 484 ante
1373 430 1494 484 vitae
1521 433 1715 486 exitum
1736 449 1799 487 ex
1819 451 1884 490 eo
1905 435 2046 506 quod

468 511 548 566 sic
591 512 843 568 fastidivit
872 529 1176 586 pauperem.
1219 518 1352 575 Nam
1381 523 1477 576 ista
1505 539 1590 578 res
1615 524 1865 593 declarat,
1908 530 2048 598 quod

471 616 576 656 non
612 601 766 672 hujus
788 605 961 660 solum
989 609 1076 678 qui
1103 608 1307 678 iacebat
1343 613 1393 666 in
1419 615 1701 683 vestibulo,
1741 634 1930 673 verum
1951 637 2048 676 nec

465 692 685 746 alterius
707 695 1013 765 cujusquam
1038 699 1126 754 ille
1147 701 1394 758 misertus
1413 703 1588 762 fuerit.
1612 708 1817 763 Etenim
1839 711 1880 764 si
1901 711 2046 766 illum

471 795 727 851 perpetuo
765 785 818 840 in
851 787 1111 843 vestibulo
1136 802 1477 860 prostratum,
1508 811 1664 865 quem
1698 801 1932 868 quotidie
1957 817 2046 855 se-

468 871 576 926 mel
619 883 776 943 atque
809 875 997 931 iterum
1044 894 1106 934 ac
1131 882 1327 948 saepius
1356 884 1534 941 videre
1559 890 1860 958 cogebatur,
1907 893 2045 950 foras

471 963 721 1029 prodiens
747 981 810 1020 ac
837 966 1052 1022 domum
1077 970 1286 1027 rediens
1317 993 1330 1027 :
1377 991 1483 1030 non
1509 979 1650 1033 enim
1681 981 1732 1033 in
1760 981 1918 1048 bivio,
1949 999 2046 1039 nec

469 1052 521 1104 in
551 1055 826 1124 angiportu
852 1100 868 1122 ,
914 1060 1188 1116 occultove
1231 1064 1346 1119 loco
1389 1066 1774 1137 decumbebat,
1821 1074 1913 1127 sed
1943 1091 2042 1144 qua

469 1145 775 1214 frequenter
800 1151 976 1205 exibat
1002 1152 1336 1224 intrabatque
1361 1158 1509 1213 dives
1531 1201 1546 1226 ,
1569 1161 1645 1216 sic
1666 1172 1721 1215 ut
1750 1164 1831 1217 vel
1861 1167 2044 1220 nolens

467 1238 705 1306 aspicere
742 1253 1055 1310 cogeretur;
1103 1245 1148 1298 si
1175 1247 1332 1311 hunc,
1377 1248 1608 1318 inquam,
1641 1269 1744 1306 non
1777 1263 1858 1308 est
1895 1271 2041 1308 com-

468 1327 772 1398 miseratus,
817 1342 958 1387 tanta
990 1334 1238 1391 afﬂictum
1270 1340 1601 1405 mgritudine,
1635 1343 1685 1395 in
1719 1356 1952 1414 egestate
1983 1362 2045 1401 ac

468 1422 688 1486 penuria
725 1423 883 1477 vitam
917 1425 1237 1495 degentem,
1280 1432 1363 1485 vel
1411 1434 1584 1501 potius
1623 1445 1733 1489 toto
1767 1437 1888 1491 vita:
1934 1454 2046 1493 sum

471 1524 708 1583 tempore
739 1517 923 1571 inorbo
965 1529 1124 1589 atque
1165 1522 1300 1575 adeo
1328 1525 1644 1592 gravissimo
1692 1526 2041 1596 laborantem,

468 1606 741 1674 cnjusnam
771 1609 910 1663 obvii
943 1610 1189 1666 misertus
1217 1615 1400 1668 esset?
1439 1616 1648 1672 Etenim
1679 1629 1738 1675 ut
1769 1621 1936 1688 primo
1959 1624 2045 1679 die

469 1699 780 1768 neglexerit,
822 1713 967 1758 certe
1003 1715 1416 1762 consentaneum
1461 1721 1606 1778 erat,
1644 1722 1700 1767 ut
1745 1715 1916 1770 altero
1959 1717 2045 1770 die

467 1791 687 1845 sentiret
716 1793 913 1862 aliquid
943 1795 1181 1850 affectus.
1217 1798 1372 1873 Quod
1401 1801 1442 1854 si
1476 1800 1577 1855 hoc
1596 1818 1805 1873 quoque
1832 1806 1915 1860 die
1935 1806 2045 1862 dis-

468 1882 752 1950 simulavit,
784 1895 927 1940 certe
959 1889 1114 1941 tertio
1137 1870 1242 1955 die,
1275 1903 1419 1946 certe
1436 1904 1645 1962 quarto,
1666 1907 1814 1951 certe
1837 1900 2038 1966 quinto,

467 1980 558 2026 aut
595 1973 717 2030 huic
760 1980 1000 2046 proximo
1040 1980 1125 2035 die
1161 1997 1377 2050 prorsus
1405 1985 1583 2038 animo
1613 1986 1750 2042 ﬂecti
1796 1990 2042 2058 debebat,

467 2063 589 2118 licet
616 2064 741 2121 feris
766 2083 977 2139 quoque
1008 2069 1190 2126 fuisset
1212 2074 1480 2128 immitior.
1503 2075 1696 2130 Verum
1719 2077 1849 2134 nihil
1871 2079 2046 2135 istius-

466 2153 609 2207 modi
639 2157 826 2222 sensit,
862 2158 953 2211 sed
982 2159 1074 2213 illo
1100 2175 1311 2230 quoque
1331 2163 1528 2232 judice,
1555 2166 1644 2234 qui
1670 2182 1843 2237 neque
1875 2169 2044 2225 Deum

469 2247 755 2312 metuebat,
790 2263 887 2303 nec
920 2248 1187 2306 hominem
1225 2256 1582 2323 reverebatur,
1611 2269 1664 2314 et
1688 2260 2046 2330 impudentior

467 2344 582 2390 erat
608 2346 658 2391 et
687 2338 1074 2396 inexorabilior.
1105 2342 1234 2398 Nam
1260 2345 1403 2400 illum
1421 2348 1632 2417 quidem
1659 2352 1827 2408 vidua:
1850 2355 2044 2409 instan-

469 2427 564 2495 tia,
603 2431 846 2498 quamvis
889 2433 1156 2488 crudelem
1195 2446 1248 2491 et
1275 2453 1543 2506 asperum,
1587 2451 1760 2498 tamen
1795 2445 1939 2500 ﬂexit
1978 2447 2044 2501 ad

466 2521 888 2588 gratificandum,
929 2527 1159 2597 vicitque
1199 2531 1437 2585 mulieris
1481 2536 1795 2602 supplicatio
1838 2554 1854 2600 ξ
1904 2537 2047 2594 hunc

469 2626 595 2668 vero
625 2631 689 2668 ne
711 2615 810 2669 ista
837 2615 1047 2686 quidem
1080 2633 1164 2672 res
1191 2620 1405 2676 ﬂectere
1431 2624 1598 2690 potuit
1624 2627 1690 2679 ad
1729 2628 2047 2685 subvenien-

467 2702 590 2756 dum
624 2707 860 2774 pauperi.
899 2706 1223 2778 Quamquam
1253 2726 1358 2765 non
1385 2723 1500 2767 erat
1523 2714 1708 2771 similis
1740 2719 2042 2788 postulatio,

467 2792 561 2846 sed
591 2793 765 2862 hujus,
799 2811 988 2866 nempe
1009 2796 1214 2868 Lazari,
1240 2800 1406 2854 multo
1433 2800 1530 2856 fuit
1554 2812 1660 2858 tum
1691 2805 1910 2874 facilior,
1936 2819 2043 2865 tum

466 2883 675 2952 jnstior.
700 2884 831 2940 Nam
865 2887 1014 2942 vidua
1045 2889 1255 2958 quidem
1281 2891 1422 2946 illum
1450 2894 1764 2963 implorabat
1789 2899 2044 2956 adversus

471 2973 648 3030 hostes
674 2991 838 3032 suos:
867 2978 956 3034 hic
984 2980 1116 3034 nihil
1136 2983 1276 3036 aliud
1305 2985 1535 3053 petebat,
1568 3002 1724 3056 quam
1755 3000 1808 3043 ut
1835 2992 2047 3047 sedaret

467 3064 683 3133 famem,
718 3078 772 3122 et
799 3080 1257 3127 ne-contemnerct
1291 3085 1617 3143 pereuntem.
1662 3079 1749 3134 Illa
1781 3082 2047 3152 ﬂagitabat

466 3157 798 3227 obstrepens,
826 3159 910 3216 hic
927 3171 1102 3217 autem
1129 3165 1322 3234 smpius
1349 3182 1452 3221 uno
1473 3168 1559 3224 die
1582 3171 1744 3226 silens
1760 3175 2047 3242 apparebat

466 3247 612 3303 diviti
639 3251 948 3322 jacensque.
997 3255 1108 3310 Hoc
1135 3266 1282 3312 certe
1308 3260 1436 3313 satis
1469 3269 1582 3314 erat
1611 3262 1692 3316 vel
1733 3264 1796 3317 ad
1828 3281 2044 3320 saxeum

466 3354 560 3394 cor
588 3342 986 3398 emolliendum.
1032 3347 1238 3401 Etenim
1267 3349 1353 3418 qui
1375 3350 1694 3419 obtundunt,
1725 3354 1776 3408 in
1807 3355 1906 3410 hos
1939 3357 2042 3412 fre.

466 3443 691 3501 quenter
710 3435 866 3488 etiam
890 3452 1244 3506 provocamur
1272 3442 1366 3495 ira.
1391 3441 1648 3498 Caeterum
1678 3449 1882 3516 quoties
1905 3452 2046 3504 iide-

469 3538 587 3577 inus
612 3525 808 3580 auxilio
829 3527 1122 3597 indigentes
1145 3572 1158 3594 ,
1189 3533 1355 3586 multo
1381 3549 1498 3610 cum
1521 3536 1733 3592 silentio
1753 3539 2043 3608 adstantes,

468 3629 639 3684 neque
688 3631 870 3670 vocem
898 3619 1056 3672 ullam
1101 3621 1350 3687 edentes,
1400 3625 1504 3679 imo
1547 3628 1705 3680 etiam
1753 3630 1798 3682 si
1836 3646 2047 3699 semper

467 3703 808 3771 frustrentur,
857 3723 961 3761 non
1007 3718 1181 3765 tamen
1226 3714 1447 3768 moleste
1491 3716 1741 3784 ferentes,
1771 3720 1864 3774 sed
1894 3723 2048 3777 tacite

467 3795 751 3852 offerentes
774 3813 895 3855 sese
920 3811 1102 3857 nostro
1129 3810 1453 3874 conspectui,
1477 3811 1715 3878 quamvis
1734 3813 1898 3866 simus
1920 3815 2048 3883 ipsis

470 3888 733 3958 lapidibus
771 3891 1047 3958 duriores,
1100 3906 1276 3954 tamen
1305 3900 1668 3959 admirabilem
1697 3905 1838 3960 illam
1867 3910 2049 3964 mode-

467 3981 622 4035 stiam
664 3985 877 4040 reveriti
909 3985 1187 4043 ﬂectimur.
1231 3989 1348 4044 Jam
1393 4003 1445 4047 et
1473 3993 1612 4049 aliud
1652 3997 1938 4052 accedebat
1968 3999 2048 4055 his

467 4086 587 4141 qua
607 4072 714 4128 dixi
736 4089 839 4129 non
861 4075 1055 4139 minus,
1085 4079 1483 4152 VidﬂiiCClQU'td
1512 4084 1622 4152 ipsa
1653 4100 1861 4156 quoque
1889 4087 2049 4144 facies

468 4164 714 4232 pauperis
738 4176 852 4222 erat
887 4168 1227 4237 miserabilis,
1260 4180 1440 4242 utpote
1469 4176 1604 4230 fame
1630 4178 1935 4249 diutinaque
1961 4197 2050 4234 va-

466 4255 702 4313 ietudine
737 4260 996 4316 confecta.
1030 4264 1275 4318 Attamen
1317 4282 1415 4322 nec
1454 4268 1639 4323 barum
1681 4285 1858 4326 rerum
1897 4273 2049 4344 quid-

465 4363 623 4418 quam
653 4350 1039 4421 implacabilem
1071 4356 1215 4410 illum
1242 4359 1484 4414 emolliit.

541 4441 592 4494 7.
633 4441 745 4496 Hoc
779 4444 934 4514 igitur
957 4447 1179 4516 primum
1207 4451 1390 4506 vitium
1413 4453 1697 4508 crudelitas
1721 4465 1855 4522 erat,
1885 4456 2044 4510 inhu-

465 4532 802 4602 manitasque
855 4537 938 4591 cui
987 4538 1116 4592 nihil
1164 4551 1368 4609 poterat
1409 4543 1683 4600 accedere.
1744 4545 1854 4600 Nec
1905 4549 2045 4600 enim

467 4624 643 4678 simile
686 4637 788 4693 est,
830 4628 872 4682 si
918 4630 981 4695 is,
1010 4633 1097 4700 qui
1130 4633 1180 4686 in
1214 4635 1428 4701 penuria
1458 4633 1601 4706 degit
1629 4653 1733 4691 non
1775 4649 2048 4694 succurrat

467 4717 673 4786 egenis,
714 4727 767 4773 et
806 4719 848 4773 si
883 4722 1038 4774 tantis
1063 4722 1288 4778 affluens
1314 4725 1538 4791 deliciis,
1566 4729 1699 4781 alios
1738 4729 1874 4783 fame
1903 4730 2047 4785 tabe-

467 4821 676 4866 scentes
701 4811 977 4882 deSpiciat.
1012 4816 1240 4870 Rursum
1268 4818 1438 4872 simile
1461 4835 1566 4874 non
1591 4831 1672 4875 est
1692 4822 1735 4875 si
1758 4838 2044 4892 pauperem

467 4904 634 4958 semel
662 4913 821 4974 atque
842 4907 1028 4960 iterum
1060 4918 1400 4979 conspectum
1426 4921 1820 4980 prmtercurras,
1847 4925 1900 4969 et
1927 4930 2044 4968 cum

468 4996 705 5064 quotidie
729 4998 928 5062 videas,
969 5016 1033 5053 ne
1065 5001 1142 5055 sic
1170 5002 1382 5069 quidem
1414 5019 1475 5057 ex
1513 5004 1727 5058 aSSidUO
1756 5017 2044 5073 conSpectu

467 5089 715 5144 excitaris
759 5089 824 5144 ad
867 5091 1305 5146 misericordiam.
1337 5094 1539 5150 ltursus
1567 5095 1707 5148 aliud
1736 5105 1836 5162 est,
1877 5097 1919 5149 si
1956 5097 2042 5166 qui

465 5182 856 5238 calamitatibus
904 5193 959 5238 et
1000 5187 1256 5255 angustiis
1300 5188 1574 5255 premitur,
1628 5188 1873 5256 maleque
1919 5189 2045 5241 affe-

465 5281 582 5327 ctus
606 5283 688 5328 est
711 5274 911 5342 animo,
944 5291 1049 5331 non
1079 5277 1368 5344 Opitnletnr
1395 5279 1638 5346 proximo
1673 5295 1685 5331 :
1719 5278 1858 5331 aliud
1889 5277 1932 5331 si
1955 5277 2043 5346 qni

468 5375 609 5419 tanta
660 5364 853 5422 fruitur
895 5369 1165 5438 voluptate
1213 5380 1572 5439 perpetuaque
1615 5369 1862 5424 felicitate
1912 5370 2044 5424 alios

465 5455 607 5508 fame
632 5456 966 5513 tabescentes
1009 5461 1256 5529 negligat,
1299 5460 1649 5527 oceludatque
1692 5461 1913 5526 viscera,
1947 5474 2044 5513 nec

466 5547 546 5600 vel
589 5546 656 5601 ab
700 5548 810 5616 ipsa
861 5550 1042 5604 la:titia
1096 5553 1343 5606 reddatur
1397 5553 1693 5606 humanior.
1742 5552 1871 5606 Nam
1917 5551 2042 5606 illud

467 5638 706 5708 profecto
747 5641 929 5703 nostis,
967 5642 1106 5710 quod
1149 5644 1270 5696 licet
1315 5645 1480 5698 simus
1517 5645 1752 5698 omnium
1799 5643 2044 5696 immitis-

467 5729 606 5798 silui,
643 5740 819 5786 tamen
847 5748 1099 5801 prospero
1141 5749 1388 5790 successu
1419 5753 1596 5791 rerum
1629 5736 1865 5791 mitiores
1890 5735 2042 5789 beni—

2159 438 2479 510 gnioresquc
2522 441 2669 495 reddi
2711 443 3100 497 consuevimus.
3151 443 3222 497 At
3262 445 3413 500 illum
3452 463 3518 502 ne
3563 453 3687 520 cogu'a

2151 530 2363 599 quidem
2391 547 2567 586 rerum
2595 532 2846 588 reddebat
2894 535 3190 600 meliorem,
3227 536 3320 591 sed
3350 542 3688 605 perseverabat

2151 633 2338 676 versus
2363 623 2415 676 in
2446 623 2631 688 feram,
2679 627 2785 679 imo
2811 626 2981 695 potius
3007 627 3240 680 omnium
3269 626 3494 682 ferarum
3527 632 3688 686 crude-

2151 713 2351 767 litatem
2392 723 2447 768 et
2475 715 2906 771 inhumanitatem
2945 716 3181 771 moribus
3220 720 3503 788 superavit.
3540 719 3599 774 Et
3626 734 3689 776 ta-

2151 819 2274 858 men
2323 804 2460 860 banc
2495 807 2811 861 scelerosum
2855 815 2910 861 et
2953 807 3287 861 inhumanam
3333 808 3488 861 vitam
3523 821 3685 874 agens,

2150 895 2295 949 omni
2315 911 2490 950 rerum
2513 898 2861 966 prosperitate
2885 897 3155 952 fruebatur
3181 915 3194 951 :
3217 898 3351 952 alter
3371 913 3495 953 vero
3515 899 3687 968 justus,

2149 999 2214 1039 ac
2249 985 2460 1040 virtutis
2508 988 2776 1041 studiosus
2813 987 2866 1040 in
2913 990 3165 1042 extremis
3211 997 3328 1042 erat
3369 990 3531 1043 malis.
3575 989 3685 1044 Nam

2148 1075 2404 1130 Lazarum
2433 1076 2594 1132 fuisse
2617 1077 2838 1146 justum,
2869 1077 3195 1132 declaratum
3225 1089 3306 1134 est
3329 1089 3435 1133 tum
3463 1080 3595 1134 exitu
3619 1081 3688 1135 vi-

2149 1174 2236 1231 tae,
2271 1176 2379 1220 tum
2423 1177 2476 1221 et
2510 1178 2632 1222 ante
2660 1169 2784 1222 vitae
2825 1168 2980 1223 finem
3013 1170 3121 1238 ipsa
3159 1169 3386 1223 hominis
3412 1171 3461 1223 in
3492 1187 3689 1240 pauper-

2149 1266 2255 1312 tate
2290 1259 2584 1312 tolerantia.
2625 1259 2840 1326 Qumso,
2884 1275 3058 1316 nonne
3108 1261 3358 1316 videmini
3393 1263 3502 1316 haec
3543 1265 3686 1317 oculis

2149 1351 2382 1404 intueri?
2411 1351 2564 1406 Diviti
2590 1354 2740 1407 navis
2770 1363 2882 1407 erat
2905 1354 3055 1422 plena
3086 1355 3365 1420 mercium,
3396 1368 3458 1408 ac
3481 1355 3687 1410 secundo

2149 1442 2430 1511 navigabat
2462 1452 2637 1499 vento.
2666 1444 2860 1498 Verum
2889 1461 2953 1500 ne
2983 1445 3107 1515 quid
3149 1446 3377 1509 mireris,
3419 1445 3482 1500 ad
3511 1445 3689 1500 naufra-

2147 1531 2289 1598 gium
2321 1531 2620 1600 festinabat,
2657 1549 2720 1588 eo
2746 1535 2884 1604 quod
2913 1550 3047 1590 onus
3088 1535 3302 1590 nolebat
3328 1546 3475 1590 caute
3498 1552 3686 1604 ponere.

2151 1620 2240 1675 Vis
2272 1622 2363 1675 tibi
2390 1637 2802 1678 commemorem
2841 1635 2896 1678 et
2936 1624 3076 1678 aliud
3107 1626 3244 1679 illius
3284 1626 3502 1678 vitium?
3526 1627 3686 1691 Quou-

2148 1710 2235 1764 die
2265 1712 2484 1766 vacabat
2508 1712 2709 1767 deliciis
2739 1715 2853 1768 sine
2885 1714 2992 1767 ullo
3031 1725 3196 1768 metu.
3227 1713 3360 1768 Nam
3388 1725 3440 1768 et
3476 1715 3568 1770 hoc
3593 1726 3688 1769 erat

2152 1800 2355 1866 vitium,
2394 1817 2497 1854 non
2528 1801 2688 1856 modo
2719 1803 2820 1856 hoc
2856 1813 3118 1874 tempore,
3157 1819 3280 1859 cum
3313 1814 3452 1860 tanta
3498 1821 3524 1858 a
3561 1806 3689 1860 nobis

2147 1889 2375 1958 exigitur
2406 1891 2758 1962 phil050phia,
2790 1909 2973 1948 verum
3017 1895 3175 1948 etiam
3215 1895 3369 1949 initio
3407 1895 3501 1950 sub
3535 1894 3688 1950 Veteri

2149 1981 2510 2048 Testamento,
2556 1999 2676 2038 eum
2719 1985 2950 2040 nondum
2989 1986 3142 2041 nobis
3190 1996 3337 2040 esset
3368 1997 3568 2042 ostensa
3601 1995 3690 2039 tam

2147 2081 2330 2127 exacta
2358 2073 2707 2143 philosophia.
2738 2076 2875 2131 Audi
2914 2077 3071 2146 igitur
3099 2077 3224 2147 quid
3254 2077 3397 2132 dicat
3422 2077 3687 2148 pronheta:

2157 2161 2246 2216 Vw
2277 2165 2430 2228 vobis,
2471 2166 2557 2236 qui
2581 2167 2774 2220 venturi
2803 2168 2919 2221 estis
2947 2169 3001 2221 in
3028 2169 3158 2222 diem
3185 2171 3397 2235 malum,
3425 2171 3504 2234 qui
3527 2186 3691 2239 appro-

2149 2253 2420 2323 pinquatis,
2463 2264 2511 2309 et
2551 2257 2752 2326 tangitis
2780 2257 2985 2311 sabbata
3025 2260 3292 2313 mendacia
3319 2261 3507 2330 (Amos.
3547 2262 3594 2315 6.
3622 2261 3687 2330 5).

2148 2344 2283 2412 Quid
2311 2354 2411 2408 est,
2445 2345 2674 2416 Tangitis
2699 2347 2902 2402 sabbata
2928 2349 3228 2404 mendacia?

2221 2435 2500 2489 Sabbatum
2540 2453 2640 2490 non
2681 2439 2791 2505 otii,
2836 2439 2925 2492 sed
2963 2439 3308 2494 meditationis
3348 2456 3494 2493 causa
3519 2440 3688 2492 datum.

2147 2526 2402 2581 ——Juda:i
2431 2537 2616 2597 putant
2655 2530 2754 2583 sibi
2797 2529 3074 2585 sabbatum
3103 2531 3194 2585 otii
3237 2533 3408 2601 gratia
3437 2531 3584 2586 fuisse
3609 2531 3690 2584 da-

2151 2625 2281 2681 tum,
2312 2633 2496 2672 verum
2525 2635 2629 2673 non
2675 2620 2773 2674 ista
2819 2631 2900 2674 est
2938 2636 3094 2676 causa
3124 2639 3138 2674 :
3167 2621 3265 2676 sed
3311 2624 3499 2693 potius,
3542 2631 3592 2676 ut
3615 2622 3692 2676 ab-

2148 2706 2287 2761 ducti
2312 2723 2341 2761 a
2385 2710 2525 2762 curis
2571 2725 2748 2764 rerum
2789 2711 3180 2780 temporalium,
3213 2714 3382 2766 otium
3411 2728 3558 2766 omne
3579 2728 3691 2766 con-

2148 2806 2422 2852 sumerent
2469 2800 2521 2852 in
2557 2800 2900 2868 spiritalibus.
2950 2801 3100 2868 Quod
3138 2802 3286 2856 enim
3318 2803 3574 2856 sabbatum
3602 2816 3690 2854 non

2149 2890 2263 2956 otii,
2311 2890 2404 2944 sed
2447 2891 2734 2958 spiritualis
2779 2892 3004 2946 actionis
3049 2894 3272 2947 materia
3320 2895 3404 2959 sit,
3437 2893 3689 2947 dilucidum

2148 2991 2232 3035 est
2260 2997 2322 3036 ex
2353 2982 2480 3052 ipsis
2507 2982 2685 3036 rebus.
2708 2982 2838 3036 Nam
2867 2983 3119 3037 sacerdos
3147 2997 3211 3038 eo
3238 2983 3330 3038 die
3356 2983 3560 3052 duplum
3587 2982 3691 3035 facit

2149 3074 2347 3142 operis,
2375 3074 2463 3143 qui
2486 3074 2721 3143 quotidie
2754 3089 2856 3128 non
2889 3074 2986 3128 nisi
3017 3074 3225 3128 unicam
3271 3074 3491 3128 hostiam
3521 3074 3689 3126 oﬂ'erre

2149 3165 2354 3229 solitus,
2404 3165 2623 3218 sabbato
2665 3165 2883 3234 jubetur
2923 3165 3111 3219 oﬂ‘erre
3159 3167 3446 3234 geminam.
3483 3163 3616 3231 Quod
3654 3163 3690 3213 si

2149 3271 2370 3326 prorsus
2389 3265 2529 3310 esset
2553 3257 2644 3308 otii
2667 3256 2799 3318 dies,
2829 3256 3107 3325 oportebat
3130 3258 3462 3310 sacerdotem
3486 3254 3690 3307 oninium

2149 3349 2376 3402 maxime
2401 3348 2566 3400 otium
2592 3363 2769 3417 agere.
2797 3346 3052 3414 Quoniam
3083 3347 3242 3416 igitur
3273 3346 3436 3399 Judaei
3474 3359 3689 3411 corpora-

2151 3437 2278 3491 lium
2309 3454 2485 3490 rerum
2514 3441 2654 3490 curis
2680 3437 2905 3502 liberati,
2932 3452 3034 3489 non
3076 3436 3334 3490 vacabant
3379 3434 3688 3503 spiritalibus,

2150 3538 2273 3598 puta
2317 3529 2610 3594 sobrietati,
2658 3529 2951 3594 modestizr,
2990 3540 3041 3582 et
3085 3530 3366 3583 audiendis
3390 3529 3568 3582 divinis
3593 3541 3690 3579 ser-

2151 3621 2417 3688 monibus,
2448 3621 2537 3674 sed
2567 3621 2886 3674 coatrarium
2915 3621 3086 3688 potius
3115 3619 3399 3680 faciebant,
3431 3619 3691 3672 servientes

2150 3713 2340 3777 ventri,
2374 3711 2704 3780 indulgentes
2756 3711 3016 3772 ebrietati,
3048 3709 3268 3764 distenti
3298 3711 3445 3772 cibis,
3471 3707 3692 3761 deliciau-

2153 3818 2263 3869 tes,
2317 3803 2440 3858 ideo
2497 3803 2612 3856 illos
2670 3801 3010 3871 reprehendit
3063 3801 3345 3871 prepbeta.
3396 3801 3521 3855 Cum
3569 3797 3688 3851 enim

2151 3894 2390 3958 dixisset,
2425 3892 2511 3947 Va:
2531 3893 2612 3963 qui
2640 3893 2813 3946 venitis
2847 3891 2899 3944 in
2927 3892 3056 3944 diem
3083 3893 3274 3944 malam
3300 3907 3318 3944 .'
3341 3900 3394 3944 et
3432 3905 3545 3944 cum
3569 3887 3692 3940 addi-

2151 3983 2338 4050 disset,
2367 3983 2468 4048 Qui
2507 3983 2750 4052 attingitis
2790 3981 2993 4035 sabbata
3037 3981 3318 4043 mendacia,
3367 3979 3602 4034 indicavit
3637 3991 3691 4030 ex

2151 4076 2440 4140 additione,
2472 4088 2576 4143 quo
2617 4082 2769 4141 pacto
2813 4072 3087 4126 mendacia
3135 4071 3237 4125 illis
3281 4073 3491 4127 sabbata
3518 4075 3689 4123 essent.

2151 4165 2431 4235 Quomodo
2461 4166 2618 4236 igitur
2659 4179 2723 4219 ea
2755 4165 3025 4217 mendacia
3071 4163 3406 4218 reddebant?
3433 4164 3554 4216 Dum
3579 4172 3690 4227 ope-

2151 4262 2403 4316 rabantur
2441 4259 2792 4329 iniquitatem,
2825 4257 3030 4311 deliciis
3071 4264 3124 4310 et
3163 4256 3408 4310 ebrietati
3446 4260 3690 4313 vacantes,

2151 4360 2205 4406 et
2257 4359 2505 4405 sexcenta
2548 4347 2649 4402 alia
2704 4345 2994 4401 fmdissima
3049 4353 3434 4414 perpeti-antes.
3474 4339 3612 4409 Quod
3647 4345 3692 4389 ut

2151 4457 2332 4497 verum
2389 4454 2509 4494 esse
2557 4439 2836 4508 intelligas,
2883 4436 3002 4490 andi
3049 4453 3168 4505 quae
3222 4427 3690 4505 s;-qttttttlut‘:qu0d

2150 4549 2249 4604 ego
2279 4533 2400 4587 dico
2431 4547 2524 4600 per
2547 4545 2606 4585 ea
2639 4531 2853 4588 indicat,
2879 4546 2993 4597 qua:
3018 4529 3195 4582 statim
3224 4527 3463 4595 adjunxit
3490 4524 3691 4619 dicens:

2154 4627 2254 4694 Qui
2279 4625 2507 4680 dormitis
2547 4627 2598 4677 in
2644 4623 2781 4676 lectis
2813 4621 3058 4684 eburneis,
3101 4636 3160 4671 ac
3203 4618 3437 4672 lascivitis
3463 4617 3514 4669 in
3547 4617 3694 4668 stratis

2149 4719 2342 4772 vestris.
2378 4717 2475 4782 Qui
2527 4715 2782 4769 comeditis
2821 4713 2992 4767 Inedos
3016 4729 3044 4767 e
3073 4713 3254 4776 caulis,
3296 4722 3345 4766 et
3370 4709 3542 4763 vitulos
3567 4723 3590 4759 e
3614 4701 3692 4755 bo-

2149 4811 2332 4863 vilibus
2361 4809 2615 4873 lactentes,
2646 4807 2731 4874 qui
2762 4805 2923 4858 bibitis
2953 4804 3120 4856 vinum
3161 4803 3479 4871 defwcatum,
3519 4814 3574 4850 ac
3600 4792 3691 4891 pri:

2151 4903 2246 4955 mis
2292 4900 2557 4971 unguentis
2595 4896 2842 4967 ungimini
2892 4895 3087 4963 (Amos.
3137 4894 3189 4948 6.
3235 4895 3288 4948 4.
3338 4892 3418 4961 6).
3458 4885 3693 4954 Acc‘episti
3756 4939 3758 4958 Ι

2151 4995 2449 5052 sabbatum,
2477 5000 2536 5044 ut
2563 4990 2792 5042 animam
2827 4997 2967 5041 tuam
2997 4987 3250 5041 libet-ares
3267 5000 3296 5038 a
3318 4983 3460 5036 vitiis
3481 4999 3493 5033 :
3515 4993 3563 5033 tu
3585 4988 3692 5029 vero

2152 5097 2259 5140 tum
2291 5083 2456 5152 magis
2495 5083 2579 5136 illa
2606 5079 2912 5134 committis.
2944 5077 3080 5144 Quid
3112 5078 3252 5130 enim
3279 5090 3398 5128 esse
3425 5069 3579 5167 possit
3607 5067 3689 5167 ist:

2151 5177 2372 5232 mollitie
2414 5173 2658 5244 nequius,
2703 5188 2858 5241 quam
2907 5169 3197 5224 indormire
3238 5166 3387 5222 lectis
3427 5155 3686 5262 eburneis?

2151 5270 2280 5324 Nam
2306 5276 2496 5322 etetera
2523 5265 2736 5335 quidem
2770 5271 2983 5332 peccata
3016 5261 3202 5316 saltem
3223 5259 3448 5328 aliquam
3474 5259 3688 5320 exiguam

2151 5359 2557 5416 delectationem
2607 5355 2820 5418 habent,
2851 5353 3010 5407 veluti
3045 5350 3372 5408 temulentia.
3414 5343 3616 5400 avaritia
3646 5344 3689 5389 et

2152 5452 2357 5509 luxuria
2393 5458 2682 5503 :cmterum
2714 5447 2763 5500 in
2799 5445 2950 5498 lectis
2977 5442 3227 5497 eburneis
3265 5440 3514 5502 dormire,
3555 5442 3687 5493 om"!

2151 5545 2302 5598 alicrt
2346 5539 2706 5608 voluptatem?
2754 5535 2895 5605 quod
2943 5533 3228 5589 solatium?
3267 5530 3398 5584 Num
3451 5525 3565 5580 lecti
3603 5517 3686 5589 pul-

2150 5634 2393 5692 chritudo
2421 5633 2594 5687 reddit
2634 5631 2786 5684 nobis
2810 5645 3052 5682 somnum
3079 5625 3374 5682 suaviorem
3401 5619 3690 5674 dulciorem.

2153 5747 2255 5800 que
2278 5731 2299 5781 ’ἒ
2334 5728 2441 5780 lino
2473 5725 2839 5795 gravissimum
2879 5731 2961 5776 est
3003 5719 3130 5776 illud
3166 5707 3688 5774 molestissimumqm
