4046 6146
278 343 374 402 971

278 458 361 532 τῷ
386 458 614 524 πυλῶνι,
642 459 759 513 ἀλλ’
784 461 889 516 οὐδ’
915 461 1072 517 ἄλλον
1103 461 1224 517 τινά
1259 465 1429 533 ἠλέει,
1460 467 1623 530 αὐτὸς
1649 467 1855 527 ἐκεῖνος

277 549 437 603 τοῦτο
469 548 687 613 ἔδειξεν.
719 550 783 604 ΕΞ
805 553 912 623 γάρ
935 551 1027 606 τὸν
1055 552 1113 607 ἐν
1140 552 1218 623 τῷ
1253 553 1458 607 πυλῶνι
1480 553 1740 626 διηνεκῶς
1765 555 1855 625 ἐῤ-

281 635 568 707 ριμμένον,
592 639 688 692 καὶ⁴
717 638 825 711 πρὸ
872 638 981 694 τῶν
1013 639 1307 713 ὀφθαλμῶν
1340 642 1619 713 κείμενον,
1648 640 1707 696 δν
1732 638 1853 694 καθ’

278 721 518 792 ἑκάστην
541 724 776 797 ἡμέραν,
809 727 900 780 καὶ
920 726 1089 795 ἀπαξ,
1128 729 1223 782 καὶ
1259 729 1363 795 δίς,
1400 730 1495 783 καὶ
1530 727 1854 791 πλεονάκις,

276 810 414 880 ὁρᾷν
442 812 785 880 ἠναγκάζετο
817 812 1002 868 εἰσιὼν
1035 815 1128 868 καὶ
1152 813 1338 879 ἐξιών·
1364 815 1425 868 ού
1449 813 1557 886 γὰρ
1585 816 1643 867 ἐν
1672 812 1855 883 ἀμφό-

275 896 373 968 δῳ,
417 899 526 952 οὐδ’
557 902 614 953 ὲν
663 902 891 974 κρυπτῷ
924 905 1018 959 καὶ
1064 904 1326 976 στενωπῷ
1372 904 1657 958 κατέκειτο
1682 902 1852 970 τόπῳ,

274 988 393 1043 ἀλλ’
441 989 571 1045 ἔνθα
627 996 870 1064 συνεχεῖς
917 994 1016 1058 τὰς
1073 995 1308 1059 εἰσόδους
1361 995 1455 1049 καὶ
1506 994 1606 1059 τὰς
1644 993 1855 1058 ἐξόδους

276 1077 603 1150 ποιούμενος
628 1083 657 1134 6
677 1081 948 1148 πλούσιος,
979 1077 1127 1138 ἄκων
1159 1084 1321 1136 αὐτὸν
1338 1084 1471 1155 ὁρᾷν
1492 1080 1851 1153 ἠναγκάζετο·

274 1170 328 1222 εί
361 1170 541 1226 τοίνυν
564 1172 755 1227 τοῦτον
782 1175 882 1229 οὐκ
910 1176 1132 1247 ἠλέησε,
1168 1177 1259 1230 τὸν
1284 1178 1341 1230 ἐν
1364 1175 1606 1246 τοσούτῳ
1633 1171 1855 1246 χαλεπῷ

274 1256 439 1312 πάθει
467 1261 880 1332 κατακείμενον,
930 1263 1028 1317 καὶ
1066 1265 1271 1337 ἀπορία
1303 1265 1539 1338 τοσαύτῃ
1575 1265 1851 1330 συζῶντα,

254 1405 259 1413 ι
280 1345 483 1417 μᾶλλον
504 1347 561 1401 δὲ
592 1347 681 1402 διὰ
724 1351 925 1415 παντὸς
957 1352 1054 1406 τοῦ
1097 1353 1212 1423 βίου
1251 1355 1534 1425 ἀρρωστίᾳ
1579 1354 1856 1408 ταλαιπω-

279 1433 498 1505 ροῦντα,
523 1438 616 1490 καὶ
642 1438 925 1511 ἀρρωστίᾳ
946 1440 1324 1515 χαλεπωτάτῃ·
1343 1443 1478 1513 πρὸς
1508 1443 1629 1496 τίνα
1654 1442 1722 1497 ἂν
1743 1444 1853 1499 τῶν

275 1522 712 1594 ἐντυγχανόντων
735 1527 1064 1600 ἐπεκάμφθη
1086 1530 1216 1582 ποτέ
1234 1548 1248 1596 ;
1271 1531 1382 1584 Καὶ
1396 1530 1505 1602 γὰρ
1520 1532 1599 1596 εἰς
1613 1530 1711 1604 τὴν
1728 1548 1856 1606 προ·

276 1611 442 1683 τέραν
474 1613 689 1684 ἡμέραν
720 1616 1063 1689 παρέδραμε,
1093 1618 1193 1689 τὴν
1233 1619 1493 1690 δευτέραν
1523 1620 1670 1685 εἰκὸς
1696 1616 1765 1692 ἦν
1797 1639 1852 1676 τι

279 1701 492 1755 παθεῖν·
515 1704 564 1755 εἰ
588 1702 645 1755 δέ
670 1705 765 1758 καὶ⁹
797 1706 856 1759 ἐν
884 1705 1053 1778 ταύτῃ
1074 1707 1347 1779 παρεῖδεν,
1367 1708 1501 1763 ἀλλά
1522 1711 1621 1781 τὴν
1638 1710 1850 1782 τρίτην,

277 1789 313 1860 ἡ
345 1789 443 1861 τὴν
472 1792 741 1863 τετάρτην
760 1835 773 1859 ,
810 1792 843 1864 ἢ
893 1793 992 1865 τὴν
1020 1797 1138 1865 μετ’
1164 1796 1401 1867 ἐκείνην,
1430 1797 1648 1863 πάντως
1691 1799 1852 1856 αὐτὸν

275 1883 690 1955 ἐπικαμφθῆναι
712 1884 837 1951 ἔδει,
862 1888 957 1940 καὶ
979 1888 1028 1940 εί
1048 1885 1156 1940 τῶν
1179 1887 1381 1959 θηρίων
1405 1888 1740 1963 ἀγριώτερος
1759 1886 1851 1962 ἦν.

273 1970 419 2024 Ἀλλ’
444 1971 595 2025 οὐδὲν
633 1972 804 2026 ἔπαθε
827 1974 1087 2028 τοιοῦτον·
1116 1975 1253 2030 ἀλλά
1286 1978 1379 2030 καὶ
1410 1978 1620 2031 ἐκείνου
1646 1978 1741 2033 τοῦ
1772 1979 1850 2033 δι-

275 2058 503 2122 καστοῦ,
525 2058 620 2113 τοῦ
647 2063 783 2131 μήτε
814 2061 909 2114 τὸν
935 2060 1067 2117 Θεὸν
1090 2062 1448 2132 φοϐουμένου,
1482 2067 1620 2137 μήτε
1648 2066 1854 2139 ἀνθρώ-

275 2164 414 2211 πους
432 2148 751 2219 αἰδουμένου
782 2151 874 2203 καὶ
897 2149 1230 2227 ἰταμώτερος
1252 2154 1352 2206 καί¹
1372 2153 1741 2225 ἀπηνέστερος
1767 2154 1854 2223 γέ-

273 2252 454 2305 γονεν.
481 2226 721 2292 Ἐκεῖνον
753 2239 851 2309 μὲν
882 2239 992 2311 γὰρ
1030 2241 1065 2310 ἡ
1100 2226 1201 2310 τῆς
1243 2242 1417 2312 χήρας
1451 2241 1721 2313 συνέχεια,
1756 2243 1852 2297 καὶ

200 2339 213 2349 '
271 2324 449 2379 ταῦτα
475 2326 625 2397 ὠμὸν
643 2327 771 2381 ὅντα
794 2328 888 2381 καὶ
911 2327 1118 2399 ἄγριον,
1133 2326 1315 2383 δοῦναι
1340 2328 1441 2400 τὴν
1460 2330 1619 2400 χάριν
1641 2329 1847 2395 ἔπεισε,

275 2413 374 2468 καὶ
393 2414 528 2485 πρὸς
541 2413 640 2486 τὴν
672 2415 823 2485 ίκετη
831 2416 952 2487 ρίαν
969 2415 1142 2472 ἐπέκα
1150 2417 1277 2488 μψε·
1294 2416 1483 2471 τοῦτον
1494 2418 1550 2488 δὲ
1565 2419 1684 2472 οὐδὲ
1699 2417 1848 2490 [716]

274 2504 437 2558 τοῦτο
464 2504 682 2575 ἴσχυσεν
705 2504 1016 2574 ἐπικάμψαι
1044 2504 1183 2576 πρὸς
1197 2504 1296 2575 τὴν
1323 2500 1419 2558 τοῦ
1451 2505 1677 2576 πένητος
1699 2506 1850 2559 ἀντί-

275 2590 459 2663 ληψιν·
501 2591 677 2645 καίτοι
704 2607 767 2660 γε
805 2591 908 2645 ούκ
956 2591 1045 2662 ῐση
1084 2587 1153 2663 ἦν
1191 2593 1224 2662 ἡ
1263 2590 1519 2662 αἴτησις,
1557 2591 1670 2646 ἀλλ’
1708 2592 1849 2664 αὕτη

273 2681 457 2753 πολλῷ
493 2681 838 2753 εὐκολωτέρα
866 2681 963 2734 καὶ
992 2681 1323 2754 δικαιοτέρα.
1351 2682 1415 2735 Ἠ
1449 2683 1548 2753 μὲν
1578 2685 1688 2754 γάρ
1708 2684 1850 2739 κατά

271 2771 383 2826 τῶν
413 2770 622 2843 ἐχθρῶν
647 2770 808 2824 αὑτὸν
853 2769 1185 2840 παρεκάλει,
1224 2763 1381 2833 οὗτος
1410 2771 1469 2824 δὲ
1501 2771 1652 2840 ἠξίου
1689 2771 1850 2827 λῦσαι

271 2859 452 2931 λιμὸν.
477 2859 572 2913 καὶ
605 2858 680 2931 μὴ
724 2860 988 2929 περιιδεῖν
1019 2856 1426 2927 ἀπολλύμενον·
1478 2860 1703 2931 κάκείνη
1748 2861 1849 2932 μὲν

268 2947 504 3019 ἠνώχλει
529 2944 942 3019 παρακαλοῦσα,
962 2940 1121 3025 ,οὗτος
1143 2945 1200 2999 δέ
1227 2945 1489 3011 πολλάκις
1521 2949 1618 3018 τῆς
1638 2950 1850 3030 ἡμέρας

270 3035 530 3106 ἐφαίνετο
552 3032 629 3105 τῷ
666 3033 906 3105 πλουσίῳ
941 3035 1068 3104 σιγῇ
1108 3032 1380 3104 κείμενος·
1435 3035 1568 3089 πολὺ
1601 3036 1658 3089 δὲ
1692 3037 1851 3091 τοῦτο

273 3123 460 3178 ἱκανὸν
487 3121 722 3193 μαλάξαι
753 3121 954 3187 μᾶλλον
1009 3121 1105 3174 καὶ¹
1167 3120 1375 3191 λιθίνην
1432 3121 1690 3178 διάνοιαν.
1731 3125 1849 3177 Ἐν-

272 3210 588 3283 οχλούμενοι
611 3208 719 3279 γὰρ
741 3207 999 3270 πολλάκις
1031 3208 1126 3261 καὶ
1168 3207 1604 3279 παροξυνόμεθα·
1638 3210 1765 3263 ὅταν
1795 3211 1850 3262 δὲ

270 3301 400 3360 τοὺς
437 3297 726 3367 δεομένους
773 3294 1027 3366 βοηθείας
1065 3286 1262 3360 ι’δωμξεν
1308 3298 1434 3366 σιγῇ
1488 3295 1655 3366 πολλῇ
1710 3314 1851 3367 παρ-

270 3386 536 3449 εστῶτας,
555 3385 647 3438 καὶ
678 3383 842 3454 μηδὲν
866 3380 1294 3451 φθεγγομένους,
1320 3381 1432 3435 ἀλλ’
1450 3383 1850 3453 ἀποτυγχάνον-

271 3495 374 3540 τας
397 3476 497 3547 μέν
524 3474 632 3537 ἀεὶ,
671 3473 745 3545 μὴ
768 3471 1218 3545 δυσχεραίνοντας
1244 3471 1321 3537 δὲ,
1342 3471 1477 3526 ἀλλά
1505 3477 1629 3545 σιγῇ
1664 3492 1850 3542 φαινο-

275 3566 475 3635 μένους
530 3562 688 3634 μόνον
732 3563 901 3632 ἡμῖν,
948 3558 1051 3612 κᾶν
1108 3558 1289 3611 αὐτῶν
1338 3560 1448 3614 τῶν
1491 3560 1651 3615 λίθων
1699 3558 1849 3631 ὦμεν

272 3653 734 3724 ἀναισθητότεροι,
773 3648 872 3722 τὴν
907 3647 1213 3719 ὑπερϐολὴν
1241 3649 1341 3718 τῆς
1367 3651 1669 3716 ἐπιεικείας
1708 3654 1851 3707 αἰδε-

274 3740 495 3803 σθέντες
547 3734 1075 3808 κατακαμπτόμεθα.
1122 3737 1235 3789 Καὶ
1281 3736 1470 3808 ἕτερον
1505 3738 1563 3792 δέ
1608 3758 1663 3792 τι
1714 3742 1850 3812 πρὸς

272 3829 483 3893 τούτοις
513 3827 713 3882 τούτων
739 3826 840 3878 ούκ
874 3825 1094 3878 ἔλαττον
1114 3820 1203 3895 ἦν,
1223 3825 1284 3878 τὺ
1304 3827 1397 3879 καὶ
1413 3828 1513 3898 τὴν
1531 3827 1654 3898 ὄψιν
1680 3831 1849 3902 αὐτὴν

271 3917 512 3989 ἐλεεινὴν
574 3912 712 3969 εἶναι
759 3912 853 3967 τοῦ
906 3913 1171 3984 πένητος,
1217 3913 1361 3986 λιμῷ
1419 3915 1511 3969 καί⁷
1564 3917 1850 3991 ἀρρωστίᾳ

275 4006 465 4077 μακρᾷ
484 4004 976 4074 κατεργασθεῖσαν.
1008 4001 1148 4055 Ἀλλ’
1169 4002 1319 4073 ὅμως
1350 4003 1503 4058 οὐδὲν
1532 4005 1737 4060 τούτων
1758 4008 1849 4061 τὸν

266 4094 547 4162 ἀνήμερον
575 4092 782 4144 ἐκεῖνον
813 4090 1073 4158 ἐμάλαξε.

343 4204 409 4270 ζ’.
427 4202 626 4274 Πρώτη
660 4204 755 4271 μὲν
776 4198 868 4256 οῦν
889 4204 1057 4258 κακία
1082 4203 1221 4274 αὕτη
1240 4204 1541 4275 ὠμότητος,
1566 4209 1661 4258 καὶ
1681 4206 1847 4260 ἀπαν-

268 4292 491 4365 θρωπία
523 4290 825 4362 ὑπερϐολὴν
854 4293 954 4345 οὐκ
981 4291 1194 4363 ἔχουσα.
1223 4295 1296 4347 υὺ
1330 4295 1440 4366 γάρ
1466 4296 1612 4348 ἐστιν
1645 4295 1758 4348 ἴσον
1789 4297 1847 4348 ἐν

269 4380 437 4451 πενίᾳ
483 4377 661 4441 ζῶντα
700 4377 774 4448 μὴ
807 4377 1019 4448 βοηθεῖν
1060 4382 1173 4443 τοῖς
1199 4381 1494 4451 δεομένοις,
1536 4383 1628 4436 καί
1659 4382 1850 4435 τοσαύ·

268 4486 371 4539 της
413 4463 754 4521 ἀπολαύοντα
792 4465 1025 4535 τρυφῆς,
1062 4465 1205 4536 λιμῷ
1244 4468 1582 4538 τηκομένους
1628 4468 1848 4539 ἐτέρους

270 4557 557 4629 περιορᾷν.
613 4553 784 4608 Πάλιν
834 4554 933 4607 ούκ
988 4552 1132 4608 ἐστιν
1180 4554 1311 4623 ἴσον,
1340 4555 1487 4621 ἅπαξ
1527 4558 1561 4628 ἢ
1596 4557 1847 4629 δεύτερον

274 4646 448 4701 ἰδόντα
473 4642 706 4713 πτωχὸν,
742 4641 1139 4713 παραδραμεῖν,
1177 4642 1270 4694 καὶ
1302 4642 1421 4694 καθ’
1450 4644 1687 4715 ἑκάστην
1713 4645 1849 4716 ἡμέ-

274 4750 374 4806 ραν
407 4732 667 4802 βλέποντα
705 4730 839 4800 μηδὲ
866 4730 971 4783 ὑπὸ
1001 4730 1100 4801 τῆς
1124 4729 1263 4783 κατά
1293 4731 1391 4802 τὴν
1418 4731 1541 4802 ὄψιν
1570 4733 1849 4803 συνεχείας

272 4821 409 4892 πρὸς
450 4820 541 4873 τὸν
576 4819 722 4872 έλεον
764 4818 857 4872 καί
895 4818 994 4890 τὴν
1045 4818 1454 4889 φιλανθρωπίαν
1496 4821 1847 4893 διαναστῆναι

266 4909 497 4979 ταύτην.
526 4908 696 4962 Πάλιν
727 4908 827 4960 ούκ
854 4906 1001 4960 ἐστιν
1034 4906 1146 4960 ἴσον
1180 4909 1238 4960 ἐν
1266 4912 1570 4979 συμφοραῖς
1597 4909 1723 4964 ὄντα
1754 4912 1848 4966 καὶ

271 4998 531 5070 ἀθυμίαις
561 4998 656 5051 καὶ
686 4996 873 5060 κακῶς
898 4997 1008 5068 τὴν,
1027 4996 1205 5069 ψυχὴν
1234 4997 1575 5070 διακείμενον
1610 5001 1684 5072 μὴ
1718 5001 1848 5072 βοη-

274 5086 386 5141 θεῖν
429 5089 542 5149 τοῖς
572 5085 816 5156 πλησίον,
852 5086 948 5139 καὶ
975 5083 1244 5154 τοσαύτης
1275 5086 1617 5142 ἀπολαύοντα
1649 5090 1848 5161 εὐφρο-

275 5174 440 5244 σύνης
483 5175 576 5227 καί
625 5173 902 5242 διηνεκοῦς
952 5174 1276 5244 εὐπραγίας,
1325 5174 1467 5246 λιμῷ
1514 5177 1849 5247 τηκομένους

271 5267 495 5338 ἐτέρους
525 5267 808 5336 περιορᾷν,
849 5265 941 5318 καὶ
968 5267 1290 5319 ἀποκλεῖσαι
1328 5267 1396 5321 τά
1419 5268 1722 5339 σπλάγχνα,
1754 5270 1850 5324 καὶ

276 5355 411 5426 μηδὲ
456 5354 561 5406 ὑπὸ
590 5354 688 5422 τῆς
722 5354 895 5423 χαρᾶς
923 5354 1093 5422 αὐτῆς
1134 5354 1386 5417 γενέσθαι
1421 5355 1852 5428 φιλανθρωπότε-

274 5461 387 5516 ρον.
423 5442 567 5495 ἰστε
601 5440 710 5512 γὰρ
737 5440 906 5511 δήπου
948 5440 1127 5506 τοῦτο,
1153 5442 1235 5494 ὅτι
1273 5442 1375 5495 κᾶν
1405 5442 1661 5497 ἁπάντων
1697 5440 1849 5516 ὦμεν

269 5527 617 5600 ἀγριώτεροι,
648 5532 766 5592 ταῖς
796 5528 1120 5597 εὐπραγίαις
1147 5529 1486 5600 ἡμερώτεροι
1513 5532 1850 5605 καὶχρηστό-

269 5633 418 5687 τεροι
460 5613 785 5684 πεφύκαμεν
837 5615 1100 5683 γίνεσθαι.
1151 5615 1272 5668 ’Δλλ
1326 5617 1534 5683 ἐκεῖνος
1578 5622 1699 5675 οὐδὲ
1744 5624 1849 5678 ὑπὸ

269 5707 371 5780 τῆς
398 5708 700 5779 εὐημερίας
738 5708 961 5777 βελτίων
994 5709 1228 5778 ἐγένετο,
1260 5710 1375 5767 ἀλλ’
1397 5710 1586 5777 ἔμενεν
1619 5718 1845 5791 ἐκτεθη-

1476 335 1567 392 DE
1603 333 1885 392 LAZARO
1921 334 2172 395 CONCIO
2207 341 2247 397 1.

3428 364 3532 418 972

1964 472 2245 542 ριωμένος,
2280 474 2481 544 μᾶλλον
2507 478 2564 531 δὲ
2592 480 2685 533 καὶ
2706 479 2895 553 θηρίου
2927 479 3122 543 παντὸς
3149 478 3407 551 ὠμότητα
3434 482 3531 534 καὶ

1960 557 2352 632 ἀπανθρωπίαν
2376 567 2489 628 τοῖς
2522 567 2747 636 τρόποις
2774 567 3107 638 ἀπέκρυψεν.
3156 567 3296 623 ἈΠ’
3326 569 3473 639 ὅμως
3501 570 3529 622 6

1962 646 2063 716 μὲν
2086 648 2143 701 ἐν
2168 651 2401 723 πονηρίᾳ
2424 651 2531 717 ζῶν
2553 654 2647 707 καὶ
2667 655 3031 727 ἀπανθρωπίᾳ
3053 655 3232 727 πάσης
3251 656 3530 728 ἀπήλαυεν

1960 734 2286 805 εὐπραγίας,
2316 740 2344 792 6
2369 739 2426 792 δὲ
2454 740 2661 805 δίκαιος
2681 743 2776 795 καὶ
2798 744 2995 815 ἀρετῆς
3021 743 3447 815 ἐπιμελούμενος
3470 744 3530 797 ἐν

1959 822 2206 893 ἐσχάτοις
2245 818 2315 894 ἦν
2337 830 2544 892 κακοῖς.
2576 830 2700 883 Ὀτι
2732 830 2839 902 γὰρ
2875 832 3079 895 δίκαιος
3106 834 3135 886 6
3161 832 3410 903 Λάζαρος
3435 826 3527 903 ἦν.

1959 909 2123 965 πάλιν
2168 912 2262 965 καί¹
2295 914 2528 968 ἐνταῦθα
2573 916 2634 968 τὸ
2672 917 2825 981 τέλος
2857 919 3124 985 ἀπέδειξε,
3161 919 3255 972 καὶ
3290 917 3397 988 πρὸ
3432 916 3526 970 τοῦ

1957 996 2144 1061 τέλους
2196 1000 2337 1073 αὐτὴ
2377 1003 2411 1073 ἡ
2452 1003 2595 1057 κατὰ
2634 1003 2733 1076 τὴν
2771 1006 2960 1060 πενίαν
2994 1007 3261 1077 ὑπομονὴ.
3288 1002 3433 1076 Ἆρα
3464 1004 3528 1057 οὐ

1958 1087 2165 1142 δοκεῖτε
2203 1089 2345 1143 αύτά
2372 1091 2617 1162 παρόντα
2652 1092 2723 1147 τὰ
2758 1094 3059 1163 πράγματα
3102 1097 3272 1166 ὁρᾷν;
3306 1095 3527 1165 Πλήρης

1955 1175 2035 1248 τῷ
2068 1176 2306 1249 πλουσίῳ
2339 1180 2374 1250 ἡ
2403 1179 2535 1242 ναῦς
2563 1179 2661 1251 τῆς
2700 1181 2969 1254 ἐμπορίας
3009 1178 3098 1252 ἦν,
3126 1184 3220 1237 καὶ
3250 1183 3311 1248 ἐξ
3339 1182 3527 1253 οὐρίας

1957 1264 2128 1321 ἔπλει.
2173 1266 2334 1320 Ἀλλά
2366 1266 2440 1338 μὴ
2474 1267 2808 1339 Θαυμάσητε·
2835 1272 2916 1333 εἰς
2939 1271 3196 1337 ναυάγιον
3222 1270 3332 1342 γάρ
3364 1270 3527 1341 ἡπεί-

1956 1369 2103 1422 γετο,
2132 1354 2319 1425 ἐπειδὴ
2354 1354 2446 1408 τὸν
2480 1355 2677 1426 φόρτον
2704 1358 2805 1410 οὐκ
2835 1357 3066 1428 ἠθέλησε
3100 1358 3376 1412 διαθέσθαι
3407 1359 3526 1428 μετ’

1955 1443 2260 1508 εὐλαϐείας.
2287 1442 2476 1497 Βούλει
2506 1461 2588 1498 σοι
2613 1446 2707 1498 καὶ
2730 1446 2925 1517 ἑτέραν
2950 1446 3088 1500 είπω
3113 1445 3310 1510 κακίαν
3328 1446 3524 1509 αύτοῦ;

1955 1532 2030 1587 T6
2063 1533 2185 1587 καθ’
2211 1534 2447 1605 ἑκάστην
2475 1534 2688 1607 ἡμέραν
2707 1538 2917 1609 τρυφᾷν
2945 1536 3136 1599 ἀδεῶς.
3162 1536 3272 1591 Καὶ
3295 1535 3405 1606 γὰρ
3430 1536 3525 1588 καὶ

1953 1618 2114 1675 τοῦτο
2138 1622 2306 1676 κακία
2328 1623 2554 1694 ἐσχάτη,
2581 1624 2702 1695 οὐχὶ
2723 1624 2839 1692 νῦν,
2859 1626 2947 1678 ὅτε
2975 1624 3242 1695 τοσαύτην
3263 1622 3524 1677 ἀπαιτού⁴

1958 1708 2096 1779 μεθα
2125 1709 2461 1780 φιλοσοφίαν,
2491 1711 2626 1766 ἀλλά
2645 1712 2740 1765 καὶ
2764 1713 2821 1765 ἐν
2847 1712 2988 1783 ἀρχῇ
3015 1713 3107 1765 ἐπὶ
3131 1712 3230 1782 τῆς
3258 1711 3521 1776 Παλαιᾶς,

1952 1797 2045 1850 ὅτε
2082 1799 2145 1851 ού
2182 1797 2452 1869 τοσαύτης
2498 1799 2815 1870 φιλοσοφίας
2850 1799 3107 1864 ἐπίδειξις
3140 1795 3227 1870 ἦν.
3261 1800 3523 1852 Ἄκουσον

1953 1884 2085 1954 γοῦν
2125 1885 2180 1938 τί
2211 1903 2375 1957 φησιν
2412 1890 2440 1941 6
2480 1890 2784 1959 προφήτης·
2817 1887 2963 1942 Οὐαὶ
3006 1890 3060 1942 οι
3091 1887 3401 1957 ἐρχόμενοι
3436 1887 3525 1951 εἰς

1950 1972 2183 2043 ἡμέραν
2214 1975 2433 2044 κακὴν,
2461 1980 2515 2031 οἱ
2547 1976 2875 2046 ἐγγίζοντες
2900 1976 2998 2030 καί
3030 1976 3348 2045 ἁπτόμενοι
3380 1975 3525 2027 σαϐ-

1953 2059 2146 2115 ϐάτων
2178 2062 2438 2130 ψευδῶν.
2473 2063 2538 2117 Τί
2559 2066 2729 2131 ἐστιν,
2771 2067 2827 2118 οἱ
2859 2064 3179 2133 ἁπτόμενοι
3212 2059 3526 2133 σαϐϐάτων

1950 2148 2197 2216 ψευδῶν
2215 2166 2237 2214 ;

2022 2251 2085 2304 Ol
2137 2250 2373 2305 Ἰουδαῖοι
2408 2252 2739 2322 νομίζουσιν,
2772 2255 2857 2307 ὅτι
2899 2252 2967 2307 δι’
2993 2251 3189 2324 ἀργίαν
3234 2251 3418 2315 αὐτοῖς
3461 2250 3522 2304 τὸ

1952 2337 2218 2393 σάϐϐατον
2254 2338 2404 2412 [717]
2433 2340 2660 2396 δέδοται.
2714 2342 2828 2395 Οὐκ
2870 2341 2984 2395 ἐστι
3016 2340 3074 2394 δέ
3114 2339 3251 2411 αὕτη
3281 2341 3315 2410 ἡ
3350 2338 3517 2405 αἰτία,

1952 2425 2066 2479 ἀλλ’
2111 2426 2198 2481 ἵνα
2241 2427 2351 2481 τῶν
2390 2428 2657 2497 βιωτικῶν
2698 2429 2925 2493 ἑαυτοὺς
2970 2429 3369 2497 ἀπαγαγόντες,
3417 2429 3520 2499 τὴν

1954 2514 2150 2587 σχολὴν
2180 2514 2398 2570 ἃπασαν
2420 2517 2498 2579 εἰς
2520 2516 2596 2570 τὰ
2618 2516 2963 2588 πνευματικά
2991 2515 3369 2570 ἀναλίσκωσιν.
3398 2516 3521 2569 ’Ότι
3572 2574 3579 2579 ,

1949 2601 2060 2673 γάρ
2093 2617 2114 2640 ι
2150 2602 2251 2656 οὐκ
2293 2603 2489 2674 ἀργίας
2518 2605 2635 2657 ἐστί
2684 2603 2744 2657 τὸ
2783 2602 3071 2667 σάϐϐατον,
3115 2603 3228 2656 ἀλλ’
3258 2601 3521 2674 ἐργασίας

1951 2690 2069 2742 ἐστὶ
2113 2692 2491 2761 πνευματικῆς
2517 2689 2792 2755 ὑπόθεσις,
2823 2690 2917 2744 ἀπ’
2940 2689 3119 2744 αύτῶν
3139 2689 3247 2743 τῶν
3271 2687 3523 2760 πραγμά-

1947 2793 2059 2840 των
2083 2776 2264 2846 δῆλον.
2310 2776 2369 2830 '0
2398 2778 2528 2845 γοῦν
2573 2779 2751 2849 ἱερεὺς
2790 2777 3008 2831 διπλοῦν
3046 2775 3203 2848 ἔργον
3241 2777 3299 2829 ἐν
3337 2774 3519 2844 ἐκείνῃ

1949 2866 2015 2935 τῇ
2041 2865 2223 2936 ἡμέρᾳ
2249 2867 2409 2918 ποιεῖ’
2432 2866 2526 2918 καὶ
2554 2865 2675 2920 καθ’
2702 2866 2938 2937 ἑκάστην
2964 2864 3176 2936 ἡμέραν
3206 2862 3379 2933 ἁπλῆς
3401 2863 3523 2915 ἀνα-

1951 2951 2258 3023 φερομένης
2293 2952 2501 3016 θυσίας,
2531 2952 2724 3022 διπλῆν
2747 2954 3038 3023 ἀναφέρειν
3070 2950 3349 3006 κελεύεται
3372 2949 3519 3006 τότε.

1949 3040 2013 3093 Εἰ
2044 3040 2101 3093 δὲ
2131 3038 2388 3117 καθάπαξ
2421 3040 2618 3111 ἀργίας
2641 3036 2708 3110 ἦν
2733 3040 2795 3092 τὸ
2830 3040 3115 3102 σάϐϐατον,
3156 3040 3260 3109 πρὸ
3285 3037 3395 3091 τῶν
3422 3037 3517 3091 ἄλ-

1922 3128 2057 3181 ηλων
2096 3127 2189 3181 τὸν
2227 3128 2378 3199 ίερέα
2412 3128 2600 3200 ἀργεῖν
2637 3128 2822 3198 ἐχρῆν.
2871 3127 3025 3179 Ἐπεὶ
3065 3122 3156 3180 οὖν
3185 3129 3233 3180 οί
3281 3125 3520 3179 Ἰουδαῖοι

1948 3215 2057 3269 τῶν
2087 3215 2355 3287 βιωτικῶν
2383 3215 2786 3284 ἀπαλλαγέντες
2824 3213 3182 3285 πραγμάτων,
3213 3215 3327 3276 τοῖς
3356 3229 3521 3266 πνευ-

1953 3308 2202 3376 ματικοῖς
2220 3306 2281 3358 ού
2318 3310 2626 3377 προσεῖχον,
2660 3304 2983 3379 σωφροσύνῃ
3012 3306 3106 3358 καὶ
3134 3302 3400 3374 ἐπιεικείᾳ
3428 3303 3522 3356 καὶ

1949 3393 2212 3463 ἀκροάσει
2265 3393 2424 3447 θείων
2479 3394 2698 3462 λογίων,
2737 3391 2876 3446 ἀλλά
2925 3391 3228 3446 τούναντίον
3278 3390 3517 3454 ἐποίουν,

1949 3479 2383 3551 γαστριζόμενοι,
2422 3480 2728 3552 μεθύοντες,
2762 3480 3239 3552 διαρῤηγνύμενοι,
3269 3477 3519 3550 τρυφῶν-

1910 3595 1919 3611 ι
1947 3584 2060 3633 τες,
2094 3568 2182 3623 διά
2214 3568 2371 3622 τοῦτο
2408 3569 2782 3641 κατηγόρησεν
2813 3568 2994 3622 αὐτῶν
3023 3571 3052 3622 ὁ
3087 3569 3392 3638 προφήτης.
3425 3566 3518 3619 Εἰ-

1950 3653 2068 3709 πὼν
2100 3655 2231 3725 γὰρ,
2279 3655 2423 3710 Οῠαί
2471 3659 2525 3709 οἰ
2565 3656 2875 3726 ἐρχόμενοι
2905 3658 2992 3722 είς
3036 3654 3265 3724 ἡμέραν
3300 3653 3518 3720 κακὴν,

1950 3744 2043 3796 καὶ
2066 3742 2381 3812 ἐπαγαγὼν,
2410 3745 2475 3797 Ol
2499 3744 2894 3813 ἐφαπτόμενοι
2919 3741 3231 3795 σαϐϐάτων
3254 3738 3519 3808 ψευδῶν,

1947 3832 2115 3897 ἔδειξε
2146 3833 2235 3887 διὰ
2259 3834 2361 3904 τῆς
2390 3835 2706 3905 ἐπαγωγῆς,
2734 3834 2851 3897 πῶς
2878 3829 2946 3904 ἦν
2967 3832 3149 3896 αὐτοῖς
3180 3830 3249 3884 τά
3275 3830 3521 3884 σάϐϐατα

1947 3923 2136 3996 ψευδῆ.
2168 3925 2293 3989 Πῶς
2324 3920 2416 3979 οὖν
2446 3925 2586 3979 αύτά
2611 3924 2826 3978 ἐποίουν
2854 3922 3059 3993 ψευδῆς
3090 3920 3180 3993 Τῷ
3206 3920 3405 3975 κακίαν
3431 3922 3523 3991 ἐρ-

1949 4013 2234 4080 γάζεσθαι,
2286 4013 2621 4086 τρυφῶντες,
2687 4011 3006 4082 μεθύοντες,
3064 4010 3159 4063 καὶ
3212 4009 3282 4063 τὰ
3351 4008 3523 4079 μυρία

1949 4099 2205 4172 αἴσχιστα
2266 4103 2362 4156 καὶ
2411 4101 2624 4173 χαλεπά
2667 4100 3017 4171 πράσσοντες.
3080 4098 3189 4152 Καὶ
3232 4097 3314 4150 ὅτι
3362 4095 3521 4149 τοῦτό

1948 4197 2098 4249 ἐστιν
2126 4193 2344 4265 ἀληθὲς,
2366 4192 2594 4246 ἄκουσον
2619 4189 2726 4245 τῶν
2751 4188 2896 4259 ἐξῆς.
2924 4187 3172 4240 Δείκνυσι
3193 4186 3301 4257 γάρ
3323 4185 3351 4239 ὃ
3372 4185 3522 4254 λέγω

1948 4285 2015 4340 δι’
2044 4278 2119 4340 ὧν
2152 4282 2313 4347 εὐθὺς
2341 4283 2534 4351 ἐπάγει
2576 4281 2669 4334 καὶ
2702 4279 2868 4348 λέγει·
2901 4280 2964 4333 Οἱ
2999 4276 3392 4341 καθεύδοντες
3420 4273 3521 4327 ἐπὶ

1950 4374 2177 4429 κλινῶν
2211 4373 2633 4443 ἐλεφαντίνων,
2675 4368 2776 4423 καί
2811 4364 3390 4430 κατασπαταλῶντες
3421 4360 3523 4415 ἐπὶ

1948 4465 2068 4519 τῶν
2106 4461 2431 4531 στρωμνῶν
2474 4457 2692 4523 αὐτῶν,
2726 4460 2780 4511 οί
2819 4457 3126 4522 ἐσθίοντες
3166 4452 3413 4523 ἐρίφους
3452 4452 3522 4506 ὲκ

1950 4554 2261 4623 ποιμνίων,
2292 4549 2390 4604 καὶ
2413 4546 2715 4618 μοσχάρια
2738 4545 2807 4599 ἐκ
2821 4544 3167 4610 ,Βουκολίων
3190 4543 3521 4613 γαλαθηνὰ,

1950 4647 2003 4698 οἱ
2033 4643 2311 4705 πίνοντες
2342 4636 2450 4691 τὸν
2476 4633 2866 4703 διυλισμένον
2889 4628 3078 4698 οἶνον,
3100 4632 3200 4685 καί
3229 4632 3300 4685 τὰ
3322 4630 3523 4698 πρῶτα

1945 4734 2105 4804 μύρα
2129 4723 2690 4800 χριόμενοι.”Ελαϐες
2709 4723 2770 4776 τὸ
2803 4721 3092 4785 σάϐϐατον,
3124 4722 3210 4775 ἵνα
3233 4720 3330 4789 τῆς
3364 4736 3523 4789 πονη-

1952 4823 2074 4895 ρίας
2106 4816 2423 4887 ἀπαλλάξῃς
2439 4815 2538 4875 τὴν
2569 4812 2769 4884 ψυχήν·
2807 4812 2872 4865 σὺ
2912 4811 2969 4864 δὲ
2998 4811 3169 4882 αὐτὴν
3203 4807 3518 4880 κατεργάξῃ

1950 4909 2131 4965 πλέον;
2174 4905 2239 4959 Τί
2271 4905 2379 4976 γὰρ
2420 4903 2486 4958 ἂν
2516 4903 2723 4972 γένοιτο
2757 4903 2855 4970 τῆς
2895 4898 3152 4971 βλακείας
3183 4897 3382 4969 ταύτης
3405 4899 3522 4967 χεῖ-

1952 5018 2064 5071 ρον,
2095 4999 2129 5070 ἦ
2167 4995 2227 5049 τὸ
2250 4996 2342 5049 ἐπὶ
2374 4992 2572 5047 κλινῶν
2606 4989 2962 5059 ἐλεφαντίνων
2997 4987 3277 5042 καθεύδειν
3298 5005 3311 5054 ;
3332 4989 3399 5041 Δί
3431 4987 3524 5043 ἄλ.

1948 5087 2037 5140 λαι
2061 5080 2325 5156 ἁμαρτίαι
2360 5079 2465 5133 κᾶν
2491 5079 2692 5151 μικράν
2715 5094 2839 5132 τινα
2870 5076 3063 5146 ἡδονὴν
3096 5076 3312 5146 ἔχωσιν,
3343 5071 3454 5129 οἷον
3487 5079 3523 5149 ἡ

1953 5173 2112 5245 μέθη,
2142 5174 2176 5244 ἡ
2212 5169 2492 5234 πλεονεξία
2522 5168 2616 5221 καὶ
2645 5165 2870 5220 ἀσωτία·
2899 5165 2960 5217 τὸ
2996 5164 3053 5217 δέ
3086 5164 3177 5216 ἐπὶ
3197 5163 3393 5217 κλινῶν
3414 5164 3524 5216 ἐλε-

1951 5262 2223 5334 φαντίνων
2281 5257 2632 5326 καθευδῆσαι,
2687 5252 2847 5306 ποίαν
2910 5252 3102 5322 ἡδονὴν
3153 5250 3298 5322 ἔχεις
3362 5252 3524 5307 ποίαν

1954 5347 2334 5423 παραμυθίαν;
2364 5345 2457 5415 Μὴ
2486 5343 2596 5413 γὰρ
2629 5339 2760 5411 ἡδίω
2786 5339 2880 5393 καὶ
2909 5337 3238 5412 γλυκύτερον
3268 5342 3401 5411 ἡμῖν
3431 5342 3524 5396 τὸν

1951 5441 2117 5495 ῦπνον
2147 5435 2440 5509 ἐργάζεται
2470 5432 2567 5502 τῆς
2598 5429 2785 5499 κλίνης
2814 5428 2874 5481 τὸ
2909 5426 3135 5494 κάλλος;
3180 5428 3525 5500 Φορτικώτα-

1949 5548 2040 5586 τον
2072 5527 2271 5600 μᾶλλον
2296 5523 2392 5595 μὲν
2419 5516 2513 5574 οὖν
2538 5519 2631 5573 καὶ
2652 5516 3050 5587 ἐπαχθέστατον
3080 5517 3256 5585 τοῦτο,
3279 5519 3376 5575 ἐάν
3401 5520 3524 5575 νοῦν

2019 5728 2034 5749 ⁸
2061 5725 2144 5776 Sic
2171 5728 2271 5773 tres
2296 5733 2433 5778 mss.,
2459 5721 2512 5766 cl
2530 5718 2600 5767 sic
2624 5717 2749 5781 legit
2770 5716 3017 5767 Erasmus.
3048 5714 3145 5767 Alii
3169 5718 3241 5767 ὅτι
3269 5720 3338 5768 δέ.
