4046 6146
491 331 596 387 9⁸3⁸5

492 459 630 508 mus,
660 455 827 512 eoque
859 439 1016 495 modo
1039 448 1450 493 consuescamus
1477 447 1668 503 capere
1694 431 1892 496 cibum,
1923 437 1978 481 ut
1997 425 2065 481 ad

493 534 655 587 vitam
686 530 936 586 tuendam
963 529 1238 584 dumtaxat
1259 524 1507 588 sufficiat,
1548 538 1656 577 non
1684 530 1742 575 ut
1770 536 1866 575 nos
1894 519 2069 572 valeat

491 621 824 691 disrumpere
849 628 905 675 et
922 634 1162 690 gravare.
1640 678 1653 688 ,

569 710 691 764 Νοιι
728 712 872 764 enim
927 709 983 761 in
1028 709 1132 762 hoc
1178 705 1290 760 nati
1320 708 1534 759 sumus
1584 718 1649 758 ac
1699 702 1951 769 vivimus,
1998 710 2063 757 ut

500 802 724 855 edamus
770 814 833 853 ac
870 799 1158 853 bibamus:
1215 796 1309 851 sed
1359 795 1480 850 ideo
1522 795 1752 859 edimus,
1801 801 1862 848 ut
1915 794 2068 849 viva-

419 873 429 893 ’
501 904 642 944 mus.
692 889 773 943 Ab
804 887 957 941 initio
988 902 1099 941 non
1134 894 1252 940 erat
1293 884 1397 940 cibi
1446 899 1609 938 causa
1646 884 1771 939 data
1801 884 1927 949 vita,
1973 884 2069 939 sed

500 981 627 1035 vitie
667 993 828 1035 causa
858 978 1015 1032 datus
1054 984 1139 1031 est
1166 976 1336 1030 cibus.
1369 974 1479 1029 Nos
1513 991 1642 1030 vero
1669 976 1891 1045 perinde
1920 976 2071 1044 quasi

500 1072 571 1128 ob
624 1071 728 1126 hoc
768 1070 944 1139 ipsum
986 1069 1312 1125 viveremus.
1366 1067 1438 1120 ita
1487 1074 1681 1121 cuneta
1733 1064 1783 1117 in
1839 1064 1942 1120 hoc
1990 1066 2073 1119 in-

500 1163 784 1218 sumimus.
824 1161 1088 1215 Creterum
1122 1167 1183 1212 ut
1225 1157 1595 1211 vehementior
1642 1156 1806 1211 etiam
1861 1156 2073 1210 fiatdc-

501 1254 743 1308 liciarum
782 1251 1106 1321 redarguitio,
1144 1249 1429 1317 acriusque
1459 1256 1659 1318 pungat
1702 1247 1757 1301 in
1801 1247 1885 1301 bis
1909 1248 2071 1302 vitam

501 1351 743 1410 agentes.
773 1354 870 1409 age
903 1355 1092 1393 rursus
1128 1339 1195 1393 ad
1228 1338 1486 1391 Lazarum
1523 1337 1820 1391 referamus
1865 1352 2070 1390 sermo-

502 1447 649 1485 nem.
693 1430 807 1485 Hoc
850 1430 994 1486 enim
1049 1438 1204 1498 pacto
1254 1428 1365 1489 ﬁet,
1399 1435 1458 1480 ut
1495 1428 1651 1483 nobis
1694 1428 1764 1482 sit
1807 1426 2072 1483 elficacior

502 1522 799 1575 admonitio
836 1520 1228 1589 consiliumque
1258 1529 1519 1583 nostrum,
1556 1534 1677 1572 cum
1710 1518 1934 1573 videatis
1962 1533 2069 1571 non

502 1613 702 1675 verbis,
750 1613 843 1666 sed
898 1612 1053 1666 factis
1101 1611 1298 1680 cerripi
1353 1611 1637 1680 puuirique
1681 1625 1797 1671 eos,
1849 1611 1943 1680 qui
1984 1610 2070 1662 in-

502 1704 724 1774 dulgent
753 1703 1026 1774 ingluviei.
1061 1704 1219 1757 Dives
1257 1703 1419 1773 igitur
1452 1702 1539 1757 ille
1584 1719 1706 1758 cum
1735 1712 1879 1758 tanta
1923 1702 2069 1757 vive-

505 1796 595 1849 bat
629 1793 991 1863 improbitate,
1031 1795 1274 1863 quotidie
1313 1794 1522 1848 deliciis
1551 1809 1768 1859 vacans,
1802 1795 2072 1864 laetisque

504 1886 700 1956 patinis
729 1885 1027 1951 fruebatur,
1059 1894 1115 1939 et
1136 1885 1435 1955 splendidis
1457 1885 1696 1940 vestibus
1726 1887 2070 1953 induebatur,

505 1976 720 2047 gravius
768 1976 868 2031 sibi
917 1976 1016 2046 ipsi
1065 1977 1387 2047 supplicium
1434 1992 1737 2042 accersens,
1791 1978 2073 2047 majusque

503 2083 702 2138 parans
731 2067 1079 2132 incendium,
1127 2083 1192 2122 ac
1241 2067 1531 2122 vindictam
1572 2067 1664 2121 Dei
1711 2068 1942 2122 reddens
1976 2068 2074 2121 im-

505 2157 844 2227 placabilem,
871 2157 1132 2212 ultionem
1152 2172 1498 2228 exasperans,
1521 2157 1600 2213 sic
1633 2166 1692 2212 ut
1719 2159 1892 2215 veniae
1922 2159 2074 2214 locus

504 2265 612 2305 non
656 2259 823 2305 esset.
1584 2315 1593 2325 ε

570 2341 852 2409 Paupertas
883 2356 982 2393 non
1010 2336 1242 2409 querula.
1270 2368 1342 2378 —
1373 2338 1576 2407 Pauper
1605 2347 1779 2391 autem
1807 2337 2072 2407 projectus

495 2441 612 2486 erat
637 2433 687 2484 in
714 2431 997 2493 vestibulo,
1040 2447 1135 2484 nec
1174 2439 1345 2482 tamen
1373 2437 1488 2481 erat
1513 2442 1773 2489 morosus,
1803 2442 1902 2482 nec
1926 2427 2071 2481 dice-

495 2526 586 2579 bat
609 2524 867 2588 convicia,
910 2538 1008 2577 nec
1051 2521 1441 2591 indignabatur.
1471 2518 1583 2573 Non
1609 2518 1819 2573 dicebat
1847 2518 1985 2587 apud
2013 2532 2073 2572 se

494 2615 638 2686 quod
666 2615 849 2669 dicunt
892 2614 1231 2682 complures:
1273 2611 1397 2680 quid
1429 2611 1639 2665 tandem
1678 2620 1760 2665 est
1805 2608 1943 2663 hoc?
1972 2610 2074 2664 Iste

494 2705 583 2773 qui
612 2704 903 2772 improbam
921 2702 1295 2770 crudelcmque
1311 2700 1469 2754 vitam
1496 2700 1602 2769 agit
1630 2711 1685 2754 et
1705 2700 2066 2765 inhumanam,

495 2796 745 2851 orantibus
770 2809 928 2864 supra
954 2809 1110 2863 quam
1141 2808 1276 2863 opus
1314 2801 1397 2847 est
1436 2790 1628 2845 fruitur
1655 2791 1831 2855 rebus,
1863 2805 1961 2845 nec
1990 2790 2071 2843 ul-

495 2887 600 2942 lam
628 2885 791 2940 animi
818 2885 1114 2939 molestiam
1136 2885 1351 2954 patitur,
1384 2898 1482 2938 nec
1507 2882 1651 2937 aliud
1678 2882 1963 2953 quidquam
1991 2883 2072 2936 in-

494 2977 789 3046 Opinatum,
814 2976 988 3046 qualia
1019 2976 1182 3029 multa
1209 2974 1382 3028 solent
1419 2974 1470 3028 in
1511 2973 1672 3029 rebus
1712 2972 1955 3027 humanis
1980 2987 2071 3027 ac-

495 3069 694 3132 cidere,
716 3068 809 3122 sed
839 3081 967 3135 pura
1005 3067 1277 3135 voluptate
1298 3064 1485 3119 fruitur
1509 3082 1523 3117 :
1549 3065 1678 3118 mihi
1709 3079 1835 3118 vero
1860 3079 1928 3119 ne
1954 3074 2067 3117 tan‘

497 3170 607 3215 tum
648 3159 861 3229 quidem
894 3159 1197 3227 impartitur
1232 3157 1516 3223 alintonize,
1548 3169 1801 3226 quantum
1844 3159 2074 3227 postulat

496 3251 807 3306 necessitas.
835 3249 1029 3304 Verum
1063 3249 1148 3303 isti
1176 3249 1264 3316 qui
1294 3249 1345 3303 in
1377 3250 1635 3317 parasitos
1663 3260 1716 3304 et
1744 3249 2069 3314 adulatores,

495 3356 560 3395 ac
600 3341 960 3396 temulentiam
985 3338 1239 3409 quidquid
1270 3338 1429 3393 habet
1472 3339 1758 3406 consumit,
1788 3355 1893 3393 non
1922 3339 2077 3394 aliter

497 3448 653 3502 quam
706 3447 737 3487 e
767 3431 913 3486 fonte
951 3441 1140 3485 cuncta
1180 3430 1419 3484 affluunt.
1449 3431 1559 3500 Ego
1584 3446 1743 3500 porro
1773 3432 1857 3487 hic
1897 3432 2070 3501 jaceo,

497 3523 800 3593 exemplum
829 3524 892 3577 iis
921 3525 1010 3592 qui
1039 3538 1124 3577 me
1160 3524 1512 3592 conspiciunt,
1550 3524 1803 3592 probrum
1834 3539 1896 3578 ac
1934 3524 2075 3577 ludi-

501 3614 697 3677 brium,
728 3612 865 3666 fame
891 3613 1291 3666 contabescens.
1314 3614 1394 3666 An
1420 3612 1535 3666 hec
1558 3622 1682 3667 sunt
1704 3613 2074 3682 providentiae?

502 3705 582 3758 Au
612 3702 720 3755 ulla
758 3684 961 3770 justitia
996 3700 1207 3770 respicit
1238 3716 1322 3755 res
1363 3700 1679 3755 hominum?
1718 3701 1856 3756 Nihil
1887 3703 2073 3758 horum

501 3806 675 3861 neque
700 3790 853 3853 dixit,
880 3805 1051 3859 neque
1077 3790 1343 3860 cogitavit.
1372 3790 1522 3845 Unde
1552 3790 1652 3845 hoc
1681 3792 1881 3862 liquet?
1912 3795 1985 3848 Ex
2011 3810 2077 3849 eo

500 3883 637 3953 quo-.l
660 3882 828 3953 angeli
864 3882 1115 3951 stipatum
1165 3882 1311 3935 illum
1332 3881 1683 3950 deduxerunt,
1716 3884 1873 3954 inque
1900 3884 2074 3940 sinum

501 3974 727 4028 Abrahae
773 3973 1008 4030 delatum
1040 3973 1419 4044 deposuerunt.
1461 3975 1611 4041 Quod
1656 3977 1701 4031 si
1733 3976 2076 4046 blasphemus

501 4062 702 4128 fuisset,
742 4079 1070 4135 nequaquam
1118 4064 1191 4118 illi
1239 4074 1438 4119 tantum
1468 4066 1781 4135 contigisset
1825 4067 2071 4122 honoris.

503 4152 576 4209 Ita
603 4155 781 4209 cmteri
807 4155 1018 4225 quidem
1045 4156 1113 4210 ob
1140 4154 1242 4209 hoc
1267 4156 1480 4210 demum
1509 4164 1781 4224 tantopere
1821 4158 2080 4212 mirantur

499 4237 767 4301 hominem
788 4244 927 4314 quod
946 4246 996 4299 in
1013 4254 1318 4315 paupertate
1336 4246 1544 4301 vixerit.
1571 4247 1680 4317 Ego
1693 4263 1819 4303 vero
1833 4248 2000 4303 doceo
2020 4249 2079 4303 il-

503 4334 609 4388 lum
628 4352 816 4391 novem
838 4338 1094 4405 supplicia
1117 4338 1414 4407 pertulisse,
1436 4354 1539 4393 non
1551 4354 1655 4409 quo
1673 4340 1965 4409 puniretur,
1984 4342 2075 4395 sed

503 4443 607 4497 quo
634 4429 827 4482 clarior
857 4430 1201 4495 redderetur;
1250 4431 1391 4500 quod
1435 4432 1647 4503 quidem
1675 4433 1834 4488 etiam
1877 4436 2073 4490 evenit.

575 4510 859 4586 Paupertas
899 4521 1064 4589 gravis
1092 4521 1201 4574 sine
1228 4520 1571 4591 pliilosOpIiia.
1592 4551 1667 4563 -—
1688 4522 1819 4577 Nam
1846 4540 2076 4595 pauper-

502 4620 583 4665 tas
609 4609 820 4680 quidem
846 4625 932 4665 res
956 4621 1037 4665 est
1065 4626 1187 4665 vere
1211 4613 1428 4666 molesta
1452 4629 1467 4665 :
1493 4613 1595 4668 hoc
1619 4625 1814 4669 norunt
1837 4617 2079 4685 quicum-

503 4718 605 4770 que
633 4710 757 4756 sunt
778 4700 1004 4770 experti.
1036 4700 1145 4756 Nec
1173 4703 1313 4757 enim
1342 4703 1444 4756 ulla
1479 4705 1649 4759 oratio
1678 4707 1845 4776 possit
1867 4708 2075 4778 assequi

503 4793 812 4859 crueiatum,
843 4807 1001 4863 quem
1031 4793 1292 4847 sustinent
1338 4795 1371 4848 ii
1398 4795 1489 4864 qui
1522 4797 1571 4849 in
1619 4806 1929 4867 paupertate
1972 4799 2042 4855 de

502 4892 650 4954 gunt,
683 4883 728 4938 si
754 4884 996 4938 nesciant
1022 4884 1096 4938 uti
1127 4884 1484 4955 philosophia.
1513 4886 1569 4941 ιιι
1596 4887 1794 4943 Lazaro
1821 4905 1947 4944 vero
1972 4905 2076 4944 non

503 4973 600 5029 ista
628 4982 828 5028 tantum
867 4984 981 5028 erat
1005 4975 1299 5042 calamitas,
1328 4992 1509 5031 verum
1537 4979 1695 5033 etiam
1736 4979 1957 5035 adversa
1984 4995 2046 5033 va

505 5066 685 5123 letudo
726 5076 842 5121 erat
865 5065 1045 5131 affixa,
1087 5083 1257 5138 eaque
1297 5083 1456 5138 supra
1485 5070 1699 5125 modum
1724 5072 1919 5140 gravis.
1951 5072 2081 5127 Vide

503 5157 762 5228 siquidem
793 5157 1239 5228 quemadmodum
1260 5158 1496 5214 declarat
1515 5168 1791 5230 utramque
1811 5160 2082 5216 calamita-

504 5258 612 5305 tem
638 5248 704 5305 ad
728 5263 991 5305 summum
1018 5250 1351 5320 pervenisse.
1377 5251 1506 5305 Nam
1534 5251 1675 5321 quod
1703 5266 1914 5307 omnem
1945 5268 2078 5322 pau-

506 5349 762 5409 pertatem
791 5338 976 5394 Lazari
1007 5351 1287 5411 paupertas
1319 5350 1429 5395 tum
1458 5343 1803 5411 superaverit,
1839 5343 2080 5398 declara-

504 5433 576 5485 vit
608 5431 808 5497 dicens,
833 5431 973 5501 quod
1003 5448 1070 5487 ne
1097 5434 1249 5488 micis
1285 5434 1500 5500 quidem
1531 5435 1685 5504 potiri
1715 5434 1938 5499 licuerit,
1964 5451 2083 5505 qu:e

503 5520 765 5575 cadebant
792 5522 859 5575 de
885 5538 1067 5576 mensa
1092 5523 1268 5577 divitis
1297 5523 1448 5592 (Luc.
1478 5527 1563 5580 lG.
1590 5526 1703 5596 2|).
1736 5527 1900 5581 Porro
1942 5526 2080 5597 quod

506 5612 755 5667 valetudo
782 5627 994 5683 quoque
1019 5613 1084 5689 ad
1102 5614 1345 5669 eamdem
1367 5631 1668 5672 mensuram
1696 5619 1992 5688 pervenerit
2014 5618 2079 5672 ad

506 5720 665 5773 quam
690 5694 999 5774 paupertas,
1022 5703 1157 5759 ultra
1182 5719 1337 5776 quam
1369 5722 1478 5762 non
1510 5719 1685 5779 posset
1711 5710 1939 5780 amplius
1960 5725 2081 5782 pro-

1194 324 1249 380 S.
1290 320 1564 377 JUANNIS
1601 314 2065 374 CIIIi'iSOSTOMl
2101 312 2414 370 ARCIIIEP.
2455 312 2982 379 (ΞΟΝΞΤᾼΝΤΙΝΟΡ.
3627 321 3716 378 975

2179 426 2323 490 ferri,
2375 435 2429 481 et
2469 425 2519 480 id
2561 441 2773 496 quoque
2800 442 2984 482 rursus
3020 426 3326 494 declaravit,
3358 428 3554 497 dicens,
3593 435 3712 502 quod

2172 532 2333 572 canes
2356 517 2623 587 lingebant
2642 517 2818 572 ulcera
2849 517 3003 587 ejus:
3033 516 3168 572 adeo
3185 528 3300 572 erat
3320 516 3499 574 fractis
3520 522 3709 590 viribus,

2174 619 2231 664 ut
2261 625 2327 665 ne
2354 624 2517 664 canes
2544 610 2760 679 quidem
2790 618 2969 679 posset
2993 609 3225 680 abigere,
3256 611 3352 665 sed
3381 610 3549 665 vivum
3575 614 3711 667 cada-

2174 715 2272 755 ver
2293 700 2521 770 jacebat,
2549 700 2737 755 videns
2774 700 2986 771 quidem
3012 715 3106 756 eos
3145 712 3505 765 aceurrentes,
3537 721 3710 776 nequa-

2172 808 2328 862 quam
2356 801 2530 847 tamen
2559 792 2742 847 valens
2761 792 3064 862 depellere:
3093 808 3262 862 usque
3291 794 3426 847 adeo
3469 796 3539 848 illi
3566 813 3711 852 mem-

2174 884 2267 938 bra
2299 892 2450 939 erant
2478 884 2670 950 soluta,
2704 900 2867 953 usque
2910 884 3043 938 adeo
3082 895 3236 939 erant
3277 886 3503 947 arefacta
3534 891 3710 957 inorbo,

2175 991 2340 1046 usque
2370 975 2503 1030 adeo
2530 985 2841 1044 coasumpta
2865 986 3013 1029 erant
3037 975 3343 1030 afflictione.
3391 976 3544 1031 Vides
3579 979 3714 1034 velit-.-

2176 1078 2382 1122 menter
2419 1083 2682 1138 supraque
2712 1067 2925 1121 modum
2950 1076 3003 1121 et
3044 1077 3435 1137 paupertatem,
3463 1081 3513 1124 et
3539 1073 3713 1126 valetu-

2174 1158 2351 1212 dinem
2377 1168 2769 1228 oppugnantem
2813 1173 3006 1227 corpus
3052 1158 3228 1213 illius?
3266 1158 3420 1226 Quod
3465 1160 3510 1213 si
3555 1161 3714 1216 horum

2177 1250 2588 1318 unumquodque
2621 1264 2713 1317 per
2732 1262 2791 1304 se
2809 1248 3140 1303 intolerabile
3165 1258 3250 1303 est
3269 1259 3324 1302 et
3341 1251 3597 1317 acerbum,
3613 1268 3714 1306 cum

2175 1339 2330 1395 simul
2367 1340 2762 1409 conglomerata
2790 1338 3001 1404 fuerint,
3033 1354 3210 1393 annon
3246 1339 3465 1394 adamas
3489 1344 3715 1412 quispiam

2174 1430 2352 1495 fuerit,
2384 1431 2473 1501 qui
2517 1430 2632 1485 hate
2674 1430 2940 1498 perferat?
2969 1429 3116 1483 Multi
3161 1428 3467 1499 frequenter
3510 1432 3717 1487 laborant

2174 1522 2393 1576 adversa
2439 1521 2753 1585 valetudine,
2802 1530 3054 1574 cmterum
3083 1535 3187 1574 non
3214 1530 3374 1590 egent
3418 1521 3496 1580 iis,
3532 1539 3635 1589 qu:e
3659 1524 3711 1576 ad

2176 1611 2371 1665 vietum
2401 1619 2526 1665 sunt
2553 1611 2872 1664 necessaria.
2904 1610 3007 1663 Alii
3040 1610 3338 1680 paupertati
3360 1619 3598 1666 extrema-
3616 1624 3716 1668 sunt

2176 1701 2413 1765 obnoxii,
2444 1716 2628 1756 verum
2658 1701 2927 1769 potiuntur
2952 1700 3090 1756 bona
3120 1702 3443 1766 valetudine,
3471 1704 3544 1759 sic
3572 1715 3621 1759 ut
3650 1707 3715 1760 al-

2179 1802 2288 1850 tera
2316 1807 2407 1848 res
2441 1793 2660 1848 alterius
2697 1793 2768 1847 sit
2806 1794 3078 1860 solatium,
3130 1795 3257 1850 huic
3287 1811 3413 1850 vero
3438 1798 3584 1851 ambo
3606 1813 3716 1852 con-

2176 1884 2461 1939 currebant
2510 1885 2666 1939 mala.
2713 1885 2826 1954 Age
2870 1899 3054 1954 posses
3097 1885 3226 1940 mihi
3261 1887 3530 1942 nominare
3557 1906 3715 1957 quem:

2177 1977 2338 2046 piam,
2368 1975 2526 2028 simul
2556 1983 2610 2030 et
2637 1974 2875 2029 adversae
2921 1975 3205 2030 valetudini
3235 1985 3291 2031 et
3337 1980 3614 2046 paupertati
3635 1979 3716 2033 ob-

2178 2067 2390 2121 noxium
2404 2067 2428 2119 ?
2441 2064 2542 2120 Sed
2564 2081 2667 2119 non
2685 2080 2851 2134 usque
2876 2066 3008 2120 adeo
3024 2066 3326 2121 desolatum
3344 2083 3405 2121 ae
3423 2068 3715 2122 destitutum.

2177 2158 2306 2212 Nam
2336 2158 2425 2212 ille
2469 2156 2685 2227 quidem
2724 2173 3040 2227 quantiquanti
3072 2174 3176 2212 non
3224 2174 3297 2213 ex
3341 2173 3460 2215 sese
3501 2175 3656 2229 neque
3692 2176 3717 2215 a

2092 2284 2101 2290 η
2177 2248 2503 2312 domesticis,
2550 2258 2726 2303 tamen
2755 2248 2823 2302 ab
2866 2248 2951 2312 iis,
2997 2249 3088 2318 qui
3131 2248 3340 2314 vident,
3387 2250 3715 2305 misericordia

2178 2339 2329 2394 ﬂexis
2371 2338 2634 2392 sublevari
2675 2347 2868 2408 potest,
2918 2338 2971 2391 in
3004 2337 3238 2392 medium
3291 2342 3588 2409 projeclus:
3617 2340 3719 2394 huic

2178 2446 2306 2485 vero
2348 2430 2618 2485 molestias
2643 2443 2754 2493 cas,
2787 2443 2918 2499 quas
2943 2440 3097 2485 antea
3121 2429 3379 2496 diximus,
3426 2432 3718 2486 molestiores

2179 2521 2452 2585 reddebat,
2484 2520 2624 2590 quod
2669 2529 2813 2575 esset
2851 2520 2919 2573 ab
2946 2521 3198 2575 omnibus
3225 2521 3474 2576 cherlus
3499 2539 3513 2576 :
3537 2531 3586 2576 et
3608 2521 3718 2574 hanc

2180 2613 2346 2681 ipsam
2374 2611 2711 2666 solitudinem
2732 2626 2940 2665 rursum
2968 2610 3336 2666 molestiorem
3358 2597 3585 2675 faciebat,
3600 2610 3717 2681 quod

2180 2704 2231 2757 iu
2262 2703 2525 2759 vestibulo
2543 2703 2722 2757 divitis
2742 2703 2964 2773 jaceret.
2992 2703 3200 2757 Etenim
3231 2705 3281 2758 si
3310 2705 3361 2758 iti
3386 2713 3518 2759 terra
3540 2704 3717 2758 deserta

2181 2796 2445 2865 nullisque
2475 2795 2705 2866 habitata
2747 2795 2931 2864 jacens
2962 2796 3077 2851 hme
3113 2811 3309 2865 passus
3341 2796 3541 2862 fuisset,
3572 2798 3718 2866 negle-

2146 2936 2149 2939 .
2179 2896 2400 2956 ctusque
2424 2884 2698 2955 jacuisse't,
2730 2901 2834 2941 non
2865 2896 3066 2941 tantutn
3096 2887 3394 2943 doluisset:
3422 2905 3536 2943 nam
3560 2888 3600 2943 si
3623 2889 3720 2941 nul-

2180 2978 2264 3031 lus
2292 2978 2447 3037 adsit,
2477 2977 2579 3031 hoc
2603 2977 2772 3046 ipsum
2803 2978 2962 3031 etiam
2994 2977 3190 3033 nolenti
3214 2978 3513 3048 persuadet,
3534 2988 3583 3033 ιιι
3608 2978 3720 3033 ferat

2178 3084 2295 3138 qu:e
2315 3067 2579 3122 accidunt.
2603 3068 2863 3131 Craterum
2894 3068 3032 3137 quod
3058 3068 3108 3122 in
3136 3071 3320 3124 medio
3341 3078 3444 3124 tam
3470 3069 3717 3123 multorum

2174 3160 2379 3230 jacens,
2410 3159 2651 3214 ebrietati
2682 3159 3083 3229 indulgentium,
3116 3161 3356 3216 suaviter
3394 3160 3671 3224 viventium,
3693 3174 3716 3213 a

2180 3251 2392 3304 nemine
2408 3251 2492 3306 vel
2511 3250 2779 3320 vulgarem
2796 3265 2978 3305 curam
3000 3251 3420 3318 nancisceretur,
3436 3252 3485 3306 id
3499 3250 3719 3306 reddebat

2179 3355 2395 3395 sensum
2420 3340 2662 3395 dolorum
2692 3342 2974 3406 acriorem,
3004 3343 3282 3411 magisque
3309 3341 3719 3397 incendebatani-

2181 3432 2250 3485 mi
2281 3431 2668 3502 argritudinem.
2696 3431 2811 3495 Non
2839 3432 2980 3485 enim
3007 3432 3229 3501 perinde
3252 3433 3301 3487 si
3324 3433 3491 3487 absint
3512 3431 3592 3501 qui
3616 3444 3719 3483 suc-

2179 3530 2414 3587 currant,
2440 3529 2598 3590 atque
2626 3522 2669 3575 si
2694 3521 2872 3575 adsint
2895 3521 3130 3590 quidem,
3163 3518 3263 3576 sed
3292 3524 3458 3576 nolint
3484 3523 3719 3592 porrigere

2180 3627 2415 3678 manum,
2434 3611 2678 3666 mordere
2702 3611 2837 3665 solet
2860 3612 3093 3665 aninmm
3117 3613 3168 3665 in
3188 3613 3582 3675 calamitatibus,
3601 3609 3717 3680 quod

2180 3702 2391 3770 quidem
2431 3711 2538 3755 tum
2571 3703 2689 3755 huic
2718 3701 2928 3755 accidit.
2968 3701 3154 3756 Nullus
3182 3712 3303 3758 erat
3329 3703 3415 3772 qui
3441 3702 3584 3757 dictis
3608 3717 3718 3755 con-

2180 3791 2461 3854 solaretur,
2509 3791 2686 3845 nullus
2733 3792 2821 3861 qui
2868 3792 3018 3846 factis
3064 3791 3284 3848 afferret
3328 3793 3582 3860 solatium,
3629 3807 3716 3846 non

2180 3883 2404 3948 amicus,
2441 3898 2546 3936 non
2590 3883 2815 3949 vicinus,
2858 3898 2962 3937 non
3005 3894 3288 3954 cognatus,
3331 3902 3433 3941 non
3461 3885 3715 3941 videntium

2181 3974 2458 4043 quisquam
2483 3991 2497 4028 :
2525 3975 2659 4029 adeo
2686 3984 2800 4030 erat
2831 3985 2936 4030 tota
2962 3975 3139 4030 divitis
3161 3991 3412 4049 corrupta
3439 3978 3635 4032 familia.

2253 4067 2340 4122 10.
2379 4066 2458 4121 Ad
2491 4066 2604 4120 haec
2626 4066 2781 4121 aliam
2802 4067 3002 4123 doloris
3021 4071 3383 4126 accessionem
3408 4069 3715 4139 adjungebat.

2181 4156 2323 4226 quod
2368 4155 2592 4211 alterum
2645 4156 2791 4211 illuni
2839 4158 2891 4212 in
2945 4158 3195 4215 felicitate
3219 4160 3588 4230 conSpiciebat,
3630 4172 3715 4210 non

2183 4247 2322 4318 quod
2349 4248 2561 4304 invidus
2586 4257 2730 4304 esset
2748 4264 2812 4304 ac
2840 4266 3054 4320 pravus,
3077 4253 3172 4308 sed
3199 4255 3343 4323 quod
3369 4268 3547 4307 omnes
3571 4252 3719 4306 solent

2183 4341 2237 4394 in
2267 4341 2492 4394 aliorum
2536 4343 2890 4411 prosperitate
2936 4345 3114 4399 aerius
3140 4360 3267 4401 suas
3297 4347 3493 4402 sentire
3526 4341 3716 4399 calami-

2185 4443 2339 4488 tates.
2368 4432 2425 4487 In
2446 4433 2611 4488 divite
2631 4443 2807 4489 autem
2830 4443 2948 4490 erat
2970 4437 3167 4506 aliquid
3192 4440 3362 4508 majus
3385 4438 3447 4492 ad
3479 4437 3608 4491 illius
3624 4432 3720 4488 ani-

2184 4540 2327 4578 tnum
2358 4526 2791 4581 exulcerandum.
2833 4527 2947 4582 Non
2993 4529 3134 4583 enim
3177 4530 3349 4584 solum
3396 4544 3538 4584 suam
3579 4526 3719 4595 ipsius

2182 4616 2535 4671 calamitatem
2576 4632 2697 4671 cum
2738 4617 2879 4672 illius
2905 4619 3253 4688 prosperitate
3294 4619 3583 4683 conferens,
3618 4628 3719 4685 gra-

2183 4708 2384 4761 viorem
2424 4706 2679 4762 reddebat
2721 4723 2936 4764 suorum
2973 4708 3233 4764 malorum
3279 4725 3519 4774 sensum,
3559 4718 3716 4761 verum

2185 4799 2343 4851 etiam
2390 4799 2723 4868 perpendens
2765 4800 2905 4870 quod
2936 4801 3026 4855 ille
3054 4801 3214 4854 vitam
3257 4801 3452 4856 ducens
3478 4798 3714 4854 crudelem

2184 4900 2241 4945 et
2267 4889 2628 4953 inhumanam,
2658 4891 2711 4945 in
2739 4889 2987 4945 omnibus
3027 4902 3445 4960 prosperaretur,
3474 4891 3579 4959 ipse
3611 4899 3717 4938 vero

2185 4979 2433 5033 virtutem
2462 4994 2523 5033 ac
2551 4980 2863 5035 modestiam
2892 4981 3192 5050 amplexus,
3221 4990 3455 5036 extrema
3482 4984 3714 5047 pateretur

2186 5070 2358 5137 mala,
2424 5071 2856 5126 inconsolabilem
2929 5072 3092 5126 animi
3147 5073 3441 5127 molestiam
3506 5078 3555 5123 et
3616 5066 3719 5119 hinc

2184 5162 2451 5216 sustinuit.
2508 5161 2638 5215 Nam
2689 5163 2733 5215 si
2782 5164 2861 5216 vir
2898 5162 3071 5232 justus
3119 5161 3301 5219 fuisset
3328 5163 3492 5225 dives,
3537 5159 3576 5212 si
3621 5168 3696 5209 tuo

2184 5250 2387 5317 destus,
2435 5251 2480 5304 si
2530 5250 2917 5321 suspiciendas,
2964 5253 3008 5306 si
3053 5254 3198 5306 omni
3237 5253 3429 5307 virtute
3469 5245 3711 5317 prarditus,

2188 5356 2521 5412 nequaquam
2572 5340 2646 5395 illi
2692 5342 2912 5411 perinde
2956 5343 3236 5398 doluisset.
3267 5340 3414 5397 Nune
3461 5350 3574 5390 vero
3610 5345 3711 5387 cum

2185 5430 2335 5486 dives
2360 5440 2523 5498 esset,
2553 5432 2912 5503 improbmque
2932 5434 3074 5499 vitae,
3100 5445 3154 5489 et
3179 5434 3243 5488 ad
3270 5441 3553 5489 extremum
3574 5435 3713 5490 usque

2188 5522 2401 5576 malitia:
2429 5532 2729 5593 provectus,
2778 5535 2832 5577 et
2867 5532 3065 5578 tantam
3096 5525 3522 5579 inhumanitatem
3562 5524 3711 5569 osten-

2186 5615 2340 5679 dens,
2384 5625 2440 5669 et
2480 5615 2726 5671 hostilem
2770 5616 3006 5669 animum
3037 5633 3249 5687 gerens,
3277 5632 3373 5671 nec
3406 5625 3550 5667 secus
3572 5614 3708 5673 :Il‘l“0

2189 5707 2415 5778 lapidem
2460 5708 2630 5778 ipsum
2664 5718 3098 5780 praetercurrens,
3130 5711 3244 5769 sine
3272 5704 3587 5767 verecundia,
3612 5698 3707 5753 sine

3938 2460 3939 2537 ι

3937 2892 3939 3012 l

3936 3274 3939 3401 Ι
