4046 6146
522 232 621 291 877

516 349 768 420 ἐννόησον
811 347 932 412 πῶς
962 350 1107 412 εἰκὸς
1154 343 1244 420 ἦν,
1277 348 1467 418 ὥσπερ
1509 348 1833 417 ἐπαλλήλοις
1880 345 2092 414 κύμασι

520 438 803 511 βαπτίζειν
821 438 984 493 αὐτὸν
1008 438 1103 492 τοῦ
1127 442 1355 509 πένητος
1370 438 1469 510 τὴν
1493 438 1697 509 ψυχήν·
1728 434 1981 506 ἐννόησον
2004 432 2094 485 τὸν

518 525 788 598 Λάζαρον.
837 523 950 581 οἷον
1003 527 1152 590 εἰκὸς
1182 521 1250 597 ἦν
1275 522 1438 591 εἶναι,
1487 522 1699 597 δρῶντα
1740 520 2094 598 παρασίτους,

520 595 781 680 κόλακας,
804 615 1019 679 οἰκέτας
1034 595 1445 678 ἀναϐαίνοντας,
1468 595 1917 676 καταϐαίνοντας,
1936 595 2098 673 eam:

518 719 637 768 τας,
671 704 959 770 εἰσιόντας,
988 702 1442 774 κατατρέχοντας,
1464 701 1844 774 θορυϐοῦντας,
1872 697 2098 771 μεθύον-

518 808 639 855 τας,
675 792 982 863 πηδῶντας,
1027 794 1123 845 καὶ
1162 792 1340 845 πᾶσαν
1363 790 1532 861 ἀλλην
1572 789 1860 857 ἀσέλγειαν
1898 784 2099 839 ἐπιδει-

521 881 840 952 κνυμένους.
897 882 1108 952 Ὥσπερ
1156 880 1267 953 γὰρ
1297 881 1364 934 δι’
1402 878 1535 933 αὐτὸ
1581 876 1737 932 τοῦτο
1769 874 1959 939 ἐλθὼν,
2008 874 2098 927 ἵνα

523 968 735 1039 μάρτυς
831 967 941 1021 τῶν
962 967 1256 1040 ἀλλοτρίων
1289 965 1528 1035 ἀγαθῶν,
1563 963 1737 1027 οὕτως
1770 965 1850 1026 εἰς
1881 961 1971 1016 τὸν
1998 977 2100 1012 πυ-

521 1056 665 1109 λῶνα
714 1057 969 1127 ἔρριπτο,
998 1056 1254 1110 τοσοῦτον
1294 1054 1421 1120 ζῶν,
1456 1054 1579 1106 ὅσον
1609 1048 1959 1106 αἰσθάνεσθαι
1985 1044 2097 1118 εἶχε

520 1143 628 1200 τῶν
652 1144 867 1197 οἰκείων
896 1143 1081 1197 κακῶν
1108 1144 1289 1214 μόνον,
1307 1143 1366 1196 ὲν
1395 1140 1573 1211 λιμένι
1603 1138 1859 1207 ναυάγιον
1891 1135 2099 1206 ὑπομέ-

520 1249 646 1295 νων,
683 1233 914 1305 πλησίον
949 1232 1133 1304 πηγῆς
1158 1230 1287 1302 δίψῃ
1312 1228 1673 1303 χαλεπωτάτῃ
1699 1226 1796 1298 τὴν
1811 1223 1987 1297 ψυχὴν
2009 1224 2101 1294 ἀγ-

522 1338 586 1391 χο
593 1339 774 1391 μενος.

592 1409 744 1462 Εἴπω
776 1426 829 1461 τι
856 1408 951 1461 καὶ
979 1407 1166 1477 ἓτερον
1192 1406 1327 1476 πρὸς
1353 1404 1565 1466 τούτοις
1592 1401 1791 1467 κακόν;
1817 1401 1931 1455 Ούκ
1955 1397 2099 1470 εἶχεν

406 1524 413 1535 ι
522 1495 603 1558 εἰς
630 1495 818 1564 ἕτερον
840 1492 991 1567 [722]
1021 1491 1273 1563 Λάζαρον
1303 1492 1449 1546 ἰδεῖν.
1496 1493 1687 1561 Ἡμεῖς
1719 1489 1816 1561 μὲν
1853 1487 1963 1559 γὰρ
1995 1487 2101 1540 κᾶν

527 1582 695 1653 μυρία
716 1582 978 1652 πάθωμεν
994 1584 1160 1646 κακὰ,
1189 1580 1304 1634 ἀλλ’
1321 1580 1517 1651 ἔχομεν
1546 1581 1626 1642 εἰς
1646 1581 1852 1632 ἐκεῖνον
1882 1577 2099 1641 ἰδόντες,

526 1671 718 1740 ἰκανὴν
748 1668 999 1740 δέχεσθαι
1045 1668 1412 1739 παράκλησιν,
1456 1667 1549 1721 καὶ
1576 1665 1775 1737 πολλῆς
1800 1664 2102 1719 ἀπολαῦσαι

521 1759 623 1828 τῆς
654 1757 1033 1829 παραμυθίας.
1084 1757 1158 1810 Τὸ
1204 1755 1314 1828 γὰρ
1350 1755 1642 1818 κοινωνοὺς
1686 1754 1963 1826 εὑρίσκειν
1994 1751 2102 1806 τῶν

523 1846 739 1899 οἰκείων
762 1844 948 1900 κακῶν
979 1846 1089 1917 ἢέν
1106 1845 1445 1917 πράγμασιν,
1477 1843 1510 1913 ἢ
1532 1845 1590 1897 ὲν
1620 1844 1946 1914 διηγήμασι,
1975 1841 2104 1896 πολ-

521 1933 619 2006 λὴν
650 1934 805 2006 φέρει
832 1937 945 1997 τοῖς
976 1932 1336 2004 ὀδυνωμένοις
1364 1931 1730 2005 παράκλησιν.
1784 1930 2019 1992 Ἐκεῖνος
2045 1930 2100 1981 δὲ

520 2022 710 2076 ούδένα
739 2023 925 2092 ἕτερον
960 2017 1104 2091 εἶχεν
1137 2021 1264 2074 ἰδεῖν
1294 2019 1387 2075 τὸν
1418 2020 1489 2073 τὰ
1537 2018 1677 2072 αύτά
1718 2017 1867 2089 αὐτῷ
1906 2034 2104 2071 πεπον-

522 2109 679 2164 θότα·
708 2110 908 2181 μᾶλλον
931 2109 987 2162 δὲ
1010 2109 1117 2163 οὐδ’
1147 2106 1377 2162 ἀκοῦσαί
1401 2124 1547 2170 τινος
1567 2105 1788 2160 ἐπὶτῶν
1821 2104 2102 2176 προγόνων

519 2199 631 2252 τῶν
660 2196 854 2251 ἑαυτοῦ
875 2197 1113 2251 τοσαῦτα
1145 2196 1559 2267 ὑπομείναντος.
1608 2193 1816 2247 Ἱκανὸν
1862 2193 1918 2246 δὲ
1945 2192 2103 2247 τοῦτο

523 2287 791 2341 σκοτῶσαι
804 2286 1004 2358 ψυχήν.
1025 2288 1179 2339 Ἐστι
1199 2286 1293 2340 καὶ
1315 2285 1500 2357 ἕτερον
1517 2285 1655 2357 πρὸς
1676 2285 1883 2348 τούτοις
1906 2284 2099 2348 εἰπεῖν,

519 2374 603 2428 ὅτι
628 2374 780 2427 οὐδέν
817 2391 871 2426 τι
915 2376 1042 2446 περὶ
1087 2374 1440 2436 ἀναστάσεως
1488 2372 1799 2441 φιλοσοφεῖν
1847 2371 2098 2441 ἠδύνατο,

519 2462 657 2519 ἀλλὰ
690 2463 852 2533 μέχρι
878 2463 971 2518 τοῦ
1017 2462 1284 2534 παρόντος
1336 2461 1452 2533 βίου
1488 2459 1559 2515 τά
1598 2460 1845 2532 παρόντα
1884 2459 2100 2531 ἐνόμιζε

521 2552 940 2623 συγκεκλεῖσθαι
971 2554 1300 2623 πράγματα·
1337 2550 1447 2605 τῶν
1476 2549 1585 2621 γάρ
1610 2550 1718 2621 πρὸ
1739 2549 1842 2619 τῆς
1879 2548 2101 2619 χάριτος

519 2637 610 2715 ἦν.
644 2644 709 2696 Εἰ
731 2642 789 2697 δὲ
820 2640 915 2694 νῦν
938 2642 1022 2709 ἐφ’
1052 2639 1211 2711 ήμῶν
1264 2637 1402 2711 μετά
1450 2636 1717 2715 τοσαύτην
1749 2634 2097 2703 θεογνωσίαν,

522 2714 619 2787 καὶ
646 2730 745 2795 τάς
776 2729 1020 2802 χρηστὰς
1062 2730 1166 2799 τῆς
1203 2727 1555 2791 ἀναστάσεως
1589 2714 1811 2786 ἐλπίδας
1833 2765 1847 2791 ,
1881 2722 2102 2786 καὶτὰς

523 2821 784 2892 κειμένας
823 2822 939 2884 τοῖς
987 2819 1364 2892 ἁμαρτάνουσι
1400 2815 1667 2889 τιμωρίας
1697 2815 1844 2879 ἐκεῖ,
1884 2812 1979 2867 καὶ
2029 2812 2102 2866 τά

520 2909 905 2982 ήτοιμασμένα
930 2910 1043 2971 τοῖς
1068 2905 1424 2978 κατορθοῦσιν
1447 2901 1807 2974 ἀγαθά,οῦτω
1840 2899 2100 2972 μικροψύ-

521 3015 635 3069 χως
666 2997 811 3062 τινὲς
833 2998 928 3051 καὶ
948 2994 1309 3067 ταλαιπώρως
1339 2993 1671 3058 διάκεινται,
1705 2991 1783 3055 ὡς
1818 2989 1953 3062 μηδὲ
1978 2989 2100 3043 ταύ-

521 3104 643 3151 ταις
665 3085 1012 3158 διορθοῦσθαι
1038 3088 1157 3148 ταῖς
1193 3083 1570 3157 προσδοκίαις·
1607 3082 1661 3135 τί
1689 3081 1919 3151 πάσχειν
1951 3078 2100 3143 εἰκὸς

520 3171 591 3246 ἦν
623 3178 829 3230 ἐκεῖνον
859 3177 953 3229 καὶ
984 3174 1190 3246 ταύτης
1210 3171 1657 3243 ἀπεστερημένον
1681 3169 1781 3239 τῆς
1813 3166 2097 3240 ἀγκύρας;

534 3265 771 3328 Ἐκεῖνος
803 3264 914 3335 γὰρ
940 3262 1093 3316 οὐδὲν
1130 3260 1339 3315 οὐδέπω
1362 3259 1601 3313 τοιοῦτον
1633 3256 1946 3327 φιλοσοφεῖν
1970 3255 2100 3327 ἠδύ-

523 3370 651 3406 νατο
674 3351 763 3406 διὰ
792 3352 855 3406 τὸ
895 3350 1121 3422 μηδέπω
1161 3350 1252 3402 τὸν
1274 3347 1464 3419 καιρὸν
1493 3346 1701 3400 τούτων
1729 3344 1955 3415 ἀφῖχθαι
1988 3343 2098 3398 τῶν

519 3441 887 3512 διδαγμάτων.
910 3430 1021 3492 Ἦν
1043 3455 1096 3490 τι
1110 3438 1205 3490 καὶ
1229 3437 1366 3509 πρὸς
1386 3435 1598 3500 τούτοις
1612 3434 1760 3501 ἀλλο,
1788 3434 1851 3487 τὸ
1879 3435 1972 3487 καὶ
1997 3434 2098 3505 τὴν

520 3529 682 3595 δόξαν
720 3525 888 3582 αὐτοῦ
927 3525 1312 3595 διαϐεϐλῆσθαι
1349 3523 1502 3595 παρά
1543 3527 1659 3588 τοῖς
1695 3523 1945 3595 ἀνοήτοις
1990 3523 2099 3576 τῶν

454 3628 464 3655 ¹
522 3620 621 3676 ἀνθ
628 3619 848 3691 ρώπων.

596 3711 707 3763 Kal
740 3706 852 3778 γάρ
888 3703 1142 3764 εἰώθασιν
1168 3704 1218 3756 οἰ
1262 3702 1469 3765 πολλοὶ,
1511 3701 1728 3757 ἐπειδὰν
1762 3703 1914 3757 ῖδωσί
1947 3720 2099 3768 τινας

521 3802 584 3853 ἐν
600 3796 746 3869 λιμῷ
775 3796 871 3851 καὶ
896 3793 1285 3866 νόσῳδιηνεκεῖ
1310 3793 1528 3855 καὶτοῖς
1550 3791 1801 3861 ἐσχάτοις
1826 3792 1985 3856 ὄντας
2006 3809 2100 3847 κα-

522 3890 664 3952 κοῖς,
694 3884 828 3956 μηδὲ
861 3883 1106 3955 χρηστὴν
1127 3880 1257 3953 περὶ
1270 3879 1450 3934 αὐτῶν
1476 3878 1632 3944 δόξαν
1656 3878 1822 3950 ἔχειν,
1853 3880 1968 3934 ἀλλ’
1990 3880 2100 3936 ἀπὸ

518 3979 623 4047 τῆς
652 3974 939 4045 συμφορᾶς
964 3970 1034 4024 τά
1056 3969 1201 4025 κατά
1229 3969 1321 4022 τὸν
1354 3968 1468 4039 βίον
1497 3968 1724 4041 κρίνειν,
1759 3969 1854 4022 καὶ
1883 3968 1975 4022 διά
2004 3985 2100 4023 πο-

520 4063 717 4136 νηρίαν
747 4059 990 4133 νομίζειν
1005 4059 1223 4121 πάντως
1240 4057 1438 4121 αὐτοὺς
1456 4055 1599 4110 οὕτω
1613 4056 2094 4128 ταλαιπωρεῖσθαι·

522 4155 620 4208 καὶ
654 4150 825 4206 πολλά
869 4149 1003 4206 ἀλλα
1053 4146 1278 4202 τοιαῦτα
1328 4147 1468 4218 πρὸς
1514 4145 1779 4217 ἀλλήλους
1827 4144 2096 4214 λέγουσιν,

520 4243 764 4313 ἀνοήτως
783 4240 904 4311 μὲν,
933 4238 1151 4307 λέγουσι
1170 4235 1228 4288 δὲ
1248 4236 1417 4306 ὅμως·
1456 4234 1540 4288 ὅτι
1566 4228 1743 4298 οὗτος,
1764 4235 1813 4287 εἰ
1854 4233 1933 4305 τῷ
1980 4233 2099 4305 Θεῷ
2154 4232 2165 4245 ’

523 4330 677 4400 φίλος
693 4325 783 4401 ἦν,
805 4328 906 4381 οὐκ
926 4327 992 4382 ἂν
1025 4326 1205 4380 εῐασεν
1228 4322 1464 4383 αὐτὸνέν
1482 4321 1660 4394 πενίᾳ,
1681 4323 1902 4385 καὶτοῖς
1917 4320 2097 4386 ἀλλοις

521 4424 714 4484 κακοῖς
760 4431 787 4462 ι
815 4413 1301 4488 ταλαιπωρεῖσθαι.
1342 4412 1497 4467 Οῦτω
1536 4411 1667 4481 γοῦν
1714 4411 1806 4466 καὶ
1851 4412 1945 4467 ἐπὶ
2003 4412 2094 4466 τοῦ

535 4507 681 4571 Ἰὼϐ,
709 4507 804 4562 καὶ
828 4506 925 4559 ἐπὶ
952 4502 1045 4558 τοῦ
1089 4501 1305 4558 Παύλου
1353 4500 1573 4569 συνέϐη.
1612 4500 1721 4552 Kal
1763 4500 1872 4571 γὰρ
1904 4500 2097 4570 ἐκείνῳ
2130 4522 2131 4525 η

522 4598 731 4666 ελεγον,
778 4594 877 4662 Μὴ
937 4590 1237 4656 πολλάκις
1291 4604 1391 4643 σοι
1424 4587 1757 4655 λελάληται
1805 4588 1876 4641 ἐν
1910 4589 2093 4657 κόπῳ,

520 4688 709 4758 ισχὺν
741 4684 811 4743 δὲ
841 4682 1125 4754 ῥημάτων
1152 4696 1269 4735 σου
1308 4677 1401 4745 τίς
1438 4679 1716 4743 ὐποίσει;
1764 4680 1835 4733 El
1865 4680 1976 4749 γὰρ
2013 4680 2095 4735 σὺ

520 4775 929 4843 ἐνουθέτησας
952 4767 1243 4835 πολλοὺς,
1274 4767 1374 4822 καί
1405 4765 1607 4836 χεῖρας
1642 4766 1920 4834 ἀσθενεῖς
1956 4782 2097 4837 παρ-

518 4867 844 4932 sxa/Isaac,
869 4859 1280 4924 ἀσθενοῦντας
1308 4855 1377 4910 δὲ
1400 4855 1822 4925 ἐξανέστησας
1837 4854 2093 4927 ῥήμασι,

521 4958 738 5026 γόνασι
752 4951 821 5005 δὲ
834 4946 1201 5005 ἀδυνατοῦσι
1217 4942 1571 5013 περιέθηκας
1593 4943 1835 5013 θάρσος·
1870 4946 2009 4999 νυνί
2027 4945 2096 4999 δὲ

523 5046 657 5115 ἥκει
680 5040 780 5097 ἐπὶ
802 5039 878 5094 σὲ
888 5037 1095 5103 πόνος,
1108 5034 1190 5089 σὺ
1200 5034 1268 5087 δὲ
1278 5031 1684 5099 ἐσπούδακας.
1698 5028 1961 5102 Πότερον
1978 5035 2094 5104 οὐχ

521 5138 555 5189 ὀ
581 5132 765 5203 φόϐος
792 5128 908 5183 σού
929 5122 1183 5180 ἐστινέν
1203 5121 1518 5192 ἀφροσύνῃ
1533 5136 1553 5184 ;
1569 5121 1635 5174 Ὀ
1654 5120 1713 5173 δὲ
1739 5120 1909 5190 λέγει,
1927 5121 2093 5175 τοιοῦ-

520 5221 614 5276 τόν
647 5221 814 5273 ἐστιν·
849 5213 978 5269 Είτί
996 5229 1099 5277 σοι,
1129 5211 1315 5282 φησὶν,
1344 5208 1548 5279 ἀγαθὸν
1579 5204 1648 5280 ἦν
1682 5211 2090 5281 πεπραγμένον,

518 5311 623 5366 ούκ
638 5308 704 5363 ἂν
732 5304 903 5360 ταῦτα
918 5299 1120 5365 ἔπαθες
1138 5298 1283 5369 άπερ
1299 5296 1523 5361 ἔπαθες·
1547 5296 1663 5352 ἀλλ’
1678 5297 2092 5369 ἁμαρτημάτων

519 5399 684 5461 τίνεις
705 5394 862 5456 δίκας
893 5391 987 5444 καὶ
1005 5386 1372 5461 παρανομίας.
1388 5385 1497 5440 Καὶ
1528 5384 1688 5439 τοῦτο
1708 5381 1777 5458 ἦν
1800 5384 1830 5437 ὃ
1858 5386 2092 5457 μάλιστα

522 5486 713 5542 ιδακνε
747 5481 840 5535 τδν
875 5478 1144 5551 μακάριον
1179 5473 1322 5529 Ἰώσ.
1366 5473 1476 5530 Καὶ
1506 5475 1635 5545 περὶ
1653 5473 1748 5528 τοῦ
1786 5474 2003 5530 Παύλου
2034 5476 2091 5530 δὲ

583 5652 604 5680 ⁸
624 5651 724 5705 Alii
744 5652 824 5703 καὶ
845 5651 1088 5707 τοσούτοις
1103 5650 1281 5706 κακοῖς.

1225 214 1285 269 S-
1323 219 1606 279 .'UANN|S
1641 224 2132 281 CHRYSOSTUMI
2170 226 2495 294 ARCHIEP.
2530 239 3080 297 CONSTANTINOP.

3654 239 3741 297 973

2194 343 2243 396 οί
2266 343 2531 418 βάρϐαροι
2562 348 2720 404 τοῦτο
2753 351 2957 421 ἔλεγον·
2988 351 3176 425 ἐπειδὴ
3215 351 3324 422 γὰρ
3353 347 3492 407 εἶδον
3524 359 3619 425 τήν
3643 355 3744 426 ἐχιν

2194 432 2619 507 ἐκκρεμαμένην
2642 439 2808 493 αὐτοῦ
2842 440 2943 513 τῆς
2961 441 3163 514 χειρὸς,
3188 441 3340 499 οὐδὲν
3374 442 3603 514 χρηστὸν
3633 445 3743 513 περὶ

2193 519 2358 573 αὐτοῦ
2382 522 2687 595 ὑπενόησαν
2717 527 2765 593 ι),
2797 528 2932 583 ἀλλά
2960 528 3071 582 τῶν
3093 529 3160 583 τά
3190 528 3397 599 ἔσχατα
3428 528 3568 583 κακά
3586 545 3745 584 τετολ-

2198 607 2452 678 μηκότων
2478 611 2641 665 αὐτὸν
2665 609 2801 667 εἶναι
2829 616 3098 687 ἐνόμιζον·
3142 617 3239 670 καί
3264 616 3424 686 δῆλον
3456 616 3516 680 ἐξ
3539 614 3611 673 ὧν
3646 618 3746 671 ἔλε-

2194 710 2310 763 γον.
2343 694 2567 752 Τοῦτον
2589 700 2719 770 γὰρ,
2744 702 2928 770 φασὶν,
2949 703 3018 757 ἐκ
3032 702 3144 772 τῆς
3168 702 3481 771 θαλάσσης
3502 703 3746 759 σωθέντα

2196 784 2236 852 ἡ
2270 783 2407 853 δίκη
2436 783 2544 855 ζῇν
2572 790 2684 843 οὐκ
2711 790 2942 845 εἴασεν.
2978 791 3091 862 Οὐχ
3119 791 3196 857 ὡς
3211 791 3371 864 ἔτυχε
3401 792 3458 845 δὲ
3489 793 3747 847 καὶτοῦτο

2195 873 2345 944 ήμᾶς
2373 874 2530 928 εῐωθε
2560 876 2828 948 θορυϐεῖν.
2848 878 2987 932 Ἀλλ’
3012 880 3164 951 ὅμως
3188 878 3462 933 τοσούτων
3483 879 3642 933 ὄντων
3655 881 3747 934 τῶν

2197 962 2479 1032 κυμάτων,
2511 965 2606 1017 καὶ
2632 963 2950 1036 ἐπαλλήλων
2994 967 3312 1038 φερομένων
3372 967 3435 1019 ού
3455 966 3749 1020 κατεποντίο

2200 1048 2302 1119 σθη
2334 1050 2396 1102 τὺ
2435 1050 2663 1122 σκάφος·
2705 1051 2820 1108 ἀλλ’
2849 1053 2925 1118 ὡς
2958 1055 3017 1108 ἐν
3045 1055 3262 1125 καμίνῳ
3303 1054 3573 1125 κείμενος,
3599 1054 3747 1107 καθά-

2199 1153 2307 1206 περ
2352 1136 2544 1208 δρόσου
2596 1140 2878 1211 διηνεκοῦς
2930 1140 3251 1207 ἀπολαύων,
3305 1141 3479 1206 οὕτως
3531 1140 3751 1211 ἐφιλοσό-

2201 1241 2309 1294 φει.

2274 1317 2444 1370 ια’.οὒ
2463 1317 2571 1388 γὰρ
2585 1313 2707 1371 εἶπε
2725 1319 2862 1389 πρὸς
2878 1320 3070 1375 ἑαυτὸν
3084 1320 3235 1373 οὐδὲν
3250 1317 3511 1389 τοιοῦτον,
3528 1312 3633 1371 οἷον
3650 1314 3753 1370 πολ·

2201 1403 2323 1467 λοὺς
2353 1404 2531 1472 λέγειν
2551 1406 2717 1473 εἰκὸς,
2742 1408 2824 1460 ὅτι
2852 1400 3007 1471 οὗτος
3033 1411 3062 1463 ό
3088 1407 3362 1473 πλούσιος,
3394 1405 3462 1459 ἂν
3500 1405 3596 1476 μὲν
3610 1404 3754 1460 ἀπελ-

2202 1490 2310 1546 θὼν
2327 1495 2444 1547 ἐκεῖ
2459 1494 2697 1564 κολασθῇ
2717 1496 2812 1548 καὶ
2824 1494 2900 1566 δῷ
2913 1494 3209 1567 τιμωρίαν,
3226 1494 3284 1548 ἓν
3302 1494 3358 1547 ἓν
3373 1493 3614 1562 γέγονεν·
3637 1490 3693 1545 ἂν
3707 1491 3755 1545 δέ

2202 1581 2364 1635 κάκεῖ
2389 1580 2498 1635 τῶν
2520 1581 2701 1637 αὐτῶν
2727 1582 3015 1657 ἀπολαύσῃ
3031 1582 3227 1653 τιμῶν,
3259 1580 3410 1654 [725]
3440 1581 3537 1635 δύο
3559 1580 3755 1650 γέγονεν

2200 1671 2374 1725 οὐδέν.
2410 1674 2481 1725 Ἢ
2501 1673 2563 1725 ού
2582 1673 2759 1727 ταῦτα
2780 1675 3106 1746 περιφέρετε
3130 1675 3187 1727 ἐν
3213 1675 3332 1737 ταῖς
3356 1673 3586 1743 ἀγοραῖς
3618 1670 3755 1739 ὑμεῖς

2202 1761 2251 1812 οἰ
2278 1760 2571 1825 πολλοὶ,τὰ
2599 1762 2707 1816 ἀπὸ
2721 1763 2822 1831 τῆς
2851 1763 3217 1835 ἱπποδρομίας
3256 1763 3352 1816 καὶ
3381 1761 3494 1814 τῶν
3526 1759 3625 1827 ἔξω
3648 1757 3754 1812 θεά-

2200 1865 2347 1919 τρων
2379 1850 2459 1913 εἰς
2484 1849 2584 1921 τὴν
2605 1849 2900 1921 ἐκκλησίαν
2938 1851 3277 1920 εἰσάγοντες;
3316 1847 3647 1919 Αἰσχύνομαι
3672 1845 3755 1915 μὲν

2202 1934 2295 1993 οὖν
2314 1939 2396 2003 εἰς
2425 1938 2589 2011 μέσον
2602 1940 2774 1994 ταῦτα
2793 1940 3069 2012 προτιθεὶς
3082 1940 3153 1994 τά
3175 1941 3396 2012 ῥήματα
3411 1938 3508 1992 καὶ
3522 1935 3753 2008 ἐρυθριῶ·

2204 2025 2343 2098 πλὴν
2360 2027 2474 2080 ἀλλ’
2485 2028 2699 2099 ἀνάγκη
2712 2028 2887 2082 ταῦτα
2901 2030 3074 2082 εἰπεῖν
3088 2068 3102 2092 ,
3122 2028 3211 2080 ἵνα
3238 2028 3396 2097 ὑμεῖς
3431 2022 3756 2090 ἀπαλλαγῆτέ

2201 2112 2296 2168 τοῦ
2319 2115 2557 2171 ἀτάκτου
2573 2116 2809 2186 γέλωτος
2822 2115 3031 2185 καὶτῆς
3059 2114 3320 2185 αἰσχύνης
3342 2114 3443 2167 καὶ
3462 2112 3559 2182 τῆς
3578 2108 3755 2181 βλάδης

2202 2201 2303 2272 τῆς
2331 2202 2439 2255 ἀπὸ
2459 2202 2565 2256 τῶν
2589 2203 2851 2275 ῥημάτων
2872 2202 3098 2258 τούτων.
3113 2201 3299 2255 Ταῦτα
3319 2200 3509 2254 πολλοὶ
3524 2198 3755 2259 πολλάκις

2200 2290 2468 2358 γελῶντες
2479 2290 2748 2359 λέγουσιν·
2777 2291 2912 2345 ἀλλά
2928 2290 3190 2346 καὶτοῦτο
3205 2288 3522 2360 διαδολικῆς
3549 2302 3755 2355 κακουρ-

2200 2381 2330 2449 γίας
2354 2380 2526 2446 ἐστὶν,
2572 2381 2629 2435 έν
2657 2381 2807 2447 τάξει
2843 2383 3104 2455 ῥημάτων
3148 2379 3380 2435 ἀστείων
3407 2377 3755 2449 διεφθαρμένα

2201 2468 2441 2540 εἰσάγειν
2453 2471 2532 2535 εἰς
2543 2468 2633 2524 τὸν
2647 2469 2760 2540 βίον
2775 2470 2933 2543 ήμῶν
2953 2468 3410 2542 δόγματα.1“αῦτα
3424 2466 3534 2540 γὰρ
3547 2466 3755 2536 συνεχῶς

2201 2558 2294 2613 καὶ
2310 2560 2369 2613 ὲν
2389 2560 2792 2632 ἐργαστηρίοις,
2826 2559 2921 2614 καὶ
2952 2559 3045 2611 ἐπὶ
3072 2559 3171 2629 τῆς
3199 2558 3441 2628 ἀγορᾶς,
3469 2556 3561 2609 καὶ
3587 2556 3639 2607 ἐν
3656 2555 3755 2612 ταῖς

2199 2646 2400 2711 οἰκίαις
2428 2646 2612 2700 πολλοὶ
2637 2646 3045 2718 περιφέρουσιν·
3088 2645 3225 2717 ὅπερ
3266 2643 3508 2714 ἐσχάτης
3530 2638 3754 2701 ἀπιστίας

2201 2737 2318 2789 ἐστὶ
2342 2737 2436 2789 καὶ
2483 2736 2786 2808 παρανοίας
2820 2736 2914 2789 καὶ
2931 2734 3171 2804 γέλωτος
3200 2734 3371 2797 δντως
3406 2732 3506 2785 καὶ
3528 2728 3754 2797 παιδικῆς

2200 2821 2456 2886 διανοίας.
2502 2823 2577 2876 Τὸ
2613 2823 2710 2894 μὲν
2738 2823 2847 2893 γὰρ
2891 2822 3089 2891 λέγειν,
3114 2822 3197 2875 ὅτι
3224 2818 3320 2873 ἐὰν
3349 2818 3668 2879 ἀπελθόντες
3713 2815 3755 2867 οἰ

2201 2912 2429 2984 πονηροὶ
2454 2912 2780 2979 κολασθῶσι,
2826 2912 2922 2968 καὶ
2966 2910 3040 2983 μὴ
3065 2910 3268 2982 σφόδρα
3311 2908 3626 2962 πεπεικέναι
3644 2907 3755 2958 ἐαυ-

2198 3000 2345 3064 τοὺς,
2382 3001 2465 3054 ὅτι
2496 2999 2924 3071 κολασθήσονται
2963 2998 3203 3063 πάντως,
3241 2996 3614 3051 ἀπιστούντων
3655 2991 3756 3045 ἐστί

2200 3088 2295 3142 καὶ
2316 3087 2876 3159 διαμφισϐητούντων·
2900 3089 2962 3142 τὸ
2998 3089 3077 3153 δὲ,
3123 3089 3173 3140 εἰ
3197 3086 3290 3140 καί
3322 3084 3487 3138 τοῦτο
3517 3080 3752 3154 συμδαίη,

2172 3178 2335 3251 ,ὅπερ
2363 3173 2457 3232 οὖν
2485 3179 2580 3233 καὶ
2611 3178 2972 3250 συμϐήσεται,
3001 3175 3241 3248 νομίζειν
3279 3174 3379 3244 τῆς
3416 3176 3538 3243 ῐσης
3582 3170 3755 3232 αὐτοὺς

2198 3269 2311 3330 τοῖς
2371 3266 2601 3331 δικαίοις
2653 3266 3061 3330 ἀνταποδόσεως
3124 3263 3575 3327 ἀπολελαυκέναι,
3619 3257 3756 3313 τοῦτο

2199 3355 2435 3428 ἐσχάτης
2462 3356 2670 3421 ἀνοίας.

2291 3453 2358 3508 Τί
2401 3453 2580 3528 λέγεις
2606 3494 2623 3521 ,
2658 3456 2780 3513 εἰπέ
2799 3472 2922 3527 μοις
2943 3456 3040 3511 ἐὰν
3058 3453 3307 3513 ἀπελθὼν
3333 3455 3363 3508 ὀ
3391 3453 3638 3516 πλούσιος
3657 3450 3755 3504 ἐκ.ιῖ

2198 3547 2512 3618 κολάζηται,
2553 3547 2610 3601 ἐν
2665 3546 2724 3602 ἓν
2767 3546 2994 3615 γέγονε;
3044 3546 3140 3599 καί⁵
3183 3544 3301 3607 πῶς
3344 3543 3416 3598 ἂν
3448 3543 3558 3614 ἔχοι
3584 3540 3752 3608 λόγονς

2197 3638 2350 3692 Πόσα
2371 3636 2482 3709 γὰρ
2503 3637 2667 3691 αὐτὸν
2696 3636 2930 3690 ἐνταῦθα
2952 3634 3131 3706 βούλει
3158 3634 3329 3687 θεῖναι
3353 3629 3753 3688 ἀπολελαυκέναι

2195 3725 2308 3781 τῶν
2343 3726 2643 3797 χρημάτων
2670 3725 2794 3799 ἔτη;
2825 3724 3007 3797 βούλει
3041 3724 3224 3795 θῶμεν
3254 3722 3485 3787 έκατόνς
3528 3717 3660 3788 Ἐγὼ
3705 3716 3755 3770 δὲ

2198 3814 2294 3866 καὶ
2316 3812 2564 3866 διακόσια
2590 3813 2807 3883 τίθημι,
2839 3813 2936 3866 καὶ
2969 3812 3259 3883 τριακόσια
3293 3809 3391 3864 καὶ
3416 3809 3500 3873 δὶς
3515 3804 3750 3865 τοσαῦτα,

2198 3901 2314 3967 καὶ,
2345 3902 2394 3954 εί
2426 3900 2626 3973 βούλει,
2678 3903 2770 3955 καὶ
2809 3900 2977 3971 χίλια.
3006 3901 3143 3971 ὅπερ
3170 3898 3542 3952 ἀδύνατον·Αί
3567 3892 3754 3964 ἡμέραι

2198 3987 2328 4059 γὰρ,
2361 3989 2514 4060 φησὶ,
2572 3987 2693 4042 τῶν
2747 3987 2899 4041 ἐτῶν
2946 3986 3133 4057 ἡμῶν,
3181 3984 3555 4056 ὀγδοήκοντα
3587 3993 3610 4021 ο
3638 3980 3749 4045 ἐτη·

2199 4079 2339 4149 πλὴν
2369 4078 2504 4132 ἀλλά
2524 4077 2723 4132 κείσθω
2738 4078 2831 4132 καὶ
2859 4077 3025 4148 χίλια.
3051 4075 3143 4147 Μὴ
3162 4075 3307 4146 ζωὴν
3334 4074 3505 4145 ἔχεις,
3526 4070 3748 4141 εἰπέμοις

2199 4166 2432 4222 ἐνταῦθα
2451 4166 2623 4233 δεῖξαι
2646 4166 2798 4229 τέλος
2813 4166 2912 4219 ούκ
2930 4165 3180 4236 ἔχουσαν,
3212 4162 3334 4218 οὐδὲ
3349 4164 3525 4234 πέρας
3553 4165 3750 4215 ἐπιστα-

2201 4259 2389 4329 μένην,
2423 4257 2619 4329 οἴαπερ
2641 4258 2789 4311 ἐστὶν
2819 4259 2855 4326 ή
2888 4256 2997 4311 τῶν
3029 4255 3255 4309 δικαίων
3282 4254 3434 4320 ὲκεῖ;
3454 4251 3524 4307 Et
3542 4268 3621 4314 τις
3650 4243 3746 4307 οὖν,

2196 4343 2318 4400 εἰπέ
2350 4363 2460 4417 μοι,
2484 4348 2542 4402 έν
2563 4346 2740 4399 ἔτεσιν
2757 4346 2954 4399 ἑκατὸν
2987 4343 3115 4415 μίαν
3135 4347 3304 4398 νύκτα
3329 4340 3465 4413 δναρ
3494 4338 3611 4394 ἰδὼν
3637 4352 3748 4408 χρη·

2199 4433 2343 4498 στὸν,
2376 4434 2471 4487 καὶ
2502 4433 2700 4504 πολλῆς
2730 4432 2854 4487 καθ’
2882 4431 3083 4496 ῦπνους
3113 4429 3429 4493 ἀπολαύσας
3456 4426 3677 4500 τρυφῆς,
3690 4423 3747 4475 τά

2197 4522 2392 4578 ἑκατὸν
2416 4522 2508 4592 ἔτη
2532 4521 2835 4587 κολάζοιτο,
2860 4517 2970 4594 ἆρα
2989 4521 3192 4591 δυνήσῃ
3224 4520 3406 4588 λέγειν
3437 4519 3531 4570 ἐπὶ
3575 4513 3745 4579 τούτῳ,

2196 4610 2254 4667 ἓν
2284 4613 2377 4665 καὶ
2396 4611 2476 4677 ἓν,
2509 4611 2604 4666 καὶ
2636 4611 2735 4681 τὴν
2757 4609 2885 4681 μίαν
2908 4608 3080 4663 νύκτα
3105 4603 3215 4662 τῶν
3236 4606 3531 4677 ὀνειράτων
3549 4600 3745 4656 ἐκείνων

2194 4703 2308 4764 τοῖς
2327 4700 2522 4754 ἑκατὸν
2540 4698 2716 4752 ἐτεσιν
2741 4698 3070 4770 ἀντίρροπον
3118 4695 3424 4761 ποιεῖσθαις
3471 4694 3584 4746 Οὐκ
3618 4689 3745 4742 ἐστιν

2196 4791 2391 4843 εἰπεῖν.
2417 4789 2588 4844 Τοῦτο
2610 4788 2679 4859 δὴ
2704 4790 2797 4843 καὶ
2826 4790 2954 4858 περὶ
2999 4787 3102 4857 τῆς
3128 4785 3427 4859 μελλούσης
3443 4782 3590 4853 ζωῆς
3620 4775 3744 4844 λοτί’

2150 4930 2155 4935 .
2196 4878 2313 4942 ζου.
2346 4878 2524 4949 Ὅπερ
2541 4879 2652 4950 γάρ
2676 4876 2823 4930 ἐστιν
2852 4876 2984 4949 όναρ
3010 4876 3068 4929 ἓν
3085 4875 3221 4946 πρὸς
3248 4874 3444 4929 ἑκατὸν
3472 4872 3588 4942 ἐτη,
3608 4862 3743 4921 τοῦτό

2195 4967 2343 5021 ἐστιν
2380 4968 2410 5019 ὀ
2438 4964 2629 5037 παρὼν
2665 4965 2778 5035 βίος
2804 4964 2940 5036 πρὸς
2978 4964 3076 5035 τὴν
3108 4963 3406 5035 μέλλουσαν
3438 4960 3600 5030 ζωήν·
3623 4952 3741 5026 μᾶλ-

2192 5055 2284 5111 λον
2310 5055 2367 5109 δὲ
2390 5056 2486 5109 καί
2514 5054 2696 5126 πολλῷ
2724 5055 2907 5109 πλέον·
2924 5055 3049 5107 ὅσον
3065 5052 3182 5107 ἐστὶ
3204 5049 3419 5120 σταγὼν
3442 5046 3610 5121 μικρά
3627 5041 3742 5114 πρὸς

2195 5144 2430 5214 πέλαγος
2478 5143 2727 5214 ἄπειρον,
2755 5142 3007 5197 τοσοῦτόν
3032 5144 3150 5196 ἐστι
3185 5139 3331 5212 χίλια
3356 5139 3452 5211 ἔτη
3493 5136 3621 5207 πρὸς
3657 5129 3741 5199 τὴν
3852 5166 3859 5172 -

2194 5235 2496 5305 μέλλουσαν
2526 5235 2682 5303 δόξαν
2716 5234 2932 5306 ἐκείνην
2962 5235 3058 5289 καὶ
3097 5232 3412 5288 ἀπόλαυσιν.
3449 5227 3557 5282 Kal
3581 5219 3741 5290 τίγὰρ

2190 5325 2257 5380 ἂν
2286 5328 2399 5397 ἔχοι
2425 5344 2509 5391 τις
2540 5326 2701 5382 πλέον
2728 5326 2975 5398 εἰπεῖν,ή
3007 5328 3090 5381 ὅτι
3111 5324 3283 5394 πέρας
3308 5323 3405 5377 οὐκ
3431 5318 3545 5391 ἔχει
3564 5312 3653 5406 καὶ
3670 5310 3743 5406 τέ·

2190 5413 2281 5479 λος
2310 5415 2409 5468 ούκ
2442 5410 2574 5480 οἶδε,
2604 5417 2697 5469 καὶ
2721 5416 2844 5469 ὅσον
2871 5415 2989 5469 ἐστὶ
3009 5413 3072 5467 τὸ
3101 5412 3265 5485 μέσον
3296 5410 3518 5481 ὀνείρων
3545 5403 3633 5460 καὶ
3661 5403 3745 5466 τῆς

2256 5593 2285 5633 δ
2309 5595 2406 5644 Alii
2438 5595 2714 5653 ἐπενόησαν.

2255 5658 2281 5690 θ
2302 5657 2398 5708 Alii
2414 5657 2751 5716 ἑϐδομήκοντα.
