4046 6146
332 311 432 367 977

326 418 718 487 misericordia,
742 418 971 490 denique
986 434 1142 489 super
1167 418 1280 473 haec
1306 418 1505 483 omnia,
1531 426 1673 471 tanta
1696 420 1907 488 p0tieus

327 529 508 569 rerum
536 513 712 583 copia,
740 510 912 580 cogita
938 525 1096 580 quam
1129 508 1403 578 probabile
1442 511 1534 575 sit,
1563 508 1708 563 velut
1736 507 1902 562 alter-

326 605 410 659 nis
436 602 684 658 iluctibus
712 601 1017 656 demersum
1044 599 1290 669 pauperis
1317 598 1551 653 animum
1587 597 1774 654 fuisse.
1803 599 1904 654 Co-

324 699 433 765 gita
474 694 703 765 qualiter
729 690 975 748 affectum
1004 690 1174 747 fuisse
1196 690 1455 746 Lazarum
1488 700 1902 747 consentaneum

323 791 414 853 sit,
435 802 557 843 cum
575 785 781 842 videret
810 785 1090 855 parasitos,
1112 784 1435 851 adulatores,
1462 783 1687 838 famulos
1714 797 1904 839 ascen-

321 884 529 944 dentes,
558 876 977 941 descendentes,
1007 874 1361 946 egredientes,
1390 874 1768 945 ingredientes,
1797 874 1904 930 cir-

321 978 741 1032 cumcursantes,
777 966 1181 1029 tumultuantes,
1204 965 1399 1031 ebrios,
1432 965 1708 1028 salientes,
1742 980 1902 1020 omne

324 1062 550 1116 lascivia
569 1075 737 1132 genus
755 1060 1065 1115 exhibentes
1080 1076 1094 1112 :
1108 1059 1257 1129 quasi
1275 1059 1415 1113 enim
1443 1066 1660 1128 prepter
1686 1057 1788 1113 hoc
1810 1073 1902 1113 ve-

321 1153 508 1216 nisset,
525 1159 585 1205 ut
606 1159 748 1206 esset
772 1150 1066 1205 alienorum
1088 1150 1346 1204 bonorum
1378 1150 1550 1214 testis,
1570 1149 1638 1203 ita
1661 1149 1712 1203 in
1738 1150 1902 1204 vesti-

321 1245 449 1299 bulo
473 1244 740 1315 proiectus
761 1252 892 1308 erat,
909 1244 1080 1297 solum
1103 1243 1222 1297 vitae
1241 1251 1444 1296 tantum
1472 1242 1694 1309 habens,
1725 1252 1781 1297 ut
1802 1257 1898 1297 sua

321 1337 459 1391 mala
480 1337 678 1391 sentire
705 1333 901 1406 posset,
925 1336 976 1389 in
1004 1342 1156 1405 portu
1181 1334 1379 1388 faciens
1406 1334 1754 1404 naufragium,
1773 1333 1900 1403 jux-

322 1437 374 1483 ta
392 1428 590 1482 fontem
618 1427 994 1481 molestissima
1021 1425 1108 1480 siti
1137 1425 1486 1479 discruciatus
1513 1424 1712 1479 animo.

393 1517 740 1585 Proverbium,
766 1519 821 1572 in
850 1526 996 1588 portu
1020 1516 1442 1589 naufragium.——
1463 1515 1646 1571 Dicam
1673 1521 1728 1569 et
1750 1512 1896 1569 aliud

321 1611 584 1682 quoddam
607 1619 802 1679 praeter
822 1610 935 1664 haec
956 1607 1185 1662 malum:
1212 1623 1315 1663 non
1334 1615 1539 1678 poterat
1554 1606 1781 1662 alterum
1811 1608 1895 1660 vi-

320 1706 449 1762 dere
488 1705 766 1760 Lazarum.
809 1702 940 1758 Nam
972 1716 1070 1757 nos
1102 1701 1306 1756 etiamsi
1337 1701 1610 1756 innumera
1635 1701 1897 1769 patiamur

321 1796 480 1862 mala,
503 1795 758 1850 habemus
780 1792 1052 1865 tamenqad
1073 1793 1218 1846 illum
1240 1801 1563 1863 spectantes,
1586 1790 1728 1846 unde
1747 1790 1896 1845 suffi-

319 1887 545 1941 cientem
570 1885 891 1954 accipiamus
910 1882 1345 1945 consolationem,
1374 1896 1730 1952 magnumque
1758 1879 1896 1935 fera-

317 1993 437 2033 mus
467 1976 722 2031 molcstite
748 1974 1170 2030 delinimentum.
1215 1972 1347 2027 Nam
1388 1972 1649 2027 malorum
1680 1981 1891 2026 nostro-

317 2084 434 2122 rum
475 2067 707 2137 reperire
734 2075 1044 2134 consortes,
1073 2065 1183 2119 sive
1213 2065 1265 2118 in
1295 2062 1468 2129 factis,
1499 2063 1611 2117 sive
1641 2063 1692 2116 in
1714 2061 1889 2127 dictis,

319 2161 543 2215 multum
571 2159 726 2214 affert
758 2157 931 2214 solatii
958 2155 1281 2228 lugentibus.
1311 2155 1404 2211 llle
1451 2171 1580 2210 vero
1623 2155 1890 2210 neminem

315 2252 476 2305 alium
502 2249 745 2315 habebat,
764 2247 829 2303 ad
846 2262 1006 2318 quem
1032 2247 1321 2316 respiceret
1336 2245 1520 2300 eadem
1537 2260 1655 2300 cum
1674 2245 1761 2300 illo
1780 2259 1893 2314 pas-

314 2360 456 2410 sum,
487 2343 592 2396 imo
621 2357 689 2396 ne
711 2341 895 2396 audire
918 2341 1130 2411 quidem
1156 2349 1365 2409 poterat
1391 2339 1458 2394 de
1483 2349 1771 2410 quoquam,
1798 2340 1890 2409 qui

316 2435 575 2505 majorum
600 2435 764 2503 ipsius
781 2442 936 2488 aetate
955 2442 1059 2487 tam
1080 2433 1269 2487 acerba
1292 2432 1648 2487 sustinuisset.
1672 2431 1784 2487 Hoc
1798 2447 1892 2485 au-

316 2536 422 2580 tem
441 2526 567 2580 satis
585 2535 663 2580 est
683 2523 749 2578 ad
776 2524 1130 2579 inducendum
1153 2524 1331 2577 animo
1351 2524 1650 2594 caliginem.
1666 2523 1888 2579 Possum

313 2614 526 2671 etaliud
558 2614 640 2669 his
661 2614 906 2669 omnibus
931 2612 1148 2680 addere,
1175 2612 1422 2675 videlicet
1449 2613 1589 2682 quod
1618 2628 1686 2669 ne
1712 2613 1780 2669 de
1805 2630 1891 2668 re-

314 2706 640 2761 surrectione
674 2705 885 2775 quidem
916 2703 1201 2774 quidquam
1232 2705 1465 2764 potuerit
1488 2704 1848 2775 phiIOSOphari
1869 2747 1885 2773 ,

317 2797 409 2857 sed
439 2797 594 2867 hujus
617 2798 738 2851 vita:
766 2812 852 2851 res
879 2795 1123 2851 crederet
1146 2795 1301 2866 hujus
1320 2796 1442 2850 vitae
1465 2796 1570 2851 fine
1589 2797 1883 2851 terminari.

313 2889 440 2943 Erat
469 2888 612 2942 enim
639 2904 702 2942 ex
731 2901 914 2942 eorum
948 2900 1205 2952 numero,
1240 2870 1328 2956 qui
1357 2885 1578 2956 gratiam
1614 2887 1886 2957 Evangelii

322 2986 728 3047 praecesserunt.
755 2977 905 3045 Quod
934 2975 980 3031 si
1002 2992 1141 3032 nunc
1167 2976 1247 3031 his
1275 2976 1597 3046 temporibus
1620 2986 1739 3046 post
1765 2987 1887 3031 tan-

311 3079 420 3123 tam
444 3069 534 3124 Dei
550 3070 924 3140 cognitionem,
940 3078 1060 3138 post
1074 3069 1310 3140 egregias
1320 3069 1723 3124 resurrectionis
1740 3084 1883 3140 spes,

312 3168 435 3229 post
475 3160 582 3215 illic
609 3160 836 3229 reposita
875 3160 1216 3229 peccantibus
1241 3160 1519 3229 supplicia,
1552 3168 1671 3229 post
1705 3171 1885 3230 parata

312 3252 378 3307 iis
415 3252 501 3322 qui
530 3261 676 3306 recte
703 3254 951 3306 vixerunt
978 3252 1136 3315 bona,
1182 3249 1317 3304 adeo
1357 3249 1578 3318 dejectis
1605 3251 1795 3304 animis
1823 3266 1886 3305 ac

312 3343 523 3398 miseris
551 3351 675 3397 sunt
696 3342 956 3408 nonnulli,
987 3350 1046 3395 ut
1075 3357 1141 3394 ne
1162 3340 1350 3395 borum
1377 3340 1594 3412 quidem
1614 3352 1885 3412 exspecta-

312 3436 458 3491 tione
482 3436 817 3503 corrigantur
840 3449 856 3499 ;
883 3432 1011 3503 quid
1037 3431 1249 3487 tandem
1274 3440 1356 3487 est
1382 3431 1669 3501 putandum
1700 3433 1775 3487 illi
1797 3448 1885 3488 ac-

308 3527 523 3592 cidisse,
576 3525 735 3579 etiam
787 3525 887 3579 hac
914 3523 1167 3578 destituto
1211 3523 1444 3577 ancora?
1484 3522 1613 3577 Nam
1643 3523 1735 3579 ille
1782 3525 1884 3580 tale

309 3616 441 3671 nihil
467 3631 715 3686 umquam
760 3613 1121 3685 philos0phari
1151 3616 1340 3681 potuit,
1366 3629 1432 3669 eo
1460 3614 1602 3685 quod
1648 3614 1881 3670 nondum

309 3706 611 3761 advenisset
652 3714 861 3777 tempus
903 3704 1163 3774 ejusmodi
1210 3705 1535 3775 dogmatum.
1567 3705 1648 3760 Ad
1680 3706 1794 3761 haec
1829 3716 1885 3762 et

308 3797 449 3852 aliud
471 3798 716 3868 quiddam
746 3797 988 3862 accessit,
1020 3798 1161 3868 quod
1188 3807 1241 3853 ct
1266 3796 1405 3853 fama
1435 3799 1600 3868 ipsius
1622 3799 1760 3869 apud
1780 3799 1880 3855 ho-

308 3887 482 3941 mines
510 3887 842 3957 impudeutes
873 3886 1256 3943 traduceretur.

382 3975 655 4031 Catamitus
678 3979 802 4048 facit
824 3979 1095 4033 obnoxium
1117 3979 1393 4050 suspicioni
1410 3979 1633 4035 malitia.
1654 3980 1882 4037 ——Solet

305 4070 452 4126 enim
498 4071 768 4125 hominum
799 4072 1009 4141 vulgus,
1061 4072 1148 4126 ubi
1194 4086 1327 4141 quos
1374 4072 1602 4127 viderint
1642 4074 1695 4127 in
1744 4073 1880 4128 fame

305 4171 667 4232 perpetuoque
708 4163 895 4217 morbo
935 4173 989 4218 et
1029 4165 1279 4218 extremis
1304 4174 1518 4234 agentes
1560 4165 1734 4230 malis,
1781 4179 1880 4220 nec

304 4255 612 4323 opinionem
643 4253 711 4308 de
738 4254 817 4308 eis
844 4253 1040 4308 habere
1068 4255 1281 4320 bonam,
1310 4254 1402 4309 sed
1429 4271 1492 4309 ex
1522 4256 1632 4324 ipsa
1658 4256 1877 4310 calami-

305 4354 419 4398 tate
448 4342 713 4396 :estimare
739 4343 921 4404 vitam,
945 4352 1000 4397 et
1023 4343 1240 4397 omnino
1262 4343 1500 4412 judicare
1530 4345 1648 4399 illos
1667 4347 1737 4400 ob
1767 4361 1879 4398 ma-

304 4434 474 4488 litiam
502 4431 578 4485 sic
620 4430 818 4502 affligi:
860 4432 1068 4501 aliaque
1097 4433 1256 4486 multa
1285 4432 1441 4503 hujus
1478 4436 1690 4504 generis
1741 4436 1880 4491 inter

303 4539 368 4580 se
397 4523 701 4593 loquuntur,
733 4522 893 4576 stulte
931 4521 1143 4591 quidem
1192 4522 1292 4587 illi,
1335 4523 1624 4592 loquuntur
1657 4533 1831 4580 tamen
1860 4543 1875 4580 :

302 4614 394 4669 hic
436 4614 481 4667 si
531 4613 640 4667 Deo
665 4627 820 4667 carus
844 4620 1006 4677 esset,
1037 4627 1365 4682 nequaquam
1398 4614 1569 4683 ipsum
1599 4614 1653 4669 in
1701 4616 1880 4684 hujus-

301 4703 447 4759 modi
478 4702 632 4757 malis
655 4717 776 4759 esse
818 4710 1104 4772 pateretur.
1138 4702 1247 4756 Hoc
1275 4712 1330 4757 et
1349 4704 1401 4757 in
1426 4703 1528 4758 Job
1555 4713 1608 4758 et
1633 4705 1686 4758 in
1712 4705 1878 4759 Paulo

302 4812 403 4850 usu
426 4796 589 4850 venit.
620 4795 751 4850 Nam
779 4804 835 4850 et
859 4795 932 4849 illi
953 4794 1202 4851 dicebant
1227 4808 1239 4848 :
1272 4794 1460 4850 Nonne
1485 4800 1767 4868 frequenter
1788 4799 1877 4852 tibi

303 4889 494 4942 dictum
522 4899 592 4942 est
621 4889 675 4942 in
714 4889 907 4955 labore,
936 4889 1034 4942 vim
1060 4899 1227 4941 autem
1253 4889 1513 4942 verborum
1542 4898 1743 4942 tuorum
1761 4890 1876 4956 quis

301 4978 612 5035 sustinebit?
641 4978 701 5034 Si
730 4980 861 5032 enim
889 4987 943 5033 tu
972 4980 1240 5033 erudiisses
1263 4979 1468 5042 multos,
1508 4988 1554 5033 et
1578 4995 1758 5034 manus
1795 4981 1877 5034 in-

302 5073 478 5140 firmas
503 5071 793 5126 consolatus
820 5086 970 5137 uses,
1012 5081 1060 5125 et
1089 5088 1173 5125 eos
1196 5072 1282 5140 qui
1305 5071 1695 5141 inﬁrtuabantur
1718 5070 1877 5125 verbis

301 5167 563 5227 stetisses,
584 5164 887 5233 genibusque
907 5164 1123 5232 inﬁrmis
1144 5164 1426 5218 addidisses
1446 5164 1722 5232 ﬁduciam:
1741 5181 1876 5219 nunc

302 5270 420 5310 vero
465 5255 686 5325 pervenit
713 5255 765 5308 in
793 5264 840 5308 te
867 5254 1028 5318 labor,
1058 5265 1112 5309 tu
1138 5270 1253 5309 vero
1279 5257 1483 5310 curasti.
1536 5254 1722 5310 Nonne
1761 5265 1877 5311 tuus

299 5350 452 5400 timor
473 5356 545 5401 est
568 5346 620 5399 in
645 5346 858 5400 stultitia
878 5343 1021 5415 (Job.
1048 5346 1102 5399 4.
1122 5346 1176 5399 2.
1208 5346 1266 5414 6)
1287 5346 1529 5401 illorum
1555 5354 1730 5400 autem
1751 5361 1871 5401 ver-

298 5438 490 5493 borum
534 5437 620 5491 hic
648 5451 839 5492 sensus
880 5444 965 5491 est
988 5453 1003 5491 :
1029 5437 1075 5491 si
1105 5437 1230 5506 quid
1257 5437 1368 5503 tibi,
1398 5438 1589 5509 inquit,
1614 5437 1772 5496 bona
1795 5440 1873 5495 rei

258 5582 263 5589 ,
297 5537 509 5600 gestum
537 5526 742 5589 fuisset,
776 5528 1181 5597 haudquaquam
1208 5514 1306 5581 ista
1330 5528 1609 5596 patereris,
1636 5527 1731 5586 sed
1753 5542 1879 5598 pee-

297 5629 541 5674 catorum
570 5627 627 5673 et
651 5617 947 5689 iniquitatis
988 5617 1090 5673 luis
1114 5631 1319 5687 pinnas.
1354 5618 1424 5674 Et
1448 5618 1550 5676 hoc
1576 5627 1695 5675 erat
1731 5619 1874 5690 quod

297 5712 528 5767 maxime
557 5709 833 5766 mordebat
861 5710 1094 5765 animum
1120 5709 1239 5765 Job.
1269 5711 1344 5768 Ac
1372 5710 1441 5767 (le
1466 5711 1627 5768 Paulo
1664 5710 1873 5768 barbari

1578 306 1662 362 DE
1702 304 1971 361 LAZARO
2009 304 2248 361 CONCIO
2287 305 2325 359 1.

3486 307 3588 367 978

2016 413 2117 468 hoc
2160 414 2331 483 ipsum
2375 411 2659 469 dicebant:
2705 428 2825 468 cum
2872 416 3015 470 enim
3064 415 3303 471 viderent
3354 416 3595 487 viperam

2013 503 2331 574 pendentem
2362 503 2431 560 de
2476 520 2635 558 manu
2684 505 2845 569 illius,
2877 505 3006 561 nihil
3036 507 3159 562 boni
3200 507 3268 563 de
3296 508 3388 563 illo
3413 513 3586 579 suam:

2009 594 2288 661 cabantnr,
2335 597 2429 650 sed
2476 598 2852 654 existimabant
2880 614 3001 655 eum
3033 599 3325 659 hominem
3352 619 3474 660 esse
3519 605 3585 660 do

2009 704 2231 743 numero
2257 704 2465 756 eorum,
2496 692 2586 762 qui
2613 700 2850 747 extrema
2878 704 3250 764 perpetrarent
3276 697 3498 754 scelera.
3532 699 3585 754 ld

2010 781 2345 850 perspicuum
2374 790 2456 837 est
2475 798 2541 838 ex
2563 782 2647 838 his
2663 801 2783 853 quae
2808 784 3094 842 dicebant:
3121 786 3297 857 Hunc,
3322 789 3586 861 inquiunt,

2005 886 2038 923 a
2061 870 2191 924 mari
2210 881 2484 939 serratum,
2507 873 2634 928 ultio
2655 891 2757 931 non
2782 892 2931 946 passa
2951 887 3025 933 est
3049 880 3212 934 vivere
3228 881 3365 952 (Act.
3387 882 3477 938 28.
3504 883 3582 950 4).

2006 960 2120 1018 Hoc
2153 972 2333 1018 autem
2364 979 2471 1019 non
2516 966 2858 1047 mediocriter
2883 985 2984 1025 nos
3016 986 3228 1043 quoque
3265 976 3586 1032 conturbare

2003 1054 2299 1110 consuevit.
2349 1056 2600 1113 Attamen
2647 1073 2769 1114 cum
2814 1060 3003 1117 ﬂuctus
3029 1075 3209 1120 essent
3250 1077 3355 1122 tam
3406 1070 3580 1136 multi,

2003 1146 2344 1218 vicissimque
2391 1148 2483 1203 alii
2530 1165 2695 1220 super
2732 1151 2864 1208 alios
2893 1154 3044 1210 illum
3088 1157 3427 1229 impeterent,
3476 1178 3582 1218 non

2004 1245 2176 1291 tamen
2207 1238 2510 1294 demersum
2540 1250 2623 1296 est
2648 1242 2936 1313 navigium,
2968 1246 3063 1303 sed
3092 1249 3332 1317 perinde,
3365 1266 3428 1307 ac
3454 1252 3499 1307 si
3528 1251 3579 1304 in

2003 1325 2218 1384 fornace
2258 1333 2466 1399 positus
2503 1332 2663 1388 veluti
2709 1345 2966 1405 perpetuo
3005 1353 3130 1394 rore
3173 1340 3580 1412 refocillaretur,

2002 1418 2074 1474 ita
2103 1420 2602 1493 pltilOSOphabatttr.

2073 1510 2160 1564 ll.
2195 1510 2523 1568 Proverbium
2559 1516 2804 1586 impium,
2832 1522 2969 1590 quod
3014 1522 3232 1594 explicat
3276 1526 3575 1599 Chrysosto-

1998 1616 2131 1656 mus.
2158 1632 2231 1643 —
2256 1602 2372 1660 Non
2400 1607 2546 1662 enim
2583 1608 2798 1667 dicebat
2822 1614 2961 1682 apud
2991 1630 3109 1672 sese
3136 1620 3424 1691 quidquam
3451 1625 3576 1690 tale,

1997 1691 2154 1759 quale
2178 1692 2362 1764 vulgus
2389 1696 2567 1753 dicere
2592 1702 2877 1758 verisimile
2916 1715 2998 1760 est
3029 1724 3043 1760 :
3073 1708 3173 1765 iste
3193 1710 3342 1768 dives
3364 1714 3408 1769 si
3437 1730 3578 1770 mor-

1998 1790 2120 1838 tuus
2167 1784 2276 1840 illic
2322 1790 2536 1856 punitur
2581 1791 2776 1863 datque
2819 1811 3023 1865 pmnas,
3063 1817 3224 1858 unum
3272 1804 3468 1863 factum
3496 1820 3580 1865 est

2000 1889 2162 1966 unum
2189 1892 2203 1929 :
2233 1878 2276 1931 si
2318 1893 2447 1963 vero
2494 1881 2602 1938 illic
2648 1886 2834 1942 iisdem
2879 1891 3076 1959 potitur
3115 1893 3423 1966 honoribus,
3468 1902 3577 1957 duo

1997 1963 2134 2020 facta
2159 1981 2283 2023 sunt
2312 1971 2461 2027 nihil.
2492 1975 2683 2032 Annon
2710 1979 2823 2035 haec
2851 1996 2947 2051 per
2966 1983 3078 2039 fora
3100 1963 3454 2048 circumfertis
3481 2010 3576 2051 vos

1996 2057 2257 2127 plerique,
2287 2077 2355 2117 ex
2397 2063 2544 2120 circo
2587 2070 2891 2142 exterisque
2933 2073 3154 2132 theatris
3195 2079 3250 2134 in
3279 2082 3574 2142 Ecclesiam

1997 2148 2390 2245 importautes?
2419 2155 2587 2212 Pudet
2615 2176 2701 2215 me
2728 2163 2941 2231 quidem
2969 2182 3032 2222 ac
3055 2170 3251 2228 rubore
3275 2175 3573 2245 sulfundor,

1997 2241 2084 2309 qui
2115 2243 2236 2297 talia
2266 2246 2427 2300 verba
2474 2249 2527 2303 in
2571 2252 2804 2309 medium
2848 2258 3143 2327 proferam,
3175 2264 3276 2319 nisi
3305 2268 3445 2336 quod
3475 2241 3574 2325 ne;

1992 2346 2145 2429 cesso
2171 2345 2252 2390 est
2279 2336 2395 2392 haec
2419 2339 2620 2405 dicere,
2652 2353 2707 2397 ut
2731 2361 2824 2401 vos
2846 2362 2876 2402 a
2906 2350 3015 2404 risu
3040 2351 3412 2425 incomposito,
3450 2376 3570 2429 pro-

1993 2421 2111 2491 bro,
2162 2435 2216 2480 et
2243 2428 2477 2497 pernicie
2519 2430 2708 2486 borum
2746 2437 3026 2494 verborum
3072 2421 3350 2516 noxiisque
3395 2421 3572 2507 verbis

1992 2514 2314 2571 liberemini.
2358 2518 2484 2576 llaec
2523 2524 2672 2577 multi
2721 2525 3024 2597 frequenter
3063 2514 3569 2595 dicunt'ridentes:

1991 2618 2174 2659 verum
2201 2606 2304 2662 hoc
2326 2624 2540 2680 quoque
2559 2612 2836 2671 diabolicae
2858 2621 3107 2676 versutia:
3126 2633 3226 2688 est,
3253 2624 3373 2681 loco
3395 2628 3566 2683 dicto-

1992 2709 2108 2747 rum
2135 2696 2369 2752 civilium
2395 2709 2450 2754 et
2480 2702 2805 2759 urbanorum
2855 2709 3148 2776 perniciosa
3199 2713 3251 2767 in
3277 2716 3439 2772 vitam
3469 2736 3567 2773 nu-

1990 2793 2155 2840 stram
2225 2788 2477 2847 inducere
2548 2792 2814 2864 dogmata.
2871 2796 2996 2854 lltec
3051 2800 3358 2872 frequenter
3411 2817 3466 2863 et
3516 2811 3569 2867 in

1989 2876 2218 2934 ofﬁcinis
2243 2890 2298 2935 et
2326 2881 2380 2935 in
2428 2882 2564 2950 foro,
2607 2895 2661 2940 et
2703 2888 2754 2941 in
2786 2889 2988 2946 aedibus
3017 2893 3254 2964 plerique
3291 2899 3569 2957 circumfe-

1989 2979 2132 3037 runt,
2164 2988 2284 3041 quae
2328 2989 2416 3029 res
2457 2985 2711 3033 extrema:
2759 2989 2843 3034 est
2884 2984 3265 3042 incredulitatis
3305 2998 3360 3044 et
3386 3006 3569 3047 amen-

1991 3062 2113 3129 tiae,
2157 3062 2379 3119 ridicula
2422 3067 2691 3138 animique
2740 3072 2978 3139 puerilis.
3021 3074 3151 3130 Nam
3197 3079 3407 3145 dicere,
3441 3099 3566 3138 num

1989 3149 2115 3206 hinc
2155 3152 2378 3222 profecti
2424 3157 2546 3210 mali
2587 3159 2891 3227 puniantur,
2936 3178 3035 3218 nec
3075 3164 3177 3221 hoc
3221 3169 3568 3228 vehementer

1990 3239 2189 3297 habere
2237 3259 2569 3314 persuasum,
2615 3250 2757 3317 quod
2783 3254 2999 3315 omnino
3030 3258 3279 3324 puniendi
3308 3270 3452 3329 sunt,
3480 3264 3565 3318 in-

1990 3330 2225 3388 ﬁdelium
2253 3346 2335 3389 cst
2359 3350 2421 3390 ac
2446 3337 2822 3395 dubitantium.
2870 3342 2995 3398 Illud
3028 3362 3172 3412 vero,
3200 3352 3439 3418 quamvis
3464 3353 3567 3411 hoc

1990 3424 2246 3492 evenerit,
2267 3429 2714 3496 quemadmodum
2739 3434 2896 3488 etiam
2921 3446 3230 3493 eventurum
3259 3450 3360 3509 est,
3382 3455 3567 3512 putare

1988 3514 2156 3570 malos
2194 3517 2400 3586 aequale
2452 3522 2727 3589 praemium
2775 3538 2895 3579 cum
2927 3525 3086 3596 justis
3127 3541 3419 3602 reportare,
3468 3552 3564 3591 ex-

1988 3614 2171 3661 tremae
2194 3608 2475 3665 dementia:
2502 3621 2607 3669 est.

2059 3695 2224 3751 Nulla
2275 3703 2587 3769 comparatio
2648 3703 2781 3758 inter
2825 3707 2978 3762 vitam
3026 3709 3158 3764 hanc
3211 3724 3259 3766 et
3312 3718 3563 3785 futuram.

1982 3785 2189 3854 —Quid
2221 3804 2402 3858 quaeso
2421 3791 2599 3848 dicis?
2626 3795 2678 3849 Si
2703 3795 2854 3852 dives
2875 3797 2998 3855 illuc
3027 3801 3296 3870 profectus
3325 3810 3563 3876 punitur,

1985 3891 2146 3930 unum
2199 3877 2394 3933 factum
2434 3891 2517 3936 est
2554 3885 2763 3938 unum?
2801 3887 2869 3941 Et
2909 3891 3177 3957 quomodo
3223 3894 3357 3950 istuc
3397 3901 3564 3965 possit

1981 3967 2308 4025 consistere?
2323 3971 2461 4035 Quot
2476 3974 2616 4027 enim
2630 3975 2783 4029 annis
2797 3977 2875 4032 vis
2891 3978 3035 4035 illum
3050 3980 3135 4035 hic
3146 3986 3383 4049 pecuniis
3400 3987 3567 4045 fuisse

1984 4054 2243 4114 fruitum?
2273 4060 2366 4115 Vis
2393 4076 2653 4130 ponamus
2679 4067 2936 4121 centum?
2966 4068 3078 4138 Ego
3112 4087 3241 4127 vero
3269 4077 3428 4131 etiam
3458 4079 3560 4134 du-

1981 4161 2169 4207 centos
2198 4169 2360 4224 pono,
2393 4170 2533 4224 pono
2560 4165 2845 4223 trecentos,
2888 4174 3029 4230 pono
3056 4161 3138 4217 bis
3183 4173 3406 4233 tantum,
3437 4180 3487 4225 et
3514 4172 3567 4226 si
3624 4178 3632 4184 '

1983 4244 2063 4297 vis
2091 4243 2253 4308 mille,
2287 4244 2428 4313 quod
2456 4261 2588 4303 sane
2618 4246 2730 4304 fieri
2757 4264 2863 4303 non
2904 4256 3075 4319 potuit
3100 4271 3114 4305 :
3145 4253 3264 4311 Dies
3290 4259 3441 4325 enim,
3476 4260 3558 4314 in-

1981 4336 2115 4405 quit,
2137 4352 2386 4391 atmorum
2412 4347 2694 4394 nostrorum
2717 4343 2968 4411 octoginta
2987 4346 3106 4398 anni
3131 4345 3294 4415 (Psal.
3324 4350 3412 4405 89.
3445 4352 3560 4423 ill):

1981 4437 2216 4484 attamen
2244 4440 2506 4497 ponantur
2524 4431 2668 4487 mille
2696 4448 2710 4484 :
2743 4448 2866 4487 num
2894 4443 3064 4503 potes,
3091 4452 3273 4507 quaeso
3301 4448 3373 4505 te,
3397 4441 3563 4499 vitam

1981 4517 2263 4574 ostendere
2288 4535 2408 4589 qua:
2453 4520 2608 4575 finem
2656 4538 2760 4577 non
2807 4523 3016 4589 habeat,
3057 4542 3120 4583 ac
3161 4530 3443 4587 terminum
3466 4549 3561 4588 ne-

1981 4610 2132 4675 sciat,
2163 4611 2336 4679 qualis
2373 4620 2458 4666 est
2497 4612 2604 4666 illic
2627 4613 2889 4681 justorutn
2911 4616 2935 4669 'i
2961 4617 3074 4686 Age
3116 4619 3291 4690 igitur,
3331 4624 3482 4691 cedo,
3511 4627 3560 4680 si

1980 4702 2102 4770 quis
2130 4702 2182 4757 in
2201 4703 2354 4757 annis
2382 4712 2595 4758 centum
2625 4705 2844 4761 vidisset
2872 4722 2965 4776 per
2986 4725 3142 4765 unam
3164 4721 3373 4769 noctem
3398 4730 3561 4772 suave

1980 4794 2243 4849 somnium
2271 4835 2287 4860 ,
2340 4795 2622 4866 multisque
2668 4797 2871 4854 deliciis
2923 4815 3020 4870 per
3059 4805 3322 4859 somnium
3368 4804 3561 4861 fruitus

1981 4893 2142 4951 esset,
2173 4899 2236 4940 ac
2279 4896 2490 4942 centum
2534 4889 2687 4943 annis
2736 4891 3046 4959 puniretur:
3093 4909 3218 4949 num
3262 4895 3306 4950 is
3352 4895 3420 4951 de
3456 4895 3563 4953 hoc

1980 4975 2160 5033 dicere
2186 4986 2381 5046 posset,
2414 4993 2574 5034 unum
2606 4989 2660 5036 et
2687 4997 2872 5049 unum,
2902 4991 2956 5038 et
2983 4985 3189 5039 unicam
3227 4996 3435 5041 noctein
3455 5004 3557 5057 qua

1981 5067 2281 5134 somniavit,
2326 5077 2539 5125 centum
2582 5072 2737 5127 annis
2774 5073 3140 5143 aequiparare?
3180 5075 3331 5131 Dictu
3374 5077 3562 5132 absur-

1979 5156 2128 5213 dum.
2155 5157 2268 5213 Hoc
2288 5158 2398 5228 jam
2436 5168 2489 5216 et
2517 5160 2586 5217 de
2607 5160 2781 5216 futura
2810 5163 2917 5217 vita
2939 5165 3133 5234 cogita.
3159 5164 3290 5221 Nam
3318 5167 3459 5238 quod
3478 5177 3563 5225 est

1979 5250 2245 5305 somnium
2275 5266 2437 5306 unum
2475 5253 2542 5307 ad
2585 5267 2756 5309 annos
2801 5264 3037 5320 centum,
3074 5255 3177 5311 hoc
3202 5267 3286 5312 est
3328 5273 3561 5328 praesens

1980 5340 2088 5395 vita
2114 5341 2181 5395 ad
2208 5343 2367 5396 vitam
2395 5341 2643 5411 futuram,
2661 5342 2769 5398 imo
2789 5343 2964 5413 potius
2989 5345 3159 5401 multo
3186 5348 3381 5403 minus.
3409 5348 3558 5416 Quod

1980 5442 2062 5487 est
2107 5433 2293 5502 exigua
2339 5442 2486 5502 gutta
2527 5432 2596 5489 ad
2644 5432 2860 5504 pelagus
2910 5435 3247 5502 immensum,
3294 5437 3396 5495 hoc
3440 5451 3563 5498 sunt

1979 5524 2105 5578 anni
2153 5524 2299 5579 mille
2326 5522 2392 5577 ad
2437 5522 2668 5579 futuram
2700 5524 2843 5579 illam
2870 5525 3092 5596 gloriam
3132 5537 3188 5584 et
3234 5527 3560 5588 fruitionem.

1981 5615 2050 5670 Et
2085 5612 2211 5684 quid
2262 5613 2474 5669 tandem
2521 5624 2681 5683 queat
2724 5614 2914 5686 aliquis
2963 5617 3192 5686 amplius
3232 5618 3432 5685 dicere,
3461 5621 3565 5679 nisi

1980 5706 2120 5778 quod
2149 5705 2432 5762 terminum
2459 5722 2564 5762 non
2591 5706 2768 5774 habet,
2787 5717 2840 5765 ct
2867 5707 3025 5766 finem
3053 5711 3221 5767 nescit
3247 5729 3260 5763 :
3285 5724 3559 5784 quantum-
