4046 6146
517 290 623 344 979

519 427 627 482 que
672 409 897 465 intercSt
947 403 1086 458 inter
1113 399 1317 456 somnia
1367 406 1420 449 et
1465 408 1553 449 res
1583 404 1755 457 veras,
1792 398 1993 444 tantum
2023 386 2104 439 in-

531 512 697 557 tereSt
741 500 879 552 inter
908 494 1064 565 lmjus
1087 492 1210 547 vita:
1234 498 1428 544 statum
1456 495 1511 539 et
1538 485 1699 538 illius.

600 592 667 646 Et
687 591 769 644 hic
791 587 1071 659 puniuntur
1090 581 1344 652 impii.--
1361 576 1497 643 Quin
1527 583 1581 628 et
1609 573 1800 642 alioqui
1827 577 2109 637 antequam

525 685 637 744 illic
689 682 994 754 puniantur,
1021 677 1130 746 jam
1162 687 1302 727 nunc
1343 670 1432 740 qui
1480 665 1720 734 improbe
1744 672 1925 732 agunt,
1955 668 2116 727 atque

526 782 578 835 in
607 776 838 850 peccatis
865 773 1066 835 vivunt,
1102 768 1410 837 puniuntur.
1438 760 1549 817 Nec
1575 760 1716 814 enim
1762 755 1889 809 mihi
1916 751 2116 807 dixeris

525 845 675 932 illum
709 881 891 924 mensa
916 871 1222 932 sumptuosa
1268 856 1393 922 frui,
1425 853 1661 913 vestibus
1686 845 2001 904 circumdari
2028 857 2116 896 se-

528 966 674 1028 ricis,
703 959 1087 1028 mancipiorum
1129 964 1317 1022 greges
1345 946 1709 1009 circumferre,
1731 941 1865 995 alios
1898 938 2120 994 submo’

525 1071 657 1111 vere
708 1054 760 1107 in
793 1050 911 1106 foro
938 1066 953 1101 :
984 1046 1079 1102 sed
1110 1043 1314 1113 explica
1359 1037 1491 1093 mihi
1518 1035 1670 1090 istius
1696 1028 2075 1088 conscientiam
2102 1066 2118 1086 .

528 1158 584 1205 ct
609 1146 816 1203 videbis
840 1143 983 1197 intus
1011 1150 1229 1209 gravem
1255 1140 1595 1204 peccatorum
1618 1123 1920 1186 tumultum,
1940 1120 2120 1190 jugem

529 1220 751 1303 metum,
800 1240 1194 1303 tempestatem,
1226 1224 1577 1281 turbationem
1615 1237 1630 1273 :
1660 1217 1862 1273 videbis
1897 1213 2040 1268 velut
2068 1212 2121 1266 in

526 1333 731 1405 judicio
756 1338 990 1383 mentem
1020 1322 1084 1377 ad
1110 1322 1359 1376 thronum
1379 1312 1720 1370 conscientiae
1745 1304 2124 1395 conscendisse

532 1398 795 1496 regalem,
825 1429 877 1474 et
911 1426 1179 1485 tamquam
1204 1409 1438 1482 iudicem
1480 1404 1779 1496 quempiam
1809 1398 2122 1460 sedentem,

534 1488 961 1587 et'cogitationes
989 1508 1107 1562 loco
1130 1500 1439 1559 carnificum
1489 1488 1852 1557 adhibentem,
1887 1488 2121 1543 animum

538 1581 979 1679 suspendentem,
1031 1612 1126 1668 pro
1158 1593 1389 1666 peccatis
1416 1591 1757 1649 lacerantem,
1784 1581 2127 1639 vehementer

541 1702 942 1759 ioclarnantem,
973 1705 1095 1746 cum
1142 1700 1301 1742 nemo
1352 1682 1505 1744 sciat,
1552 1677 1652 1732 nisi
1682 1675 1828 1730 solus
1858 1673 1995 1727 Deus
2037 1669 2128 1739 qui

539 1792 654 1846 lucc
707 1786 988 1855 conspicit.
1041 1780 1251 1835 Etenim
1300 1776 1391 1846 qui
1435 1769 1717 1855 committit
1767 1764 2126 1825 adulterium,

539 1883 749 1941 etiamsi
803 1878 998 1933 millies
1027 1874 1180 1929 luerit
1224 1872 1392 1934 dives,
1438 1844 1658 1924 etiamsi
1695 1861 1898 1918 nullum
1940 1859 2133 1913 habeat

541 1984 928 2033 accusatorem,
957 1982 1059 2021 non
1090 1963 1285 2019 desinit
1326 1970 1502 2014 tamen
1533 1959 1673 2013 intus
1711 1955 2133 2033 seipsumaccu-

542 2081 663 2121 sare
694 2081 708 2118 :
736 2074 791 2118 et
819 2060 1064 2139 voluptas
1091 2053 1305 2126 quidem
1334 2048 1654 2120 temporaria
1683 2055 1785 2111 est,
1818 2030 1969 2098 dolor
2003 2055 2131 2095 vero

544 2166 858 2228 perpetuus,
888 2136 1049 2206 timor
1090 2146 1327 2215 undique
1353 2158 1417 2197 ac
1446 2152 1662 2204 tremor,
1696 2136 1928 2205 suspicio
1956 2142 2009 2189 et
2034 2148 2131 2185 an-

544 2217 1085 2306 .xiet'asmngiportus
1125 2229 1350 2293 metuit,
1400 2226 1613 2280 umbras
1657 2222 1800 2292 ipsas
1843 2217 2130 2282 formidat,

545 2344 673 2387 suos
714 2326 883 2397 ipsius
929 2321 1187 2387 famulos,
1218 2317 1482 2382 conscios,
1529 2314 1744 2377 inscios,
1778 2311 1921 2366 illam
1965 2310 2132 2377 ipsam

546 2438 706 2495 quam
735 2416 990 2487 corrupit,
1043 2422 1099 2469 et
1139 2412 1312 2467 virum
1354 2422 1512 2479 quem
1556 2405 1732 2460 atl‘ecit
1770 2399 2130 2458 contumelia:

546 2494 858 2569 obambulat
897 2520 1135 2563 amarum
1181 2511 1543 2557 accusatorem
1587 2494 1965 2551 circumferens
2002 2506 2134 2546 con-

546 2604 845 2666 scientiam,
869 2614 990 2654 cnm
1008 2598 1076 2651 sit
1095 2609 1194 2650 suo
1212 2589 1589 2661 ipsiusjudicio
1606 2586 1905 2649 damnatus,
1935 2598 2033 2638 nec
2052 2583 2137 2636 vel

548 2697 614 2750 ad
643 2696 805 2749 breve
824 2701 1031 2758 tempus
1056 2684 1223 2756 possit
1247 2681 1529 2751 respirare.
1554 2676 1686 2732 Nam
1711 2686 1765 2730 et
1790 2676 1843 2729 in
1865 2675 2001 2729 lecto
2017 2672 2136 2728 etin

550 2802 757 2851 mensa,
784 2794 839 2838 et
867 2783 917 2836 in
946 2779 1062 2835 foro
1087 2787 1142 2833 et
1168 2780 1222 2831 in
1248 2775 1428 2839 domo,
1461 2780 1517 2828 et
1545 2769 1772 2825 interdiu
1797 2779 1849 2822 et
1874 2775 2052 2830 noctu,
2084 2773 2140 2819 et

556 2882 610 2934 in
639 2878 767 2949 ipsis
809 2874 1115 2944 frequenter
1141 2867 1362 2924 somniis
1389 2866 1505 2920 haec
1540 2862 1829 2934 iniquitatis
1856 2860 2137 2915 simulacra

552 2969 720 3033 videt,
752 2966 1022 3038 ipsiusque
1046 2962 1177 3017 Cain
1209 2962 1370 3014 vitam
1396 2956 1545 3023 vivit,
1570 2968 1788 3025 gemens
1816 2966 1879 3006 ac
1907 2961 2140 3005 tremens

550 3076 713 3131 super
754 3070 975 3123 terram,
1006 3070 1125 3109 cum
1153 3066 1311 3107 nemo
1340 3048 1473 3104 sciat
1503 3043 1655 3119 (Gen.
1684 3042 1766 3115 4),
1795 3042 1937 3097 intus
1965 3052 2138 3095 tamen

554 3153 716 3207 habet
744 3150 919 3219 ignem
962 3159 1174 3214 semper
1198 3148 1588 3197 coacervatum.
1620 3135 1764 3192 ldem
1792 3135 2061 3206 patiuntur
2086 3142 2142 3189 et

554 3243 644 3313 qui
672 3242 911 3310 rapinam
943 3244 1212 3299 exercent,
1257 3242 1313 3288 et
1338 3230 1429 3302 qui
1456 3227 1645 3284 fraude
1672 3228 1876 3282 lucrum
1904 3223 2138 3279 faciunt:

555 3336 733 3390 hocet
770 3331 989 3394 ebriosi,
1045 3328 1097 3382 in
1148 3339 1357 3381 summa
1403 3320 1662 3393 quotquot
1690 3320 1742 3374 in
1792 3318 2020 3388 peccatis
2064 3316 2145 3371 vi-

555 3436 705 3482 vunt.
751 3424 935 3494 Neque
963 3420 1103 3476 enim
1136 3418 1241 3472 ulla
1281 3415 1489 3472 ratione
1518 3411 1777 3483 judicium
1808 3410 1933 3465 illud
1972 3419 2144 3479 potest

554 3516 844 3585 corrumpi.
888 3512 997 3568 lmo
1026 3509 1234 3565 etiamsi
1261 3522 1366 3561 non
1393 3514 1662 3561 sectemur
1699 3501 1964 3566 virtutem,
1997 3499 2146 3554 dole—

557 3624 677 3664 mus
699 3619 872 3661 tamen
900 3619 966 3659 eo
988 3601 1129 3672 quod
1153 3614 1273 3654 eam
1293 3614 1396 3653 non
1423 3594 1759 3664 asscquimnr
1784 3610 1798 3647 :
1827 3604 1882 3647 et
1904 3592 2030 3646 licet
2047 3591 2144 3645 im-

557 3698 876 3772 probitatem
906 3703 1195 3757 sectemur,
1221 3698 1396 3744 tamen
1419 3694 1663 3742 cessante
1698 3684 1964 3753 voluptate
1986 3697 2143 3752 quam

559 3804 626 3843 ex
672 3793 895 3859 peccato
943 3781 1301 3854 percipimus,
1351 3777 1612 3832 sentimus
1658 3774 1917 3830 dolorem.
1967 3774 2146 3843 Itaque

559 3898 627 3937 ne
650 3877 939 3936 dixerimus
968 3874 1036 3930 de
1074 3871 1325 3928 divitibus
1350 3869 1438 3924 hic
1479 3866 1718 3938 improbe
1745 3865 2060 3932 viventibus,
2092 3874 2148 3920 et

561 3975 631 4031 de
675 3972 834 4044 justis
876 3970 986 4025 illic
1024 3966 1276 4021 felicitate
1322 3961 1635 4025 fruentibus,
1681 3957 1821 4030 quod
1868 3973 2030 4012 unum
2079 3956 2148 4011 sit

563 4079 746 4130 unum,
777 4061 870 4137 sed
896 4058 1039 4131 quod
1066 4058 1174 4112 duo
1214 4056 1320 4111 sint
1343 4053 1495 4109 nihil.
1520 4049 1955 4120 Quandoquidem
1992 4049 2148 4119 justis

560 4169 615 4213 et
637 4171 700 4212 ea
725 4169 845 4224 quae
874 4151 982 4206 illic
1004 4159 1148 4213 sunt,
1176 4157 1230 4202 et
1255 4162 1316 4201 ea
1341 4161 1461 4216 qua:
1486 4143 1574 4224 hic
1599 4152 1741 4208 sunt,
1764 4142 1981 4196 multant
2013 4156 2149 4210 pra:-

562 4252 690 4306 bcnt
718 4220 1040 4315 voluptatem
1066 4260 1078 4297 :
1109 4241 1197 4312 qui
1247 4255 1374 4294 vero
1401 4238 1453 4292 itt
1500 4220 1732 4306 nequitia
1761 4243 1815 4288 et
1855 4233 2037 4288 fraude
2066 4233 2148 4288 vi-

564 4355 670 4399 tam
692 4350 872 4413 agunt,
890 4348 945 4394 et
973 4339 1059 4415 hic
1084 4349 1137 4392 et
1163 4336 1270 4389 illic
1293 4333 1583 4403 puniuntur
1609 4347 1623 4384 :
1657 4328 1744 4384 hic
1758 4328 2144 4383 discruciantur

562 4433 958 4503 exspectatione
983 4426 1224 4498 supplicii
1256 4425 1363 4479 illic
1388 4422 1568 4485 futuri,
1597 4419 1791 4475 deinde
1828 4418 1965 4473 mala
1989 4433 2149 4489 quam

563 4528 632 4581 ab
673 4523 919 4581 omnibus
962 4521 1138 4576 ferunt
1177 4517 1446 4587 opinione,
1491 4522 1745 4583 praeterea
1785 4510 1926 4581 quod
1976 4509 2148 4580 ipsum

563 4617 724 4673 etiam
751 4622 1021 4684 peccatum
1041 4611 1270 4664 animam
1293 4608 1526 4676 ipsorum
1553 4602 1845 4673 corrumpit
1877 4619 1890 4656 :
1922 4601 2150 4670 denique

566 4716 843 4779 postquam
857 4704 982 4758 hinc
1000 4699 1219 4772 profecti
1236 4707 1380 4760 sunt,
1412 4696 1761 4751 intolerabilia
1784 4694 2151 4765 perpetiuntur

566 4797 845 4869 supplicia.
874 4795 1101 4849 Rursum
1127 4789 1255 4860 justi
1296 4787 1504 4843 etiamsi
1533 4787 1621 4841 hic
1652 4786 1926 4841 innumera
1955 4800 2150 4855 perpe-

567 4891 764 4945 tiantur
780 4885 992 4950 acerba,
1011 4880 1260 4953 quoniam
1283 4879 1422 4933 bona
1442 4892 1564 4947 spes
1582 4876 1675 4931 alit
1693 4877 1833 4939 illos,
1850 4876 2152 4948 habentque

566 4984 891 5052 voluptatem
921 4990 1128 5047 puram,
1163 4972 1391 5035 firmam,
1416 4981 1472 5025 et
1517 4968 1783 5037 stabilem,
1829 4969 1989 5025 etiam
2033 4981 2154 5041 post

567 5078 701 5141 haec,
729 5075 1005 5130 innumera
1046 5068 1166 5123 illos
1192 5063 1462 5135 excipiunt
1506 5063 1662 5127 bona,
1706 5061 2151 5133 quemadmodum

573 5183 627 5231 et
647 5170 849 5225 Lazaro
873 5162 1085 5219 accidit.
1116 5159 1226 5216 Nec
1250 5159 1393 5214 enim
1431 5157 1607 5213 isthuc
1633 5155 1761 5210 mihi
1787 5155 2007 5221 dixeris,
2039 5162 2154 5209 erat

567 5265 863 5325 ulcerosus,
891 5270 1077 5312 verum
1108 5251 1239 5309 illud
1284 5249 1580 5312 considera,
1608 5248 1750 5319 quod
1793 5248 1981 5318 quovis
2024 5263 2153 5302 auro

568 5342 939 5427 pretiosiorem
970 5351 1113 5404 intus
1140 5346 1369 5401 habebat
1405 5343 1638 5399 animam
1660 5383 1675 5407 ,
1709 5341 1815 5396 imo
1843 5340 2019 5395 verius
2048 5355 2152 5396 non

568 5450 799 5504 animam
830 5452 1055 5505 tantum,
1084 5452 1270 5495 verum
1315 5437 1474 5492 etiam
1519 5449 1715 5504 corpus
1758 5432 1942 5503 ipsius.
1977 5432 2155 5487 Virtus

571 5542 712 5596 enim
738 5535 978 5607 corporis
1005 5547 1111 5588 non
1136 5541 1220 5588 est
1243 5528 1476 5585 obesitas
1496 5527 1739 5596 bonaque
1768 5524 2038 5591 habitudo,
2059 5523 2155 5580 sed

573 5641 747 5688 tantos
791 5644 855 5685 ac
882 5627 1016 5683 tales
1044 5626 1183 5682 ferre
1225 5624 1511 5679 cruciatus.
1538 5620 1654 5676 Non
1692 5619 1834 5676 enim
1874 5619 1919 5674 si
1943 5619 2061 5689 quis
2104 5618 2157 5672 in

572 5736 798 5797 corpore
825 5727 995 5794 gestet
1034 5717 1154 5773 talia
1180 5715 1395 5772 vulnera
1424 5712 1804 5770 abominandus
1847 5721 1945 5777 cst,
1975 5725 2156 5767 verum

1290 279 1346 337 S.
1386 273 1661 335 JOANNIS
1694 264 2168 328 CllRYSOSTOMl
2205 261 2522 319 ARClllEP.
2563 259 3098 318 CONSTANTINOP.
3656 254 3739 312 980

2225 380 2267 434 si
2293 381 2410 451 quis
2436 380 2488 434 in
2513 380 2689 435 animo
2716 379 2990 434 innumera
3016 378 3217 432 habens
3244 377 3436 441 ulcera.
3462 380 3636 436 nullam
3654 383 3743 441 illo-

2219 487 2337 525 rum
2367 486 2548 525 curam
2579 480 2731 541 agat,
2763 471 2808 524 is
2832 468 3215 525 abominandus
3241 478 3343 533 est,
3374 470 3535 537 qualis
3556 483 3654 526 erat
3676 474 3746 531 ille

2219 563 2388 625 dives.
2423 563 2564 616 intus
2589 571 2729 616 totus
2758 561 3048 616 ulcerosus.
3080 561 3138 614 Et
3178 560 3600 628 quemadmodum
3622 578 3747 621 mnes

2223 652 2378 721 hujus
2406 654 2675 723 lingcbant
2714 652 2953 715 vulnera,
2995 652 3073 705 sic
3100 659 3153 705 et
3180 649 3447 705 daemones
3488 651 3612 707 illius
3648 669 3747 724 pce-

2222 754 2337 800 cata
2370 762 2383 798 :
2416 756 2469 800 et
2495 744 2940 815 quemadmodum
2973 743 3058 797 hic
3085 743 3136 796 in
3184 742 3321 797 fame
3360 742 3480 808 cibi,
3508 744 3569 797 ita
3606 745 3677 800 ille
3708 748 3749 803 in

2225 836 2362 889 fame
2387 837 2561 889 omnis
2604 835 2811 889 virtutis
2840 835 3066 889 vivebat.

2297 926 2384 980 12.
2412 926 2537 981 lla-c
2559 926 2713 996 igitur
2732 925 2908 980 omnia
2929 940 3050 979 cum
3073 923 3326 989 sciamus,
3356 921 3749 993 philosophemur,

2227 1032 2401 1087 neque
2425 1016 2664 1072 dicamus
2687 1034 2700 1070 :
2723 1016 2769 1070 si
2796 1015 2942 1070 illum
2972 1016 3108 1070 Deus
3129 1025 3379 1079 amasset,
3406 1013 3750 1086 haudquaquam

2227 1124 2349 1164 cum
2398 1122 2682 1177 pauperem
2722 1122 2842 1163 esse
2871 1120 3058 1177 passus
3104 1105 3304 1161 fuisset.
3351 1103 3480 1160 Nam
3508 1105 3598 1162 hoc
3620 1107 3753 1177 ipsum

2227 1197 2441 1268 quidem
2469 1198 2762 1252 maximum
2793 1207 2875 1252 est
2903 1196 3200 1252 dilectionis
3228 1205 3599 1266 argumentum.
3628 1198 3755 1261 Quem

2229 1290 2361 1345 enim
2386 1290 2550 1361 diligit
2572 1288 2726 1355 Deus,
2749 1290 2981 1360 castigat,
3003 1282 3228 1360 ﬂagellat
3247 1297 3413 1342 autem
3426 1303 3604 1342 carnem
3628 1288 3755 1357 ﬁlium

2228 1397 2375 1451 quem
2400 1380 2574 1452 recipit
2601 1379 2782 1451 (Hebr.
2812 1380 2899 1436 12.
2926 1380 3001 1450 6).
3026 1379 3093 1434 Et
3119 1393 3303 1434 rursus
3333 1395 3348 1432 :
3374 1375 3495 1445 Fili,
3521 1381 3564 1432 si
3584 1395 3754 1433 accesse-

2230 1474 2301 1528 ris
2328 1473 2396 1526 ad
2424 1473 2740 1528 serviendum
2780 1472 3016 1540 Domino,
3058 1488 3292 1543 praepara
3321 1472 3534 1525 animam
3572 1480 3686 1525 tuam
3705 1472 3756 1525 ad

2231 1563 2571 1629 tentalionem,
2603 1562 2765 1634 dirige
2786 1579 2873 1616 cor
2898 1572 3039 1616 tuum
3073 1578 3132 1616 ac
3159 1578 3415 1632 persevera
3440 1561 3606 1632 (Eccli.
3625 1562 3669 1616 2.
3698 1563 3755 1632 l).

2232 1655 2521 1727 Ejiciamus
2549 1656 2730 1726 igitur,
2759 1655 3106 1720 dilectissimi,
3135 1654 3266 1709 istas
3311 1669 3635 1724 supervacuas
3666 1653 3756 1723 opi-

2232 1748 2439 1815 niones,
2473 1748 2815 1818 vulgariaque
2835 1746 3131 1803 istiusmodi
3161 1746 3322 1800 dicta.
3352 1744 3611 1812 Turpitudo
3629 1744 3756 1808 enim,

2234 1839 2422 1910 inquit,
2453 1855 2513 1892 ac
2535 1839 2904 1910 stultiloquium
2931 1850 2977 1894 et
3003 1839 3284 1893 scurrilitas
3308 1854 3370 1892 ne
3394 1836 3676 1909 prodeuntes
3695 1851 3757 1888 ore

2233 1940 2397 1984 vestro
2444 1928 2659 2001 (Epltes.
2691 1932 2745 1987 5.
2773 1930 2852 2000 4).
2884 1929 2993 1985 Nec
3036 1929 3133 2000 ipsi
3184 1928 3308 1983 talia
3351 1924 3759 1998 loquamurzctsi

2235 2019 2368 2074 alios
2390 2020 2663 2075 videamus
2681 2020 2803 2075 talia
2825 2020 3123 2090 loquentes,
3144 2018 3454 2074 obturemus
3474 2018 3565 2073 illis
3585 2031 3761 2081 os,cou-

2238 2120 2316 2165 tra
2346 2112 2681 2181 insurgamus
2707 2111 2919 2177 acriter,
2948 2110 3302 2166 cohibeamus
3325 2126 3500 2165 eorum
3541 2107 3761 2178 impudeu~

2241 2212 2347 2256 tem
2378 2202 2629 2273 linguam.
2675 2203 2788 2271 Age
2831 2203 2874 2256 si
2902 2218 3060 2272 quem
3092 2202 3322 2257 vidisses
3346 2201 3585 2257 latrocinii
3614 2200 3763 2269 princi-

2238 2309 2358 2364 pem
2378 2303 2709 2364 grassantetu
2739 2311 2832 2364 per
2849 2295 2978 2358 vias,
2998 2295 3440 2364 praetereuntibus
3466 2292 3762 2356 insidiantem,

2238 2402 2301 2443 ea
2326 2403 2444 2458 qua:
2463 2396 2587 2444 sunt
2610 2389 2662 2443 in
2688 2389 2828 2459 agris
2848 2389 3162 2458 rapientem,
3187 2388 3246 2442 in
3274 2388 3537 2457 speluncas
3552 2402 3605 2441 ac
3628 2385 3764 2440 foveis

2240 2479 2615 2534 subterraneas
2644 2495 2828 2535 aurum
2857 2489 2910 2535 ct
2932 2489 3206 2549 argentum
3231 2479 3592 2544 defodicntem,
3615 2494 3666 2533 ac
3686 2478 3764 2531 illic

2241 2571 2404 2625 multa
2436 2572 2793 2627 recludentem
2813 2584 3073 2635 armenta,
3096 2580 3281 2627 vestes
3302 2589 3365 2626 ac
3390 2572 3624 2640 mancipia
3641 2572 3765 2624 multa

2241 2678 2306 2717 ex
2333 2663 2726 2719 incursionibus
2745 2664 2846 2718 illis
2873 2663 3266 2733 possidentem,
3294 2680 3388 2733 age
3411 2665 3490 2719 die
3516 2663 3645 2730 mihi,
3670 2678 3765 2716 nuta

2243 2755 2390 2811 illum
2436 2757 2644 2811 beatum
2672 2757 2881 2812 dicetes
2921 2766 3138 2826 propter
3164 2756 3379 2813 divitias
3405 2757 3513 2812 illas
3537 2771 3596 2810 an
3634 2756 3767 2826 potius

2242 2851 2499 2906 miserum
2523 2851 2841 2920 praedicares
2858 2859 3075 2921 propter
3090 2851 3411 2920 supplicium
3433 2850 3502 2905 illi
3522 2847 3768 2905 venturum!

2242 2942 2402 3012 Atqui
2445 2941 2681 2996 nondum
2728 2943 3148 3012 comprehensus
3186 2954 3296 3007 est,
3348 2958 3508 3013 neque
3537 2944 3582 2995 in
3621 2955 3769 2995 manus

2240 3034 2435 3103 judicis
2482 3033 2724 3099 traditus,
2775 3048 2877 3089 nec
2918 3034 2969 3087 in
3014 3048 3291 3089 carcerem
3330 3034 3600 3104 conjectus,
3637 3045 3770 3099 neque

2243 3133 2607 3181 accusatorem
2631 3123 2833 3188 habuit,
2861 3138 3033 3194 neque
3059 3125 3110 3178 in
3135 3124 3400 3194 judicium
3425 3126 3575 3186 venit,
3602 3122 3680 3178 sed
3698 3121 3769 3175 de-

2247 3221 2382 3275 liciis
2427 3218 2696 3289 indulget,
2744 3218 3069 3283 inebriatur,
3112 3218 3387 3290 multaquc
3427 3233 3587 3274 rerum
3625 3216 3770 3270 fruitur

2245 3310 2538 3365 afﬂuentia.
2568 3313 2817 3364 Attamen
2861 3325 2966 3362 non
3010 3317 3236 3380 propter
3286 3310 3568 3378 przcsentia,
3595 3320 3771 3377 qua-quc

2246 3401 2530 3469 videntur,
2576 3400 2878 3470 judicamus
2948 3399 3095 3454 illum
3143 3400 3363 3457 beatum
3410 3420 3423 3457 :
3467 3401 3552 3455 sed
3599 3408 3772 3469 propter

2249 3494 2443 3560 futura,
2492 3508 2713 3564 qumque
2757 3491 3055 3556 imminent,
3088 3491 3240 3546 illum
3284 3493 3524 3549 miserum
3564 3490 3770 3561 pra-diea-

2248 3601 2389 3641 mus.

2322 3679 2471 3734 Diues
2498 3679 2697 3748 iniquus
2726 3679 2875 3733 latro.
2907 3708 2978 3718 —
3000 3677 3112 3733 lloc
3159 3679 3291 3733 item
3334 3689 3388 3736 et
3413 3681 3476 3735 de
3499 3676 3713 3734 divitibus
3731 3680 3773 3725 et

2249 3772 2319 3827 de
2345 3770 2519 3825 avaris
2547 3772 2739 3842 cogita.
2774 3770 3029 3826 Latrones
3071 3772 3309 3841 quipiam
3349 3781 3485 3836 sunt,
3527 3763 3624 3822 vias
3655 3764 3770 3820 obsio

2251 3864 2462 3930 dentes,
2492 3880 2580 3919 res
2606 3863 3033 3934 praetereuntium
3061 3869 3352 3933 rapientes,
3377 3866 3511 3919 velut
3534 3864 3579 3917 in
3604 3858 3774 3929 spelun-

2251 3959 2330 4014 cis
2350 3972 2412 4012 ac
2433 3956 2599 4010 foveis
2613 3956 2993 4020 subterraneis,
3008 3956 3236 4010 aliorum
3262 3957 3523 4012 facultates
3542 3955 3588 4007 in
3604 3952 3695 4004 suis
3706 3962 3773 4002 cu-

2253 4047 2441 4103 biculis
2460 4046 2809 4103 defodientes.
2827 4046 2904 4102 Ne
2925 4047 3083 4117 igitur
3103 4047 3288 4103 beatos
3307 4046 3533 4102 dicamus
3552 4045 3653 4099 illos
3674 4053 3772 4109 pro-

2254 4153 2370 4210 pter
2387 4140 2687 4210 prresentia,
2704 4139 2797 4195 sed
2815 4140 3038 4194 miseros
3055 4150 3272 4209 propter
3287 4139 3477 4203 futura,
3498 4143 3685 4204 propter
3697 4130 3775 4182 for-

2255 4232 2561 4288 ntidandum
2584 4231 2711 4287 illud
2731 4231 3011 4302 judicium,
3034 4243 3255 4302 propter
3280 4230 3592 4286 inevitabiles
3612 4235 3771 4295 pwnaS.

2253 4334 2472 4396 propter
2489 4324 2733 4380 tenebras
2748 4323 3060 4387 exteriores,
3075 4338 3194 4392 qua:
3214 4322 3360 4392 ipsos
3374 4330 3647 4389 exceptura:
3660 4320 3770 4367 sunt.

2253 4416 2384 4471 Nam
2408 4416 2640 4470 latrones
2655 4414 2869 4484 quidem
2895 4412 3200 4483 frequenter
3214 4430 3283 4469 ex
3304 4413 3564 4467 hominum
3580 4404 3774 4463 manibus

2255 4506 2424 4577 elapsi
2472 4515 2597 4561 sunt
2623 4547 2637 4570 ,
2686 4505 3031 4561 nihilominus
3077 4520 3209 4577 cum,
3253 4506 3355 4560 hoc
3393 4506 3636 4565 sciamus,
3675 4507 3718 4551 et
3748 4508 3771 4547 a

2257 4575 2411 4654 nobis
2456 4599 2585 4669 ipsis
2626 4597 2976 4667 deprecamur
3012 4607 3067 4652 et
3105 4598 3173 4653 ab
3202 4575 3440 4654 hostibus
3480 4595 3775 4663 imprecantur

2257 4691 2480 4746 istorum
2509 4691 2692 4755 vitam,
2721 4704 2824 4744 una
2849 4705 2968 4744 cum
2993 4689 3308 4744 exsecrabili
3337 4704 3508 4744 rerum
3533 4686 3683 4753 copia.
3707 4683 3775 4732 Λι-

2256 4781 2349 4851 qui
2378 4782 2478 4837 sub
2504 4781 2612 4835 Deo
2634 4795 2741 4835 non
2770 4780 2893 4834 licet
2921 4779 3059 4834 istud
3086 4779 3287 4835 dicere.
3318 4778 3500 4833 Nullus
3522 4775 3648 4831 enim
3670 4769 3774 4824 illius

2257 4871 2471 4942 effugiet
2519 4873 2858 4937 sententiam,
2904 4870 2997 4926 sed
3050 4886 3238 4926 omnes
3284 4870 3533 4933 omnino,
3574 4864 3650 4935 qui
3684 4871 3773 4914 eum

2260 4964 2533 5020 fraudibus
2556 4973 2608 5019 ct
2634 4964 2831 5034 rapinis
2856 4962 3058 5024 vivunt,
3093 4962 3186 5018 Dei
3213 4961 3491 5017 vindictam
3515 4956 3603 5012 sibi
3637 4962 3776 5007 aCCCP

2259 5065 2385 5110 sunt
2412 5055 2552 5109 illam
2597 5054 2949 5109 immortalem
2993 5053 3202 5124 fineque
3255 5064 3536 5115 carentem,
3575 5039 3789 5116 quetuad-'

2261 5147 2476 5203 modum
2514 5154 2570 5201 et
2595 5145 2744 5201 dives
2784 5145 2896 5200 ille.
2942 5144 3073 5213 Quae
3111 5144 3324 5214 quidem
3354 5142 3523 5196 omnia
3563 5133 3681 5206 apud
3703 5142 3777 5184 nos

2264 5242 2408 5311 ipsos
2450 5238 2806 5303 conferentes,
2848 5236 3197 5303 dilectissimi,
3245 5250 3311 5290 ne
3338 5234 3512 5289 beatos
3534 5228 3778 5300 judicemus

2262 5336 2352 5408 qui
2379 5334 2596 5400 divitiis,
2641 5331 2736 5388 sed
2764 5332 2852 5402 qui
2880 5332 3075 5385 virtute
3120 5328 3320 5400 prtcditi
3348 5337 3468 5382 sunt
3494 5343 3506 5377 :
3534 5332 3681 5390 neque
3700 5311 3778 5367 nti-

2262 5407 2413 5484 seros
2437 5425 2696 5489 dicamus,
2721 5423 2811 5493 qui
2835 5423 3032 5493 degunt
3058 5423 3108 5475 in
3132 5427 3455 5491 paupertate,
3483 5414 3567 5469 scd
3593 5407 3667 5479 qui
3683 5413 3779 5457 cum

2265 5520 2604 5591 improbitate
2635 5534 2653 5574 :
2683 5532 2750 5572 ne
2787 5516 3070 5586 praesentia
3120 5512 3490 5583 respiciamus,
3520 5504 3602 5560 sed
3642 5498 3779 5549 ΐιιιυη

2267 5590 2652 5684 prospiciamus
2681 5627 2694 5663 :
2724 5623 2793 5664 ne
2835 5612 3115 5663 externum
3154 5603 3424 5661 amictum,
3464 5595 3550 5652 sed
3573 5590 3781 5659 οιιῑιιειιω

2269 5705 2649 5764 conscientiam
2682 5703 3075 5770 examinemus;
3110 5708 3473 5767 sectantcsque
3499 5692 3710 5745 virtutem
3734 5684 3781 5725 ac
