  <div class='ocr_page' id='page_1' title='image "/cluster/home/n/w/nwhite01/storage/ocr_20150623/48/mdp.39015032114640/460.png"; bbox 0 0 4046 6146; ppageno 0'>
   <div class='ocr_carea' id='block_1_1' title="bbox 264 313 359 371">
    <p class='ocr_par' dir='ltr' id='par_1_1' title="bbox 264 313 359 371">
     <span class='ocr_line' id='line_1_1' title="bbox 264 313 359 371; baseline 0 0"><span class='ocrx_word' id='word_1_1' title='bbox 264 313 359 371; x_wconf 80' lang='lat'>979</span> 
     </span>
    </p>
   </div>
   <div class='ocr_carea' id='block_1_2' title="bbox 269 417 1844 495">
    <p class='ocr_par' dir='ltr' id='par_1_2' title="bbox 269 417 1844 495">
     <span class='ocr_line' id='line_1_2' title="bbox 269 417 1844 495; baseline -0.008 -12"><span class='ocrx_word' id='word_1_2' title='bbox 269 426 369 484; x_wconf 78' lang='grc' dir='ltr'>τῶν</span> <span class='ocrx_word' id='word_1_3' title='bbox 410 420 755 495; x_wconf 79' lang='grc' dir='ltr'>πραγμάτων</span> <span class='ocrx_word' id='word_1_4' title='bbox 799 420 1082 492; x_wconf 78' lang='grc' dir='ltr'>ἀληθείας,</span> <span class='ocrx_word' id='word_1_5' title='bbox 1109 417 1366 475; x_wconf 90' lang='grc' dir='ltr'>τοσοῦτόν</span> <span class='ocrx_word' id='word_1_6' title='bbox 1389 420 1505 473; x_wconf 78' lang='grc' dir='ltr'>ἐστι</span> <span class='ocrx_word' id='word_1_7' title='bbox 1536 418 1639 490; x_wconf 90' lang='grc' dir='ltr'>τῆς</span> <span class='ocrx_word' id='word_1_8' title='bbox 1670 434 1844 474; x_wconf 90' lang='grc' dir='ltr'>κατα-</span> 
     </span>
    </p>
   </div>
   <div class='ocr_carea' id='block_1_3' title="bbox 236 502 1524 576">
    <p class='ocr_par' dir='ltr' id='par_1_3' title="bbox 236 502 1524 576">
     <span class='ocr_line' id='line_1_3' title="bbox 236 502 1524 576; baseline -0.004 -14"><span class='ocrx_word' id='word_1_9' title='bbox 236 508 507 568; x_wconf 72' lang='grc' dir='ltr'>“στάσεως</span> <span class='ocrx_word' id='word_1_10' title='bbox 521 506 729 576; x_wconf 81' lang='grc' dir='ltr'>ταύτης</span> <span class='ocrx_word' id='word_1_11' title='bbox 750 507 845 559; x_wconf 89' lang='lat' dir='ltr'><strong><em>zeal</em></strong></span> <span class='ocrx_word' id='word_1_12' title='bbox 879 505 982 573; x_wconf 90' lang='grc' dir='ltr'>τῆς</span> <span class='ocrx_word' id='word_1_13' title='bbox 1007 504 1126 557; x_wconf 86' lang='grc' dir='ltr'>ἐκεῖ</span> <span class='ocrx_word' id='word_1_14' title='bbox 1147 502 1211 555; x_wconf 87' lang='lat'>16</span> <span class='ocrx_word' id='word_1_15' title='bbox 1237 502 1524 575; x_wconf 86' lang='grc' dir='ltr'>διάφορον;</span> 
     </span>
    </p>
   </div>
   <div class='ocr_carea' id='block_1_4' title="bbox 336 584 1845 660">
    <p class='ocr_par' dir='ltr' id='par_1_4' title="bbox 336 584 1845 660">
     <span class='ocr_line' id='line_1_4' title="bbox 336 584 1845 660; baseline -0.004 -17"><span class='ocrx_word' id='word_1_16' title='bbox 336 591 548 653; x_wconf 80' lang='grc' dir='ltr'>Ἀλλως</span> <span class='ocrx_word' id='word_1_17' title='bbox 574 589 632 642; x_wconf 85' lang='grc' dir='ltr'>δὲ</span> <span class='ocrx_word' id='word_1_18' title='bbox 664 589 762 642; x_wconf 79' lang='lat' dir='ltr'><strong><em>zeal</em></strong></span> <span class='ocrx_word' id='word_1_19' title='bbox 789 587 897 660; x_wconf 86' lang='grc' dir='ltr'>πρὸ</span> <span class='ocrx_word' id='word_1_20' title='bbox 916 588 1016 657; x_wconf 88' lang='grc' dir='ltr'>τῆς</span> <span class='ocrx_word' id='word_1_21' title='bbox 1051 588 1171 640; x_wconf 84' lang='grc' dir='ltr'>ἐκεῖ</span> <span class='ocrx_word' id='word_1_22' title='bbox 1194 586 1497 653; x_wconf 65' lang='grc' dir='ltr'>κολάσεωςῖ</span> <span class='ocrx_word' id='word_1_23' title='bbox 1516 584 1765 640; x_wconf 87' lang='grc' dir='ltr'>ἐντεῦθεν</span> <span class='ocrx_word' id='word_1_24' title='bbox 1795 585 1845 638; x_wconf 83' lang='grc' dir='ltr'>οί</span> 
     </span>
    </p>
   </div>
   <div class='ocr_carea' id='block_1_5' title="bbox 271 668 1844 744">
    <p class='ocr_par' dir='ltr' id='par_1_5' title="bbox 271 668 1844 744">
     <span class='ocr_line' id='line_1_5' title="bbox 271 668 1844 744; baseline -0.004 -16"><span class='ocrx_word' id='word_1_25' title='bbox 271 672 690 744; x_wconf 84' lang='grc' dir='ltr'>πονηρευόμενοι</span> <span class='ocrx_word' id='word_1_26' title='bbox 718 671 815 726; x_wconf 86' lang='lat' dir='ltr'><strong><em>zeal</em></strong></span> <span class='ocrx_word' id='word_1_27' title='bbox 849 672 910 725; x_wconf 89' lang='grc' dir='ltr'>ἐν</span> <span class='ocrx_word' id='word_1_28' title='bbox 933 670 1233 742; x_wconf 78' lang='grc' dir='ltr'>ἁμαρτίαις</span> <span class='ocrx_word' id='word_1_29' title='bbox 1266 668 1467 734; x_wconf 76' lang='grc' dir='ltr'>ζῶντες</span> <span class='ocrx_word' id='word_1_30' title='bbox 1506 668 1844 732; x_wconf 83' lang='grc' dir='ltr'>κολάζονται.</span> 
     </span>
    </p>
   </div>
   <div class='ocr_carea' id='block_1_6' title="bbox 274 749 1848 827">
    <p class='ocr_par' dir='ltr' id='par_1_6' title="bbox 274 749 1848 827">
     <span class='ocr_line' id='line_1_6' title="bbox 274 749 1848 827; baseline -0.006 -15"><span class='ocrx_word' id='word_1_31' title='bbox 274 758 358 827; x_wconf 83' lang='grc' dir='ltr'>Μή</span> <span class='ocrx_word' id='word_1_32' title='bbox 386 755 497 827; x_wconf 87' lang='grc' dir='ltr'>γάρ</span> <span class='ocrx_word' id='word_1_33' title='bbox 528 771 619 825; x_wconf 92' lang='grc' dir='ltr'>μοι</span> <span class='ocrx_word' id='word_1_34' title='bbox 661 754 753 808; x_wconf 92' lang='grc' dir='ltr'>τὸν</span> <span class='ocrx_word' id='word_1_35' title='bbox 802 752 1087 826; x_wconf 77' lang='grc' dir='ltr'>τραπέζης</span> <span class='ocrx_word' id='word_1_36' title='bbox 1135 752 1478 807; x_wconf 81' lang='grc' dir='ltr'>ἀπολαύοντα</span> <span class='ocrx_word' id='word_1_37' title='bbox 1526 749 1848 814; x_wconf 85' lang='grc' dir='ltr'>πολυτελοῦς</span> 
     </span>
    </p>
   </div>
   <div class='ocr_carea' id='block_1_7' title="bbox 274 835 1851 909">
    <p class='ocr_par' dir='ltr' id='par_1_7' title="bbox 274 835 1851 909">
     <span class='ocr_line' id='line_1_7' title="bbox 274 835 1851 909; baseline -0.006 -14"><span class='ocrx_word' id='word_1_38' title='bbox 274 838 456 902; x_wconf 72' lang='grc' dir='ltr'>ἁπλῶς</span> <span class='ocrx_word' id='word_1_39' title='bbox 484 838 669 909; x_wconf 75' lang='grc' dir='ltr'>εἴπῃς,</span> <span class='ocrx_word' id='word_1_40' title='bbox 703 837 800 890; x_wconf 89' lang='lat' dir='ltr'><strong><em>zeal</em></strong></span> <span class='ocrx_word' id='word_1_41' title='bbox 830 836 926 890; x_wconf 87' lang='grc' dir='ltr'>τὸν</span> <span class='ocrx_word' id='word_1_42' title='bbox 971 836 1162 908; x_wconf 76' lang='grc' dir='ltr'>ἱμάτια</span> <span class='ocrx_word' id='word_1_43' title='bbox 1199 835 1663 907; x_wconf 77' lang='grc' dir='ltr'>περισεὸλημένον</span> <span class='ocrx_word' id='word_1_44' title='bbox 1697 851 1851 905; x_wconf 86' lang='grc' dir='ltr'>σηρι-</span> 
     </span>
    </p>
   </div>
   <div class='ocr_carea' id='block_1_8' title="bbox 273 917 1849 992">
    <p class='ocr_par' dir='ltr' id='par_1_8' title="bbox 273 917 1849 992">
     <span class='ocr_line' id='line_1_8' title="bbox 273 917 1849 992; baseline -0.003 -16"><span class='ocrx_word' id='word_1_45' title='bbox 273 921 362 986; x_wconf 89' lang='grc' dir='ltr'>κά,</span> <span class='ocrx_word' id='word_1_46' title='bbox 394 921 488 974; x_wconf 84' lang='lat' dir='ltr'><strong><em>zeal</em></strong></span> <span class='ocrx_word' id='word_1_47' title='bbox 502 919 852 991; x_wconf 82' lang='grc' dir='ltr'>ἀνδραπόδων</span> <span class='ocrx_word' id='word_1_48' title='bbox 869 921 1068 988; x_wconf 79' lang='grc' dir='ltr'>ἀγέλας</span> <span class='ocrx_word' id='word_1_49' title='bbox 1095 920 1481 992; x_wconf 80' lang='grc' dir='ltr'>περιφέροντα,</span> <span class='ocrx_word' id='word_1_50' title='bbox 1506 920 1601 973; x_wconf 79' lang='lat' dir='ltr'><strong><em>zeal</em></strong></span> <span class='ocrx_word' id='word_1_51' title='bbox 1629 917 1849 972; x_wconf 79' lang='grc' dir='ltr'>σοϐοῦν-</span> 
     </span>
    </p>
   </div>
   <div class='ocr_carea' id='block_1_9' title="bbox 272 1000 1851 1077">
    <p class='ocr_par' dir='ltr' id='par_1_9' title="bbox 272 1000 1851 1077">
     <span class='ocr_line' id='line_1_9' title="bbox 272 1000 1851 1077; baseline -0.004 -17"><span class='ocrx_word' id='word_1_52' title='bbox 272 1024 338 1061; x_wconf 91' lang='grc' dir='ltr'>τα</span> <span class='ocrx_word' id='word_1_53' title='bbox 366 1007 459 1059; x_wconf 79' lang='grc' dir='ltr'>ἐπὶ</span> <span class='ocrx_word' id='word_1_54' title='bbox 489 1005 590 1075; x_wconf 87' lang='grc' dir='ltr'>τῆς</span> <span class='ocrx_word' id='word_1_55' title='bbox 633 1006 859 1077; x_wconf 74' lang='grc' dir='ltr'>ἀγορᾶςο</span> <span class='ocrx_word' id='word_1_56' title='bbox 890 1004 1008 1058; x_wconf 88' lang='grc' dir='ltr'>ἀλλ’</span> <span class='ocrx_word' id='word_1_57' title='bbox 1063 1003 1371 1069; x_wconf 82' lang='grc' dir='ltr'>ἀνάπτυξόν</span> <span class='ocrx_word' id='word_1_58' title='bbox 1420 1021 1511 1074; x_wconf 90' lang='grc' dir='ltr'>μοι</span> <span class='ocrx_word' id='word_1_59' title='bbox 1543 1002 1733 1056; x_wconf 90' lang='grc' dir='ltr'>τούτου</span> <span class='ocrx_word' id='word_1_60' title='bbox 1788 1000 1851 1053; x_wconf 90' lang='grc' dir='ltr'>τὸ</span> 
     </span>
    </p>
   </div>
   <div class='ocr_carea' id='block_1_10' title="bbox 278 1085 1851 1158">
    <p class='ocr_par' dir='ltr' id='par_1_10' title="bbox 278 1085 1851 1158">
     <span class='ocr_line' id='line_1_10' title="bbox 278 1085 1851 1158; baseline -0.003 -16"><span class='ocrx_word' id='word_1_61' title='bbox 278 1087 531 1153; x_wconf 82' lang='grc' dir='ltr'>συνειδὸς,</span> <span class='ocrx_word' id='word_1_62' title='bbox 555 1089 652 1142; x_wconf 80' lang='grc' dir='ltr'>καὶ</span> <span class='ocrx_word' id='word_1_63' title='bbox 683 1088 803 1157; x_wconf 76' lang='grc' dir='ltr'>δψει</span> <span class='ocrx_word' id='word_1_64' title='bbox 834 1087 1002 1141; x_wconf 81' lang='grc' dir='ltr'>πολὺν</span> <span class='ocrx_word' id='word_1_65' title='bbox 1029 1086 1242 1141; x_wconf 73' lang='grc' dir='ltr'>ἔνδοθεν</span> <span class='ocrx_word' id='word_1_66' title='bbox 1263 1085 1490 1158; x_wconf 77' lang='grc' dir='ltr'>θόρυϐον</span> <span class='ocrx_word' id='word_1_67' title='bbox 1524 1085 1634 1139; x_wconf 86' lang='grc' dir='ltr'>τῶν</span> <span class='ocrx_word' id='word_1_68' title='bbox 1671 1085 1851 1155; x_wconf 87' lang='grc' dir='ltr'>ἁμαρ-</span> 
     </span>
    </p>
   </div>
   <div class='ocr_carea' id='block_1_11' title="bbox 275 1167 1851 1243">
    <p class='ocr_par' dir='ltr' id='par_1_11' title="bbox 275 1167 1851 1243">
     <span class='ocr_line' id='line_1_11' title="bbox 275 1167 1851 1243; baseline -0.002 -20"><span class='ocrx_word' id='word_1_69' title='bbox 275 1189 338 1243; x_wconf 87' lang='grc' dir='ltr'>τη</span> <span class='ocrx_word' id='word_1_70' title='bbox 345 1171 552 1242; x_wconf 84' lang='grc' dir='ltr'>μάτων,</span> <span class='ocrx_word' id='word_1_71' title='bbox 570 1169 732 1240; x_wconf 78' lang='grc' dir='ltr'>φόϐον</span> <span class='ocrx_word' id='word_1_72' title='bbox 759 1169 1005 1240; x_wconf 84' lang='grc' dir='ltr'>διηνεκῆ,</span> <span class='ocrx_word' id='word_1_73' title='bbox 1021 1168 1289 1241; x_wconf 87' lang='grc' dir='ltr'>χειμῶνα,</span> <span class='ocrx_word' id='word_1_74' title='bbox 1318 1168 1583 1241; x_wconf 86' lang='grc' dir='ltr'>ταραχὴν,</span> <span class='ocrx_word' id='word_1_75' title='bbox 1600 1167 1851 1237; x_wconf 85' lang='grc' dir='ltr'>καθάπερ</span> 
     </span>
    </p>
   </div>
   <div class='ocr_carea' id='block_1_12' title="bbox 277 1251 1851 1327">
    <p class='ocr_par' dir='ltr' id='par_1_12' title="bbox 277 1251 1851 1327">
     <span class='ocr_line' id='line_1_12' title="bbox 277 1251 1851 1327; baseline -0.004 -18"><span class='ocrx_word' id='word_1_76' title='bbox 277 1257 332 1309; x_wconf 84' lang='grc' dir='ltr'>ἐν</span> <span class='ocrx_word' id='word_1_77' title='bbox 350 1253 685 1327; x_wconf 81' lang='grc' dir='ltr'>δικαστηρίῳ</span> <span class='ocrx_word' id='word_1_78' title='bbox 705 1253 797 1308; x_wconf 87' lang='grc' dir='ltr'>τὸν</span> <span class='ocrx_word' id='word_1_79' title='bbox 829 1253 954 1308; x_wconf 90' lang='grc' dir='ltr'>νοῦν</span> <span class='ocrx_word' id='word_1_80' title='bbox 976 1254 1068 1307; x_wconf 77' lang='grc' dir='ltr'>ἐπὶ</span> <span class='ocrx_word' id='word_1_81' title='bbox 1112 1252 1206 1307; x_wconf 84' lang='grc' dir='ltr'>τὸν</span> <span class='ocrx_word' id='word_1_82' title='bbox 1231 1252 1418 1322; x_wconf 83' lang='grc' dir='ltr'>θρόνον</span> <span class='ocrx_word' id='word_1_83' title='bbox 1452 1251 1730 1306; x_wconf 80' lang='grc' dir='ltr'>ἀναϐάντα</span> <span class='ocrx_word' id='word_1_84' title='bbox 1758 1251 1851 1304; x_wconf 88' lang='grc' dir='ltr'>τὸν</span> 
     </span>
    </p>
   </div>
   <div class='ocr_carea' id='block_1_13' title="bbox 282 1334 1850 1408">
    <p class='ocr_par' dir='ltr' id='par_1_13' title="bbox 282 1334 1850 1408">
     <span class='ocr_line' id='line_1_13' title="bbox 282 1334 1850 1408; baseline -0.003 -18"><span class='ocrx_word' id='word_1_85' title='bbox 282 1336 552 1408; x_wconf 86' lang='grc' dir='ltr'>βασιλικὸν</span> <span class='ocrx_word' id='word_1_86' title='bbox 578 1349 604 1378; x_wconf 78' lang='grc' dir='ltr'>ι</span> <span class='ocrx_word' id='word_1_87' title='bbox 640 1336 736 1391; x_wconf 90' lang='grc' dir='ltr'>τοῦ</span> <span class='ocrx_word' id='word_1_88' title='bbox 754 1338 1079 1402; x_wconf 85' lang='grc' dir='ltr'>συνειδότος,</span> <span class='ocrx_word' id='word_1_89' title='bbox 1109 1337 1204 1390; x_wconf 99' lang='lat' dir='ltr'><strong><em>zeal</em></strong></span> <span class='ocrx_word' id='word_1_90' title='bbox 1222 1335 1414 1407; x_wconf 84' lang='grc' dir='ltr'>ὥσπερ</span> <span class='ocrx_word' id='word_1_91' title='bbox 1438 1334 1558 1389; x_wconf 74' lang='grc' dir='ltr'>τινὰ</span> <span class='ocrx_word' id='word_1_92' title='bbox 1590 1334 1850 1405; x_wconf 81' lang='grc' dir='ltr'>δικαστὴν</span> 
     </span>
    </p>
   </div>
   <div class='ocr_carea' id='block_1_14' title="bbox 280 1415 1852 1493">
    <p class='ocr_par' dir='ltr' id='par_1_14' title="bbox 280 1415 1852 1493">
     <span class='ocr_line' id='line_1_14' title="bbox 280 1415 1852 1493; baseline -0.004 -17"><span class='ocrx_word' id='word_1_93' title='bbox 280 1420 612 1493; x_wconf 84' lang='grc' dir='ltr'>καθήμενον,</span> <span class='ocrx_word' id='word_1_94' title='bbox 630 1421 725 1476; x_wconf 89' lang='lat' dir='ltr'><strong><em>zeal</em></strong></span> <span class='ocrx_word' id='word_1_95' title='bbox 754 1422 881 1485; x_wconf 80' lang='grc' dir='ltr'>τοὺς</span> <span class='ocrx_word' id='word_1_96' title='bbox 895 1421 1191 1492; x_wconf 84' lang='grc' dir='ltr'>λογισμοὺς</span> <span class='ocrx_word' id='word_1_97' title='bbox 1211 1417 1581 1490; x_wconf 86' lang='grc' dir='ltr'>παριστῶντα,</span> <span class='ocrx_word' id='word_1_98' title='bbox 1599 1415 1852 1486; x_wconf 86' lang='grc' dir='ltr'>καθάπερ</span> 
     </span>
    </p>
   </div>
   <div class='ocr_carea' id='block_1_15' title="bbox 280 1496 1854 1576">
    <p class='ocr_par' dir='ltr' id='par_1_15' title="bbox 280 1496 1854 1576">
     <span class='ocr_line' id='line_1_15' title="bbox 280 1496 1854 1576; baseline -0.005 -18"><span class='ocrx_word' id='word_1_99' title='bbox 280 1504 528 1576; x_wconf 83' lang='grc' dir='ltr'>δημίους,</span> <span class='ocrx_word' id='word_1_100' title='bbox 567 1503 662 1559; x_wconf 87' lang='lat' dir='ltr'><strong><em>zeal</em></strong></span> <span class='ocrx_word' id='word_1_101' title='bbox 688 1503 1009 1574; x_wconf 87' lang='grc' dir='ltr'>ἀναρτῶντα</span> <span class='ocrx_word' id='word_1_102' title='bbox 1043 1502 1144 1575; x_wconf 82' lang='grc' dir='ltr'>τὴν</span> <span class='ocrx_word' id='word_1_103' title='bbox 1173 1502 1431 1567; x_wconf 89' lang='grc' dir='ltr'>διάνοιαν,</span> <span class='ocrx_word' id='word_1_104' title='bbox 1465 1502 1562 1555; x_wconf 74' lang='lat' dir='ltr'><strong><em>zeal</em></strong></span> <span class='ocrx_word' id='word_1_105' title='bbox 1603 1496 1854 1564; x_wconf 79' lang='grc' dir='ltr'>καταξαί-</span> 
     </span>
    </p>
   </div>
   <div class='ocr_carea' id='block_1_16' title="bbox 281 1581 1853 1658">
    <p class='ocr_par' dir='ltr' id='par_1_16' title="bbox 281 1581 1853 1658">
     <span class='ocr_line' id='line_1_16' title="bbox 281 1581 1853 1658; baseline -0.004 -17"><span class='ocrx_word' id='word_1_106' title='bbox 281 1604 435 1641; x_wconf 90' lang='grc' dir='ltr'>νοντα</span> <span class='ocrx_word' id='word_1_107' title='bbox 449 1587 589 1658; x_wconf 84' lang='grc' dir='ltr'>ὑπὲρ</span> <span class='ocrx_word' id='word_1_108' title='bbox 617 1585 1164 1658; x_wconf 86' lang='grc' dir='ltr'>τῶνήμαρτημένων,</span> <span class='ocrx_word' id='word_1_109' title='bbox 1191 1585 1286 1639; x_wconf 89' lang='lat' dir='ltr'><strong><em>zeal</em></strong></span> <span class='ocrx_word' id='word_1_110' title='bbox 1313 1584 1593 1656; x_wconf 80' lang='grc' dir='ltr'>ἐμϐοῶντα</span> <span class='ocrx_word' id='word_1_111' title='bbox 1620 1581 1853 1654; x_wconf 89' lang='grc' dir='ltr'>μεγάλα,</span> 
     </span>
    </p>
   </div>
   <div class='ocr_carea' id='block_1_17' title="bbox 285 1665 1854 1740">
    <p class='ocr_par' dir='ltr' id='par_1_17' title="bbox 285 1665 1854 1740">
     <span class='ocr_line' id='line_1_17' title="bbox 285 1665 1854 1740; baseline -0.013 -3"><span class='ocrx_word' id='word_1_112' title='bbox 285 1669 507 1740; x_wconf 78' lang='grc' dir='ltr'>μηδενὸς</span> <span class='ocrx_word' id='word_1_113' title='bbox 540 1670 763 1734; x_wconf 73' lang='grc' dir='ltr'>εἰδότος,</span> <span class='ocrx_word' id='word_1_114' title='bbox 793 1669 909 1722; x_wconf 90' lang='grc' dir='ltr'>ἀλλ’</span> <span class='ocrx_word' id='word_1_115' title='bbox 935 1669 969 1739; x_wconf 79' lang='grc' dir='ltr'>ἢ</span> <span class='ocrx_word' id='word_1_116' title='bbox 991 1667 1086 1722; x_wconf 91' lang='grc' dir='ltr'>τοῦ</span> <span class='ocrx_word' id='word_1_117' title='bbox 1115 1668 1289 1722; x_wconf 88' lang='grc' dir='ltr'>ταῦτα</span> <span class='ocrx_word' id='word_1_118' title='bbox 1333 1666 1699 1736; x_wconf 81' lang='grc' dir='ltr'>ἐπισταμένου</span> <span class='ocrx_word' id='word_1_119' title='bbox 1729 1665 1854 1736; x_wconf 71' lang='grc' dir='ltr'>βλέυ</span> 
     </span>
    </p>
   </div>
   <div class='ocr_carea' id='block_1_18' title="bbox 282 1748 1854 1824">
    <p class='ocr_par' dir='ltr' id='par_1_18' title="bbox 282 1748 1854 1824">
     <span class='ocr_line' id='line_1_18' title="bbox 282 1748 1854 1824; baseline -0.002 -19"><span class='ocrx_word' id='word_1_120' title='bbox 282 1770 405 1806; x_wconf 90' lang='grc' dir='ltr'>πειν</span> <span class='ocrx_word' id='word_1_121' title='bbox 428 1753 562 1807; x_wconf 88' lang='grc' dir='ltr'>Θεοῦ</span> <span class='ocrx_word' id='word_1_122' title='bbox 591 1754 775 1824; x_wconf 89' lang='grc' dir='ltr'>μόνου.</span> <span class='ocrx_word' id='word_1_123' title='bbox 831 1752 942 1806; x_wconf 80' lang='lat' dir='ltr'><strong><em>Kal</em></strong></span> <span class='ocrx_word' id='word_1_124' title='bbox 974 1752 1083 1823; x_wconf 87' lang='grc' dir='ltr'>γὰρ</span> <span class='ocrx_word' id='word_1_125' title='bbox 1127 1753 1157 1806; x_wconf 89' lang='lat'>0</span> <span class='ocrx_word' id='word_1_126' title='bbox 1205 1751 1493 1822; x_wconf 82' lang='grc' dir='ltr'>μοιχεύων,</span> <span class='ocrx_word' id='word_1_127' title='bbox 1552 1750 1657 1804; x_wconf 73' lang='grc' dir='ltr'>κᾶν</span> <span class='ocrx_word' id='word_1_128' title='bbox 1702 1748 1854 1821; x_wconf 68' lang='grc'>[724]</span> 
     </span>
    </p>
   </div>
   <div class='ocr_carea' id='block_1_19' title="bbox 285 1830 1855 1910">
    <p class='ocr_par' dir='ltr' id='par_1_19' title="bbox 285 1830 1855 1910">
     <span class='ocr_line' id='line_1_19' title="bbox 285 1830 1855 1910; baseline -0.003 -22"><span class='ocrx_word' id='word_1_129' title='bbox 285 1835 542 1907; x_wconf 83' lang='grc' dir='ltr'>μυριάκις</span> <span class='ocrx_word' id='word_1_130' title='bbox 569 1833 603 1910; x_wconf 81' lang='grc' dir='ltr'><strong>ᾖ</strong></span> <span class='ocrx_word' id='word_1_131' title='bbox 631 1834 907 1899; x_wconf 89' lang='grc' dir='ltr'>πλούσιος,</span> <span class='ocrx_word' id='word_1_132' title='bbox 938 1834 1041 1889; x_wconf 86' lang='grc' dir='ltr'>κᾶν</span> <span class='ocrx_word' id='word_1_133' title='bbox 1075 1834 1277 1905; x_wconf 81' lang='grc' dir='ltr'>μηδένα</span> <span class='ocrx_word' id='word_1_134' title='bbox 1308 1831 1713 1905; x_wconf 79' lang='grc' dir='ltr'>κατηγοροῦντα</span> <span class='ocrx_word' id='word_1_135' title='bbox 1734 1830 1855 1903; x_wconf 75' lang='grc' dir='ltr'>ἔχῃ,</span> 
     </span>
    </p>
   </div>
   <div class='ocr_carea' id='block_1_20' title="bbox 282 1913 1858 1988">
    <p class='ocr_par' dir='ltr' id='par_1_20' title="bbox 282 1913 1858 1988">
     <span class='ocr_line' id='line_1_20' title="bbox 282 1913 1858 1988; baseline -0.001 -20"><span class='ocrx_word' id='word_1_136' title='bbox 282 1918 341 1970; x_wconf 86' lang='grc' dir='ltr'>ού</span> <span class='ocrx_word' id='word_1_137' title='bbox 366 1917 601 1971; x_wconf 79' lang='grc' dir='ltr'>παύεται</span> <span class='ocrx_word' id='word_1_138' title='bbox 627 1917 823 1971; x_wconf 88' lang='grc' dir='ltr'>ἑαυτοῦ</span> <span class='ocrx_word' id='word_1_139' title='bbox 845 1916 1170 1988; x_wconf 85' lang='grc' dir='ltr'>κατηγορῶν</span> <span class='ocrx_word' id='word_1_140' title='bbox 1200 1915 1367 1970; x_wconf 74' lang='grc' dir='ltr'>ἔνδον·</span> <span class='ocrx_word' id='word_1_141' title='bbox 1401 1915 1495 1969; x_wconf 89' lang='lat' dir='ltr'><strong><em>zeal</em></strong></span> <span class='ocrx_word' id='word_1_142' title='bbox 1521 1917 1553 1986; x_wconf 87' lang='grc' dir='ltr'>ή</span> <span class='ocrx_word' id='word_1_143' title='bbox 1581 1915 1678 1986; x_wconf 87' lang='grc' dir='ltr'>μὲν</span> <span class='ocrx_word' id='word_1_144' title='bbox 1698 1913 1858 1985; x_wconf 82' lang='grc' dir='ltr'>ἡδονὴ</span> 
     </span>
    </p>
   </div>
   <div class='ocr_carea' id='block_1_21' title="bbox 284 1996 1858 2072">
    <p class='ocr_par' dir='ltr' id='par_1_21' title="bbox 284 1996 1858 2072">
     <span class='ocr_line' id='line_1_21' title="bbox 284 1996 1858 2072; baseline -0.001 -19"><span class='ocrx_word' id='word_1_145' title='bbox 284 2002 640 2072; x_wconf 86' lang='grc' dir='ltr'>πρόσκαιρος,</span> <span class='ocrx_word' id='word_1_146' title='bbox 663 2002 696 2071; x_wconf 88' lang='grc' dir='ltr'>ή</span> <span class='ocrx_word' id='word_1_147' title='bbox 723 2001 782 2054; x_wconf 85' lang='grc' dir='ltr'>δὲ</span> <span class='ocrx_word' id='word_1_148' title='bbox 812 1999 973 2071; x_wconf 86' lang='grc' dir='ltr'>ὀδύνη</span> <span class='ocrx_word' id='word_1_149' title='bbox 1012 1998 1286 2071; x_wconf 82' lang='grc' dir='ltr'>διηνεκὴς,</span> <span class='ocrx_word' id='word_1_150' title='bbox 1327 1998 1490 2068; x_wconf 78' lang='grc' dir='ltr'>φόϐος</span> <span class='ocrx_word' id='word_1_151' title='bbox 1521 1996 1858 2067; x_wconf 81' lang='grc' dir='ltr'>πανταχόθεν</span> 
     </span>
    </p>
   </div>
   <div class='ocr_carea' id='block_1_22' title="bbox 282 2082 1859 2155">
    <p class='ocr_par' dir='ltr' id='par_1_22' title="bbox 282 2082 1859 2155">
     <span class='ocr_line' id='line_1_22' title="bbox 282 2082 1859 2155; baseline -0.002 -18"><span class='ocrx_word' id='word_1_152' title='bbox 282 2085 377 2137; x_wconf 83' lang='lat' dir='ltr'><strong><em>zeal</em></strong></span> <span class='ocrx_word' id='word_1_153' title='bbox 423 2084 644 2155; x_wconf 74' lang='grc' dir='ltr'>τρόμος,</span> <span class='ocrx_word' id='word_1_154' title='bbox 698 2084 904 2154; x_wconf 71' lang='grc' dir='ltr'>ὑποψία</span> <span class='ocrx_word' id='word_1_155' title='bbox 964 2083 1058 2136; x_wconf 84' lang='grc' dir='ltr'>καὶ</span> <span class='ocrx_word' id='word_1_156' title='bbox 1102 2083 1330 2153; x_wconf 75' lang='grc' dir='ltr'>ἀγωνίαο</span> <span class='ocrx_word' id='word_1_157' title='bbox 1379 2082 1505 2147; x_wconf 82' lang='grc' dir='ltr'>τοὺς</span> <span class='ocrx_word' id='word_1_158' title='bbox 1553 2082 1859 2145; x_wconf 81' lang='grc' dir='ltr'>στενωποὺς</span> 
     </span>
    </p>
   </div>
   <div class='ocr_carea' id='block_1_23' title="bbox 283 2165 1857 2238">
    <p class='ocr_par' dir='ltr' id='par_1_23' title="bbox 283 2165 1857 2238">
     <span class='ocr_line' id='line_1_23' title="bbox 283 2165 1857 2238; baseline 0.001 -20"><span class='ocrx_word' id='word_1_159' title='bbox 283 2166 506 2231; x_wconf 88' lang='grc' dir='ltr'>δέδοικε,</span> <span class='ocrx_word' id='word_1_160' title='bbox 553 2168 654 2231; x_wconf 66' lang='grc' dir='ltr'>τὰς</span> <span class='ocrx_word' id='word_1_161' title='bbox 713 2166 870 2231; x_wconf 87' lang='grc' dir='ltr'>σκιὰς</span> <span class='ocrx_word' id='word_1_162' title='bbox 899 2167 1068 2230; x_wconf 87' lang='grc' dir='ltr'>αύτάς</span> <span class='ocrx_word' id='word_1_163' title='bbox 1095 2165 1307 2238; x_wconf 82' lang='grc' dir='ltr'>τρέμει,</span> <span class='ocrx_word' id='word_1_164' title='bbox 1335 2168 1460 2231; x_wconf 85' lang='grc' dir='ltr'>τοὺς</span> <span class='ocrx_word' id='word_1_165' title='bbox 1488 2165 1706 2229; x_wconf 82' lang='grc' dir='ltr'>οἰκέτας</span> <span class='ocrx_word' id='word_1_166' title='bbox 1734 2167 1857 2229; x_wconf 73' lang='grc' dir='ltr'>τοὺς</span> 
     </span>
    </p>
   </div>
   <div class='ocr_carea' id='block_1_24' title="bbox 285 2244 1859 2321">
    <p class='ocr_par' dir='ltr' id='par_1_24' title="bbox 285 2244 1859 2321">
     <span class='ocr_line' id='line_1_24' title="bbox 285 2244 1859 2321; baseline 0.001 -22"><span class='ocrx_word' id='word_1_167' title='bbox 285 2244 498 2313; x_wconf 84' lang='grc' dir='ltr'>ἑαυτοῦ,</span> <span class='ocrx_word' id='word_1_168' title='bbox 530 2247 656 2312; x_wconf 83' lang='grc' dir='ltr'>τοὺς</span> <span class='ocrx_word' id='word_1_169' title='bbox 682 2249 1007 2316; x_wconf 84' lang='grc' dir='ltr'>συνειδότας,</span> <span class='ocrx_word' id='word_1_170' title='bbox 1029 2249 1155 2314; x_wconf 82' lang='grc' dir='ltr'>τοὺς</span> <span class='ocrx_word' id='word_1_171' title='bbox 1178 2247 1526 2319; x_wconf 85' lang='grc' dir='ltr'>ἀγνοοῦντας,</span> <span class='ocrx_word' id='word_1_172' title='bbox 1545 2247 1643 2321; x_wconf 82' lang='grc' dir='ltr'>τὴν</span> <span class='ocrx_word' id='word_1_173' title='bbox 1672 2248 1859 2319; x_wconf 66' lang='grc' dir='ltr'>ἠδικη-</span> 
     </span>
    </p>
   </div>
   <div class='ocr_carea' id='block_1_25' title="bbox 287 2328 1853 2403">
    <p class='ocr_par' dir='ltr' id='par_1_25' title="bbox 287 2328 1853 2403">
     <span class='ocr_line' id='line_1_25' title="bbox 287 2328 1853 2403; baseline 0.001 -21"><span class='ocrx_word' id='word_1_174' title='bbox 287 2328 453 2398; x_wconf 83' lang='grc' dir='ltr'>μένην</span> <span class='ocrx_word' id='word_1_175' title='bbox 475 2330 667 2402; x_wconf 83' lang='grc' dir='ltr'>αὐτὴν,</span> <span class='ocrx_word' id='word_1_176' title='bbox 693 2330 786 2385; x_wconf 85' lang='grc' dir='ltr'>τὸν</span> <span class='ocrx_word' id='word_1_177' title='bbox 814 2331 1143 2403; x_wconf 81' lang='grc' dir='ltr'>ύόρισμένον</span> <span class='ocrx_word' id='word_1_178' title='bbox 1174 2332 1369 2403; x_wconf 82' lang='grc' dir='ltr'>ἄνδρα·</span> <span class='ocrx_word' id='word_1_179' title='bbox 1388 2331 1737 2402; x_wconf 83' lang='grc' dir='ltr'>περιέρχεται</span> <span class='ocrx_word' id='word_1_180' title='bbox 1768 2349 1853 2384; x_wconf 85' lang='grc' dir='ltr'>πι-</span> 
     </span>
    </p>
   </div>
   <div class='ocr_carea' id='block_1_26' title="bbox 284 2411 1861 2489">
    <p class='ocr_par' dir='ltr' id='par_1_26' title="bbox 284 2411 1861 2489">
     <span class='ocr_line' id='line_1_26' title="bbox 284 2411 1861 2489; baseline 0.001 -24"><span class='ocrx_word' id='word_1_181' title='bbox 284 2411 416 2482; x_wconf 86' lang='grc' dir='ltr'>κρὸν</span> <span class='ocrx_word' id='word_1_182' title='bbox 439 2414 743 2488; x_wconf 82' lang='grc' dir='ltr'>κατήγορον</span> <span class='ocrx_word' id='word_1_183' title='bbox 772 2415 1086 2489; x_wconf 85' lang='grc' dir='ltr'>περιφέρων</span> <span class='ocrx_word' id='word_1_184' title='bbox 1108 2415 1169 2469; x_wconf 89' lang='grc' dir='ltr'>τὸ</span> <span class='ocrx_word' id='word_1_185' title='bbox 1196 2414 1861 2486; x_wconf 80' lang='grc' dir='ltr'>συνειδὸς,αύτοκατάκρι-</span> 
     </span>
    </p>
   </div>
   <div class='ocr_carea' id='block_1_27' title="bbox 288 2493 1861 2568">
    <p class='ocr_par' dir='ltr' id='par_1_27' title="bbox 288 2493 1861 2568">
     <span class='ocr_line' id='line_1_27' title="bbox 288 2493 1861 2568; baseline 0.003 -23"><span class='ocrx_word' id='word_1_186' title='bbox 288 2510 381 2558; x_wconf 87' lang='grc' dir='ltr'>τος</span> <span class='ocrx_word' id='word_1_187' title='bbox 405 2493 502 2559; x_wconf 82' lang='grc' dir='ltr'>ὢν,</span> <span class='ocrx_word' id='word_1_188' title='bbox 532 2497 627 2550; x_wconf 89' lang='lat' dir='ltr'><strong><em>zeal</em></strong></span> <span class='ocrx_word' id='word_1_189' title='bbox 658 2496 780 2550; x_wconf 82' lang='grc' dir='ltr'>οὐδὲ</span> <span class='ocrx_word' id='word_1_190' title='bbox 813 2497 1010 2568; x_wconf 87' lang='grc' dir='ltr'>μικρὸν</span> <span class='ocrx_word' id='word_1_191' title='bbox 1043 2495 1378 2552; x_wconf 79' lang='grc' dir='ltr'>ἀναπνεῦσαι</span> <span class='ocrx_word' id='word_1_192' title='bbox 1402 2496 1718 2566; x_wconf 86' lang='grc' dir='ltr'>δυνάμενος.</span> <span class='ocrx_word' id='word_1_193' title='bbox 1751 2496 1861 2550; x_wconf 80' lang='lat' dir='ltr'><strong><em>Kal</em></strong></span> 
     </span>
    </p>
   </div>
   <div class='ocr_carea' id='block_1_28' title="bbox 285 2576 1858 2653">
    <p class='ocr_par' dir='ltr' id='par_1_28' title="bbox 285 2576 1858 2653">
     <span class='ocr_line' id='line_1_28' title="bbox 285 2576 1858 2653; baseline 0.002 -24"><span class='ocrx_word' id='word_1_194' title='bbox 285 2576 396 2647; x_wconf 83' lang='grc' dir='ltr'>γάρ</span> <span class='ocrx_word' id='word_1_195' title='bbox 433 2579 527 2630; x_wconf 90' lang='lat' dir='ltr'><strong><em>zeal</em></strong></span> <span class='ocrx_word' id='word_1_196' title='bbox 556 2577 652 2631; x_wconf 71' lang='grc' dir='ltr'>ἐπὶ</span> <span class='ocrx_word' id='word_1_197' title='bbox 682 2579 890 2650; x_wconf 84' lang='grc' dir='ltr'>κλίνης,</span> <span class='ocrx_word' id='word_1_198' title='bbox 922 2581 1016 2633; x_wconf 91' lang='lat' dir='ltr'><strong><em>zeal</em></strong></span> <span class='ocrx_word' id='word_1_199' title='bbox 1058 2583 1117 2634; x_wconf 85' lang='grc' dir='ltr'>ἐν</span> <span class='ocrx_word' id='word_1_200' title='bbox 1148 2579 1412 2653; x_wconf 80' lang='grc' dir='ltr'>τραπέζῃ,</span> <span class='ocrx_word' id='word_1_201' title='bbox 1447 2580 1540 2633; x_wconf 89' lang='lat' dir='ltr'><strong><em>zeal</em></strong></span> <span class='ocrx_word' id='word_1_202' title='bbox 1574 2580 1632 2632; x_wconf 87' lang='grc' dir='ltr'>ἑν</span> <span class='ocrx_word' id='word_1_203' title='bbox 1661 2581 1858 2651; x_wconf 80' lang='grc' dir='ltr'>ἀγορᾷ,</span> 
     </span>
    </p>
   </div>
   <div class='ocr_carea' id='block_1_29' title="bbox 287 2660 1863 2736">
    <p class='ocr_par' dir='ltr' id='par_1_29' title="bbox 287 2660 1863 2736">
     <span class='ocr_line' id='line_1_29' title="bbox 287 2660 1863 2736; baseline 0.001 -23"><span class='ocrx_word' id='word_1_204' title='bbox 287 2661 382 2714; x_wconf 90' lang='lat' dir='ltr'><strong><em>zeal</em></strong></span> <span class='ocrx_word' id='word_1_205' title='bbox 399 2660 456 2713; x_wconf 86' lang='grc' dir='ltr'>ἐν</span> <span class='ocrx_word' id='word_1_206' title='bbox 475 2661 645 2731; x_wconf 77' lang='grc' dir='ltr'>οἰκίᾳ,</span> <span class='ocrx_word' id='word_1_207' title='bbox 676 2663 771 2716; x_wconf 90' lang='lat' dir='ltr'><strong><em>zeal</em></strong></span> <span class='ocrx_word' id='word_1_208' title='bbox 796 2666 853 2717; x_wconf 90' lang='grc' dir='ltr'>ἐν</span> <span class='ocrx_word' id='word_1_209' title='bbox 882 2665 1082 2736; x_wconf 74' lang='grc' dir='ltr'>ἡμέρᾳ,</span> <span class='ocrx_word' id='word_1_210' title='bbox 1113 2666 1208 2719; x_wconf 89' lang='lat' dir='ltr'><strong><em>zeal</em></strong></span> <span class='ocrx_word' id='word_1_211' title='bbox 1252 2665 1310 2735; x_wconf 74' lang='grc' dir='ltr'>ἐ,ν</span> <span class='ocrx_word' id='word_1_212' title='bbox 1343 2665 1516 2730; x_wconf 80' lang='grc' dir='ltr'>νυκτὶ,</span> <span class='ocrx_word' id='word_1_213' title='bbox 1553 2664 1646 2717; x_wconf 86' lang='lat' dir='ltr'><strong><em>zeal</em></strong></span> <span class='ocrx_word' id='word_1_214' title='bbox 1675 2664 1731 2716; x_wconf 80' lang='grc' dir='ltr'>ἐν</span> <span class='ocrx_word' id='word_1_215' title='bbox 1767 2665 1863 2715; x_wconf 82' lang='grc' dir='ltr'>αύ-</span> 
     </span>
    </p>
   </div>
   <div class='ocr_carea' id='block_1_30' title="bbox 284 2745 1863 2820">
    <p class='ocr_par' dir='ltr' id='par_1_30' title="bbox 284 2745 1863 2820">
     <span class='ocr_line' id='line_1_30' title="bbox 284 2745 1863 2820; baseline 0.003 -26"><span class='ocrx_word' id='word_1_216' title='bbox 284 2745 396 2805; x_wconf 88' lang='grc' dir='ltr'>τοῖς</span> <span class='ocrx_word' id='word_1_217' title='bbox 417 2746 527 2807; x_wconf 85' lang='grc' dir='ltr'>τοῖς</span> <span class='ocrx_word' id='word_1_218' title='bbox 554 2745 794 2816; x_wconf 77' lang='grc' dir='ltr'>ὀνείρασι</span> <span class='ocrx_word' id='word_1_219' title='bbox 827 2747 1088 2812; x_wconf 82' lang='grc' dir='ltr'>πολλάκις</span> <span class='ocrx_word' id='word_1_220' title='bbox 1118 2748 1187 2802; x_wconf 83' lang='grc' dir='ltr'>τὰ</span> <span class='ocrx_word' id='word_1_221' title='bbox 1221 2749 1321 2820; x_wconf 87' lang='grc' dir='ltr'>τῆς</span> <span class='ocrx_word' id='word_1_222' title='bbox 1361 2747 1635 2820; x_wconf 82' lang='grc' dir='ltr'>ἁμαρτίας</span> <span class='ocrx_word' id='word_1_223' title='bbox 1666 2745 1863 2800; x_wconf 78' lang='grc' dir='ltr'>εἴδωλα</span> 
     </span>
    </p>
   </div>
   <div class='ocr_carea' id='block_1_31' title="bbox 286 2824 1864 2903">
    <p class='ocr_par' dir='ltr' id='par_1_31' title="bbox 286 2824 1864 2903">
     <span class='ocr_line' id='line_1_31' title="bbox 286 2824 1864 2903; baseline 0.004 -26"><span class='ocrx_word' id='word_1_224' title='bbox 286 2824 493 2893; x_wconf 81' lang='grc' dir='ltr'>βλέπει,</span> <span class='ocrx_word' id='word_1_225' title='bbox 528 2828 620 2881; x_wconf 89' lang='lat' dir='ltr'><strong><em>zeal</em></strong></span> <span class='ocrx_word' id='word_1_226' title='bbox 638 2829 730 2883; x_wconf 89' lang='grc' dir='ltr'>τὸν</span> <span class='ocrx_word' id='word_1_227' title='bbox 757 2829 852 2882; x_wconf 89' lang='grc' dir='ltr'>τοῦ</span> <span class='ocrx_word' id='word_1_228' title='bbox 882 2829 1022 2885; x_wconf 84' lang='grc' dir='ltr'>Κάῖν</span> <span class='ocrx_word' id='word_1_229' title='bbox 1045 2829 1109 2902; x_wconf 79' lang='grc' dir='ltr'>ζῇ</span> <span class='ocrx_word' id='word_1_230' title='bbox 1148 2829 1283 2901; x_wconf 86' lang='grc' dir='ltr'>βίον,</span> <span class='ocrx_word' id='word_1_231' title='bbox 1309 2832 1508 2885; x_wconf 87' lang='grc' dir='ltr'>στένων</span> <span class='ocrx_word' id='word_1_232' title='bbox 1524 2832 1616 2885; x_wconf 89' lang='lat' dir='ltr'><strong><em>zeal</em></strong></span> <span class='ocrx_word' id='word_1_233' title='bbox 1641 2831 1864 2903; x_wconf 87' lang='grc' dir='ltr'>τρέμων</span> 
     </span>
    </p>
   </div>
   <div class='ocr_carea' id='block_1_32' title="bbox 284 2907 1862 2987">
    <p class='ocr_par' dir='ltr' id='par_1_32' title="bbox 284 2907 1862 2987">
     <span class='ocr_line' id='line_1_32' title="bbox 284 2907 1862 2987; baseline 0.006 -29"><span class='ocrx_word' id='word_1_234' title='bbox 284 2907 379 2961; x_wconf 74' lang='grc' dir='ltr'>ἐπὶ</span> <span class='ocrx_word' id='word_1_235' title='bbox 408 2909 510 2978; x_wconf 89' lang='grc' dir='ltr'>τῆς</span> <span class='ocrx_word' id='word_1_236' title='bbox 546 2911 669 2982; x_wconf 88' lang='grc' dir='ltr'>γῆς,</span> <span class='ocrx_word' id='word_1_237' title='bbox 702 2911 797 2965; x_wconf 90' lang='lat' dir='ltr'><strong><em>zeal</em></strong></span> <span class='ocrx_word' id='word_1_238' title='bbox 848 2913 1077 2984; x_wconf 87' lang='grc' dir='ltr'>μηδενὸς</span> <span class='ocrx_word' id='word_1_239' title='bbox 1100 2915 1321 2978; x_wconf 76' lang='grc' dir='ltr'>εἰδότος.</span> <span class='ocrx_word' id='word_1_240' title='bbox 1355 2915 1501 2970; x_wconf 75' lang='grc' dir='ltr'>ἔνδον</span> <span class='ocrx_word' id='word_1_241' title='bbox 1518 2914 1631 2985; x_wconf 75' lang='grc' dir='ltr'>ἔχει</span> <span class='ocrx_word' id='word_1_242' title='bbox 1661 2915 1724 2968; x_wconf 85' lang='grc' dir='ltr'>τὸ</span> <span class='ocrx_word' id='word_1_243' title='bbox 1748 2913 1862 2987; x_wconf 86' lang='grc' dir='ltr'>πῦρ</span> 
     </span>
    </p>
   </div>
   <div class='ocr_carea' id='block_1_33' title="bbox 285 2992 1861 3069">
    <p class='ocr_par' dir='ltr' id='par_1_33' title="bbox 285 2992 1861 3069">
     <span class='ocr_line' id='line_1_33' title="bbox 285 2992 1861 3069; baseline 0.004 -25"><span class='ocrx_word' id='word_1_244' title='bbox 285 2992 699 3063; x_wconf 78' lang='grc' dir='ltr'>συνειλεγμένον</span> <span class='ocrx_word' id='word_1_245' title='bbox 728 2996 836 3051; x_wconf 90' lang='grc' dir='ltr'>ἀεί.</span> <span class='ocrx_word' id='word_1_246' title='bbox 880 2997 1050 3051; x_wconf 90' lang='grc' dir='ltr'>Τοῦτο</span> <span class='ocrx_word' id='word_1_247' title='bbox 1080 2998 1173 3051; x_wconf 90' lang='lat' dir='ltr'><strong><em>zeal</em></strong></span> <span class='ocrx_word' id='word_1_248' title='bbox 1195 3000 1245 3052; x_wconf 83' lang='grc' dir='ltr'>οἱ</span> <span class='ocrx_word' id='word_1_249' title='bbox 1280 2998 1634 3069; x_wconf 84' lang='grc' dir='ltr'>ἁρπάζοντες,</span> <span class='ocrx_word' id='word_1_250' title='bbox 1665 2998 1760 3052; x_wconf 87' lang='lat' dir='ltr'><strong><em>zeal</em></strong></span> <span class='ocrx_word' id='word_1_251' title='bbox 1814 3000 1861 3051; x_wconf 83' lang='grc' dir='ltr'>οί</span> 
     </span>
    </p>
   </div>
   <div class='ocr_carea' id='block_1_34' title="bbox 286 3076 1863 3154">
    <p class='ocr_par' dir='ltr' id='par_1_34' title="bbox 286 3076 1863 3154">
     <span class='ocr_line' id='line_1_34' title="bbox 286 3076 1863 3154; baseline 0.004 -23"><span class='ocrx_word' id='word_1_252' title='bbox 286 3076 733 3143; x_wconf 82' lang='grc' dir='ltr'>πλεονεκτοῦντες</span> <span class='ocrx_word' id='word_1_253' title='bbox 753 3081 1043 3150; x_wconf 81' lang='grc' dir='ltr'>πάσχουσι·</span> <span class='ocrx_word' id='word_1_254' title='bbox 1071 3080 1230 3135; x_wconf 89' lang='grc' dir='ltr'>τοῦτο</span> <span class='ocrx_word' id='word_1_255' title='bbox 1248 3082 1341 3135; x_wconf 94' lang='lat' dir='ltr'><strong><em>zeal</em></strong></span> <span class='ocrx_word' id='word_1_256' title='bbox 1368 3084 1418 3135; x_wconf 89' lang='grc' dir='ltr'>οί</span> <span class='ocrx_word' id='word_1_257' title='bbox 1438 3083 1752 3154; x_wconf 86' lang='grc' dir='ltr'>μεθύοντες,</span> <span class='ocrx_word' id='word_1_258' title='bbox 1769 3085 1863 3137; x_wconf 90' lang='lat' dir='ltr'><strong><em>zeal</em></strong></span> 
     </span>
    </p>
   </div>
   <div class='ocr_carea' id='block_1_35' title="bbox 283 3158 1865 3239">
    <p class='ocr_par' dir='ltr' id='par_1_35' title="bbox 283 3158 1865 3239">
     <span class='ocr_line' id='line_1_35' title="bbox 283 3158 1865 3239; baseline 0.006 -26"><span class='ocrx_word' id='word_1_259' title='bbox 283 3158 515 3225; x_wconf 72' lang='grc' dir='ltr'>ἕκαστος</span> <span class='ocrx_word' id='word_1_260' title='bbox 542 3162 599 3216; x_wconf 89' lang='grc' dir='ltr'>δὲ</span> <span class='ocrx_word' id='word_1_261' title='bbox 643 3162 830 3228; x_wconf 86' lang='grc' dir='ltr'>ἁπλῶς</span> <span class='ocrx_word' id='word_1_262' title='bbox 860 3164 968 3217; x_wconf 86' lang='grc' dir='ltr'>τῶν</span> <span class='ocrx_word' id='word_1_263' title='bbox 1007 3166 1066 3218; x_wconf 85' lang='grc' dir='ltr'>ἐν</span> <span class='ocrx_word' id='word_1_264' title='bbox 1117 3166 1413 3237; x_wconf 85' lang='grc' dir='ltr'>ἁμαρτίαις</span> <span class='ocrx_word' id='word_1_265' title='bbox 1447 3167 1684 3232; x_wconf 68' lang='grc' dir='ltr'>(ζώντων⁸</span> <span class='ocrx_word' id='word_1_266' title='bbox 1720 3169 1865 3239; x_wconf 86' lang='grc' dir='ltr'>ἀμή-</span> 
     </span>
    </p>
   </div>
   <div class='ocr_carea' id='block_1_36' title="bbox 284 3244 1863 3322">
    <p class='ocr_par' dir='ltr' id='par_1_36' title="bbox 284 3244 1863 3322">
     <span class='ocr_line' id='line_1_36' title="bbox 284 3244 1863 3322; baseline 0.006 -26"><span class='ocrx_word' id='word_1_267' title='bbox 284 3260 446 3313; x_wconf 90' lang='grc' dir='ltr'>χανον</span> <span class='ocrx_word' id='word_1_268' title='bbox 468 3244 578 3317; x_wconf 85' lang='grc' dir='ltr'>γὰρ</span> <span class='ocrx_word' id='word_1_269' title='bbox 607 3247 782 3300; x_wconf 85' lang='grc' dir='ltr'>ἐκεῖνο</span> <span class='ocrx_word' id='word_1_270' title='bbox 806 3247 1171 3319; x_wconf 78' lang='grc' dir='ltr'>διαφθαρῆναι</span> <span class='ocrx_word' id='word_1_271' title='bbox 1210 3250 1269 3302; x_wconf 88' lang='grc' dir='ltr'>τὸ</span> <span class='ocrx_word' id='word_1_272' title='bbox 1308 3250 1676 3322; x_wconf 85' lang='grc' dir='ltr'>δικαστήριον·</span> <span class='ocrx_word' id='word_1_273' title='bbox 1727 3251 1863 3306; x_wconf 78' lang='grc' dir='ltr'>ἀλλά</span> 
     </span>
    </p>
   </div>
   <div class='ocr_carea' id='block_1_37' title="bbox 282 3327 1863 3404">
    <p class='ocr_par' dir='ltr' id='par_1_37' title="bbox 282 3327 1863 3404">
     <span class='ocr_line' id='line_1_37' title="bbox 282 3327 1863 3404; baseline 0.007 -27"><span class='ocrx_word' id='word_1_274' title='bbox 282 3327 388 3378; x_wconf 79' lang='grc' dir='ltr'>κᾶν</span> <span class='ocrx_word' id='word_1_275' title='bbox 420 3327 495 3397; x_wconf 84' lang='grc' dir='ltr'>μὴ</span> <span class='ocrx_word' id='word_1_276' title='bbox 523 3328 798 3399; x_wconf 88' lang='grc' dir='ltr'>μετίωμεν</span> <span class='ocrx_word' id='word_1_277' title='bbox 827 3330 928 3400; x_wconf 85' lang='grc' dir='ltr'>τὴν</span> <span class='ocrx_word' id='word_1_278' title='bbox 958 3331 1177 3403; x_wconf 81' lang='grc' dir='ltr'>ἀρετὴν,</span> <span class='ocrx_word' id='word_1_279' title='bbox 1193 3332 1342 3401; x_wconf 81' lang='grc' dir='ltr'>ὅμως</span> <span class='ocrx_word' id='word_1_280' title='bbox 1367 3332 1863 3404; x_wconf 69' lang='grc' dir='ltr'>ὀδυνώμεθα,ἐπειο</span> 
     </span>
    </p>
   </div>
   <div class='ocr_carea' id='block_1_38' title="bbox 280 3409 1864 3489">
    <p class='ocr_par' dir='ltr' id='par_1_38' title="bbox 280 3409 1864 3489">
     <span class='ocr_line' id='line_1_38' title="bbox 280 3409 1864 3489; baseline 0.005 -26"><span class='ocrx_word' id='word_1_281' title='bbox 280 3409 347 3481; x_wconf 85' lang='grc' dir='ltr'>δὴ</span> <span class='ocrx_word' id='word_1_282' title='bbox 381 3412 457 3482; x_wconf 86' lang='grc' dir='ltr'>μὴ</span> <span class='ocrx_word' id='word_1_283' title='bbox 483 3413 887 3483; x_wconf 88' lang='grc' dir='ltr'>μετερχόμεθα,</span> <span class='ocrx_word' id='word_1_284' title='bbox 908 3414 1012 3468; x_wconf 80' lang='grc' dir='ltr'>κᾶν</span> <span class='ocrx_word' id='word_1_285' title='bbox 1041 3415 1318 3485; x_wconf 87' lang='grc' dir='ltr'>μετίωμεν</span> <span class='ocrx_word' id='word_1_286' title='bbox 1348 3417 1450 3487; x_wconf 81' lang='grc' dir='ltr'>τὴν</span> <span class='ocrx_word' id='word_1_287' title='bbox 1480 3418 1697 3484; x_wconf 83' lang='grc' dir='ltr'>κακίαν,</span> <span class='ocrx_word' id='word_1_288' title='bbox 1715 3419 1864 3489; x_wconf 82' lang='grc' dir='ltr'>ὅμως</span> 
     </span>
    </p>
   </div>
   <div class='ocr_carea' id='block_1_39' title="bbox 283 3496 1861 3573">
    <p class='ocr_par' dir='ltr' id='par_1_39' title="bbox 283 3496 1861 3573">
     <span class='ocr_line' id='line_1_39' title="bbox 283 3496 1861 3573; baseline 0.005 -25"><span class='ocrx_word' id='word_1_289' title='bbox 283 3496 628 3567; x_wconf 89' lang='grc' dir='ltr'>παυσάμενοι</span> <span class='ocrx_word' id='word_1_290' title='bbox 647 3498 747 3569; x_wconf 88' lang='grc' dir='ltr'>τῆς</span> <span class='ocrx_word' id='word_1_291' title='bbox 778 3497 972 3569; x_wconf 82' lang='grc' dir='ltr'>ἡδονῆς</span> <span class='ocrx_word' id='word_1_292' title='bbox 1002 3499 1102 3569; x_wconf 85' lang='grc' dir='ltr'>τῆς</span> <span class='ocrx_word' id='word_1_293' title='bbox 1138 3500 1281 3553; x_wconf 85' lang='grc' dir='ltr'>κατά</span> <span class='ocrx_word' id='word_1_294' title='bbox 1307 3500 1406 3571; x_wconf 87' lang='grc' dir='ltr'>τὴν</span> <span class='ocrx_word' id='word_1_295' title='bbox 1443 3502 1741 3573; x_wconf 81' lang='grc' dir='ltr'>ἁμαρτίαν,</span> <span class='ocrx_word' id='word_1_296' title='bbox 1775 3504 1861 3555; x_wconf 73' lang='lat' dir='ltr'><strong><em>al-</em></strong></span> 
     </span>
    </p>
   </div>
   <div class='ocr_carea' id='block_1_40' title="bbox 285 3578 1864 3655">
    <p class='ocr_par' dir='ltr' id='par_1_40' title="bbox 285 3578 1864 3655">
     <span class='ocr_line' id='line_1_40' title="bbox 285 3578 1864 3655; baseline 0.005 -24"><span class='ocrx_word' id='word_1_297' title='bbox 285 3578 598 3650; x_wconf 86' lang='grc' dir='ltr'>σθανόμεθα</span> <span class='ocrx_word' id='word_1_298' title='bbox 623 3579 724 3650; x_wconf 89' lang='grc' dir='ltr'>τῆς</span> <span class='ocrx_word' id='word_1_299' title='bbox 750 3580 963 3652; x_wconf 87' lang='grc' dir='ltr'>ὀδύνης.</span> <span class='ocrx_word' id='word_1_300' title='bbox 991 3580 1085 3652; x_wconf 83' lang='grc' dir='ltr'><strong>Μὴ</strong></span> <span class='ocrx_word' id='word_1_301' title='bbox 1131 3581 1310 3636; x_wconf 82' lang='grc' dir='ltr'>τοίνυν</span> <span class='ocrx_word' id='word_1_302' title='bbox 1341 3582 1587 3655; x_wconf 87' lang='grc' dir='ltr'>λέγωμεν</span> <span class='ocrx_word' id='word_1_303' title='bbox 1618 3586 1710 3639; x_wconf 79' lang='grc' dir='ltr'>ἐπὶ</span> <span class='ocrx_word' id='word_1_304' title='bbox 1755 3585 1864 3640; x_wconf 88' lang='grc' dir='ltr'>τῶν</span> 
     </span>
    </p>
   </div>
   <div class='ocr_carea' id='block_1_41' title="bbox 283 3661 1864 3738">
    <p class='ocr_par' dir='ltr' id='par_1_41' title="bbox 283 3661 1864 3738">
     <span class='ocr_line' id='line_1_41' title="bbox 283 3661 1864 3738; baseline 0.006 -24"><span class='ocrx_word' id='word_1_305' title='bbox 283 3661 658 3717; x_wconf 87' lang='grc' dir='ltr'>πλουτούντων</span> <span class='ocrx_word' id='word_1_306' title='bbox 688 3663 921 3718; x_wconf 85' lang='grc' dir='ltr'>ἐνταῦθα</span> <span class='ocrx_word' id='word_1_307' title='bbox 968 3665 1064 3718; x_wconf 88' lang='lat' dir='ltr'><strong><em>zeal</em></strong></span> <span class='ocrx_word' id='word_1_308' title='bbox 1092 3667 1571 3738; x_wconf 87' lang='grc' dir='ltr'>πονηρευομένων,</span> <span class='ocrx_word' id='word_1_309' title='bbox 1610 3669 1704 3721; x_wconf 87' lang='lat' dir='ltr'><strong><em>zeal</em></strong></span> <span class='ocrx_word' id='word_1_310' title='bbox 1755 3669 1864 3725; x_wconf 85' lang='grc' dir='ltr'>τῶν</span> 
     </span>
    </p>
   </div>
   <div class='ocr_carea' id='block_1_42' title="bbox 280 3744 1863 3813">
    <p class='ocr_par' dir='ltr' id='par_1_42' title="bbox 280 3744 1863 3813">
     <span class='ocr_line' id='line_1_42' title="bbox 280 3744 1863 3813; baseline 0.005 -16"><span class='ocrx_word' id='word_1_311' title='bbox 280 3744 508 3799; x_wconf 89' lang='grc' dir='ltr'>δικαίων</span> <span class='ocrx_word' id='word_1_312' title='bbox 537 3747 645 3801; x_wconf 88' lang='grc' dir='ltr'>τῶν</span> <span class='ocrx_word' id='word_1_313' title='bbox 669 3746 1052 3802; x_wconf 78' lang='grc' dir='ltr'>ἀπολαυόντων</span> <span class='ocrx_word' id='word_1_314' title='bbox 1090 3749 1227 3813; x_wconf 86' lang='grc' dir='ltr'>ἐκεῖ,</span> <span class='ocrx_word' id='word_1_315' title='bbox 1275 3750 1358 3803; x_wconf 83' lang='grc' dir='ltr'>ὅτι</span> <span class='ocrx_word' id='word_1_316' title='bbox 1393 3748 1451 3803; x_wconf 84' lang='grc' dir='ltr'>ἒν</span> <span class='ocrx_word' id='word_1_317' title='bbox 1494 3749 1574 3813; x_wconf 81' lang='grc' dir='ltr'>ἑν,</span> <span class='ocrx_word' id='word_1_318' title='bbox 1625 3749 1742 3804; x_wconf 89' lang='grc' dir='ltr'>ἀλλ’</span> <span class='ocrx_word' id='word_1_319' title='bbox 1781 3753 1863 3805; x_wconf 82' lang='grc' dir='ltr'>ὅτι</span> 
     </span>
    </p>
   </div>
   <div class='ocr_carea' id='block_1_43' title="bbox 280 3828 1865 3904">
    <p class='ocr_par' dir='ltr' id='par_1_43' title="bbox 280 3828 1865 3904">
     <span class='ocr_line' id='line_1_43' title="bbox 280 3828 1865 3904; baseline 0.006 -23"><span class='ocrx_word' id='word_1_320' title='bbox 280 3828 379 3882; x_wconf 91' lang='grc' dir='ltr'>δύο</span> <span class='ocrx_word' id='word_1_321' title='bbox 426 3828 599 3883; x_wconf 83' lang='grc' dir='ltr'>οὐδέν.</span> <span class='ocrx_word' id='word_1_322' title='bbox 631 3831 756 3895; x_wconf 84' lang='grc' dir='ltr'>Τοῖς</span> <span class='ocrx_word' id='word_1_323' title='bbox 787 3830 887 3903; x_wconf 84' lang='grc' dir='ltr'>μὲν</span> <span class='ocrx_word' id='word_1_324' title='bbox 915 3832 1025 3904; x_wconf 83' lang='grc' dir='ltr'>γὰρ</span> <span class='ocrx_word' id='word_1_325' title='bbox 1051 3833 1284 3898; x_wconf 87' lang='grc' dir='ltr'>δικαίοις</span> <span class='ocrx_word' id='word_1_326' title='bbox 1312 3835 1406 3889; x_wconf 86' lang='lat' dir='ltr'><strong><em>zeal</em></strong></span> <span class='ocrx_word' id='word_1_327' title='bbox 1436 3835 1504 3887; x_wconf 91' lang='grc' dir='ltr'>τά</span> <span class='ocrx_word' id='word_1_328' title='bbox 1539 3836 1656 3888; x_wconf 83' lang='grc' dir='ltr'>ἐκεῖ</span> <span class='ocrx_word' id='word_1_329' title='bbox 1676 3837 1771 3890; x_wconf 89' lang='lat' dir='ltr'><strong><em>zeal</em></strong></span> <span class='ocrx_word' id='word_1_330' title='bbox 1793 3835 1865 3890; x_wconf 89' lang='grc' dir='ltr'>τά</span> 
     </span>
    </p>
   </div>
   <div class='ocr_carea' id='block_1_44' title="bbox 283 3911 1866 3991">
    <p class='ocr_par' dir='ltr' id='par_1_44' title="bbox 283 3911 1866 3991">
     <span class='ocr_line' id='line_1_44' title="bbox 283 3911 1866 3991; baseline 0.006 -26"><span class='ocrx_word' id='word_1_331' title='bbox 283 3911 525 3967; x_wconf 82' lang='grc' dir='ltr'>ἐνταῦθα</span> <span class='ocrx_word' id='word_1_332' title='bbox 551 3913 752 3986; x_wconf 83' lang='grc' dir='ltr'>πολλὴν</span> <span class='ocrx_word' id='word_1_333' title='bbox 791 3915 1022 3987; x_wconf 81' lang='grc' dir='ltr'>παρέχει</span> <span class='ocrx_word' id='word_1_334' title='bbox 1063 3916 1161 3989; x_wconf 80' lang='grc' dir='ltr'>τὴν</span> <span class='ocrx_word' id='word_1_335' title='bbox 1202 3917 1416 3991; x_wconf 75' lang='grc' dir='ltr'>ήδονήψ</span> <span class='ocrx_word' id='word_1_336' title='bbox 1459 3920 1506 3972; x_wconf 82' lang='grc' dir='ltr'>οἱ</span> <span class='ocrx_word' id='word_1_337' title='bbox 1533 3919 1590 3973; x_wconf 86' lang='grc' dir='ltr'>δὲ</span> <span class='ocrx_word' id='word_1_338' title='bbox 1618 3921 1676 3973; x_wconf 79' lang='grc' dir='ltr'>ἐν</span> <span class='ocrx_word' id='word_1_339' title='bbox 1701 3937 1866 3991; x_wconf 89' lang='grc' dir='ltr'>πονη-</span> 
     </span>
    </p>
   </div>
   <div class='ocr_carea' id='block_1_45' title="bbox 282 3995 1866 4071">
    <p class='ocr_par' dir='ltr' id='par_1_45' title="bbox 282 3995 1866 4071">
     <span class='ocr_line' id='line_1_45' title="bbox 282 3995 1866 4071; baseline 0.008 -24"><span class='ocrx_word' id='word_1_340' title='bbox 282 3996 434 4065; x_wconf 84' lang='grc' dir='ltr'>ρίαις</span> <span class='ocrx_word' id='word_1_341' title='bbox 451 3995 542 4049; x_wconf 83' lang='lat' dir='ltr'><strong><em>zeal</em></strong></span> <span class='ocrx_word' id='word_1_342' title='bbox 571 3998 628 4050; x_wconf 85' lang='grc' dir='ltr'>ἐν</span> <span class='ocrx_word' id='word_1_343' title='bbox 648 3996 1006 4071; x_wconf 78' lang='grc' dir='ltr'>πλεονεξίαις,</span> <span class='ocrx_word' id='word_1_344' title='bbox 1032 4002 1128 4054; x_wconf 83' lang='grc' dir='ltr'>καὶ</span> <span class='ocrx_word' id='word_1_345' title='bbox 1167 4001 1400 4056; x_wconf 87' lang='grc' dir='ltr'>ἐνταῦθα</span> <span class='ocrx_word' id='word_1_346' title='bbox 1430 4002 1522 4057; x_wconf 85' lang='lat' dir='ltr'><strong><em>zeal</em></strong></span> <span class='ocrx_word' id='word_1_347' title='bbox 1558 4004 1676 4058; x_wconf 83' lang='grc' dir='ltr'>ἐκεῖ</span> <span class='ocrx_word' id='word_1_348' title='bbox 1705 4004 1866 4060; x_wconf 83' lang='grc' dir='ltr'>κολά-</span> 
     </span>
    </p>
   </div>
   <div class='ocr_carea' id='block_1_46' title="bbox 281 4079 1866 4162">
    <p class='ocr_par' dir='ltr' id='par_1_46' title="bbox 281 4079 1866 4162">
     <span class='ocr_line' id='line_1_46' title="bbox 281 4079 1866 4162; baseline 0.005 -29"><span class='ocrx_word' id='word_1_349' title='bbox 281 4080 489 4145; x_wconf 80' lang='grc' dir='ltr'>ζονται.</span> <span class='ocrx_word' id='word_1_350' title='bbox 507 4079 607 4134; x_wconf 81' lang='lat' dir='ltr'><strong><em>Kal</em></strong></span> <span class='ocrx_word' id='word_1_351' title='bbox 622 4081 732 4153; x_wconf 80' lang='grc' dir='ltr'>γάρ</span> <span class='ocrx_word' id='word_1_352' title='bbox 749 4083 843 4137; x_wconf 82' lang='grc' dir='ltr'>καὶ</span> <span class='ocrx_word' id='word_1_353' title='bbox 867 4084 1102 4139; x_wconf 85' lang='grc' dir='ltr'>ἐνταῦθα</span> <span class='ocrx_word' id='word_1_354' title='bbox 1123 4085 1441 4151; x_wconf 85' lang='grc' dir='ltr'>κολάζονται</span> <span class='ocrx_word' id='word_1_355' title='bbox 1469 4090 1535 4158; x_wconf 82' lang='grc' dir='ltr'>τῇ</span> <span class='ocrx_word' id='word_1_356' title='bbox 1568 4082 1866 4162; x_wconf 80' lang='grc' dir='ltr'>προσδόκίᾳ</span> 
     </span>
    </p>
   </div>
   <div class='ocr_carea' id='block_1_47' title="bbox 279 4163 1865 4242">
    <p class='ocr_par' dir='ltr' id='par_1_47' title="bbox 279 4163 1865 4242">
     <span class='ocr_line' id='line_1_47' title="bbox 279 4163 1865 4242; baseline 0.006 -26"><span class='ocrx_word' id='word_1_357' title='bbox 279 4163 386 4234; x_wconf 89' lang='grc' dir='ltr'>τῆς</span> <span class='ocrx_word' id='word_1_358' title='bbox 414 4164 532 4217; x_wconf 85' lang='grc' dir='ltr'>ἐκεῖ</span> <span class='ocrx_word' id='word_1_359' title='bbox 550 4165 837 4236; x_wconf 86' lang='grc' dir='ltr'>τιμωρίας,</span> <span class='ocrx_word' id='word_1_360' title='bbox 865 4167 958 4220; x_wconf 85' lang='lat' dir='ltr'><strong><em>zeal</em></strong></span> <span class='ocrx_word' id='word_1_361' title='bbox 998 4170 1063 4238; x_wconf 78' lang='grc' dir='ltr'>τῇ</span> <span class='ocrx_word' id='word_1_362' title='bbox 1095 4170 1307 4241; x_wconf 81' lang='grc' dir='ltr'>πονηρᾷ</span> <span class='ocrx_word' id='word_1_363' title='bbox 1339 4170 1492 4242; x_wconf 86' lang='grc' dir='ltr'>παρὰ</span> <span class='ocrx_word' id='word_1_364' title='bbox 1517 4171 1732 4226; x_wconf 90' lang='grc' dir='ltr'>πάντων</span> <span class='ocrx_word' id='word_1_365' title='bbox 1760 4172 1865 4226; x_wconf 81' lang='grc' dir='ltr'>ὐπ-</span> 
     </span>
    </p>
   </div>
   <div class='ocr_carea' id='block_1_48' title="bbox 280 4245 1864 4327">
    <p class='ocr_par' dir='ltr' id='par_1_48' title="bbox 280 4245 1864 4327">
     <span class='ocr_line' id='line_1_48' title="bbox 280 4245 1864 4327; baseline 0.008 -31"><span class='ocrx_word' id='word_1_366' title='bbox 280 4245 437 4317; x_wconf 75' lang='grc' dir='ltr'>οψίᾳ,</span> <span class='ocrx_word' id='word_1_367' title='bbox 491 4245 586 4297; x_wconf 87' lang='lat' dir='ltr'><strong><em>zeal</em></strong></span> <span class='ocrx_word' id='word_1_368' title='bbox 612 4245 761 4316; x_wconf 82' lang='grc' dir='ltr'>αὐτῷ</span> <span class='ocrx_word' id='word_1_369' title='bbox 816 4247 892 4319; x_wconf 78' lang='grc' dir='ltr'>τῷ</span> <span class='ocrx_word' id='word_1_370' title='bbox 921 4249 1256 4320; x_wconf 82' lang='grc' dir='ltr'>ἁμαρτάνειν</span> <span class='ocrx_word' id='word_1_371' title='bbox 1289 4252 1383 4305; x_wconf 87' lang='lat' dir='ltr'><strong><em>zeal</em></strong></span> <span class='ocrx_word' id='word_1_372' title='bbox 1430 4252 1529 4325; x_wconf 80' lang='grc' dir='ltr'>τὴν</span> <span class='ocrx_word' id='word_1_373' title='bbox 1564 4253 1741 4326; x_wconf 78' lang='grc' dir='ltr'>ψυχὴν</span> <span class='ocrx_word' id='word_1_374' title='bbox 1766 4254 1864 4327; x_wconf 83' lang='grc' dir='ltr'>τὴν</span> 
     </span>
    </p>
   </div>
   <div class='ocr_carea' id='block_1_49' title="bbox 282 4329 1864 4410">
    <p class='ocr_par' dir='ltr' id='par_1_49' title="bbox 282 4329 1864 4410">
     <span class='ocr_line' id='line_1_49' title="bbox 282 4329 1864 4410; baseline 0.007 -27"><span class='ocrx_word' id='word_1_375' title='bbox 282 4329 499 4384; x_wconf 78' lang='grc' dir='ltr'>ἑαυτῶν</span> <span class='ocrx_word' id='word_1_376' title='bbox 519 4329 870 4400; x_wconf 85' lang='grc' dir='ltr'>διαφθείρειν·</span> <span class='ocrx_word' id='word_1_377' title='bbox 896 4333 987 4384; x_wconf 90' lang='lat' dir='ltr'><strong><em>zeal</em></strong></span> <span class='ocrx_word' id='word_1_378' title='bbox 1012 4333 1149 4403; x_wconf 88' lang='grc' dir='ltr'>μετά</span> <span class='ocrx_word' id='word_1_379' title='bbox 1170 4335 1269 4405; x_wconf 82' lang='grc' dir='ltr'>τὴν</span> <span class='ocrx_word' id='word_1_380' title='bbox 1283 4335 1531 4391; x_wconf 81' lang='grc' dir='ltr'>ἐντεῦθεν</span> <span class='ocrx_word' id='word_1_381' title='bbox 1556 4330 1864 4410; x_wconf 78' lang='grc' dir='ltr'>ἀποδημίαν</span> 
     </span>
    </p>
   </div>
   <div class='ocr_carea' id='block_1_50' title="bbox 281 4414 1863 4490">
    <p class='ocr_par' dir='ltr' id='par_1_50' title="bbox 281 4414 1863 4490">
     <span class='ocr_line' id='line_1_50' title="bbox 281 4414 1863 4490; baseline 0.004 -19"><span class='ocrx_word' id='word_1_382' title='bbox 281 4415 596 4487; x_wconf 80' lang='grc' dir='ltr'>ἀφορήτους</span> <span class='ocrx_word' id='word_1_383' title='bbox 641 4414 972 4484; x_wconf 85' lang='grc' dir='ltr'>ὑπομένουσι</span> <span class='ocrx_word' id='word_1_384' title='bbox 1021 4417 1313 4487; x_wconf 87' lang='grc' dir='ltr'>τιμωρίας.</span> <span class='ocrx_word' id='word_1_385' title='bbox 1359 4420 1526 4474; x_wconf 85' lang='grc' dir='ltr'>Πάλιν</span> <span class='ocrx_word' id='word_1_386' title='bbox 1562 4423 1608 4474; x_wconf 78' lang='grc' dir='ltr'>οἱ</span> <span class='ocrx_word' id='word_1_387' title='bbox 1645 4422 1863 4490; x_wconf 86' lang='grc' dir='ltr'>δίκαιοι,</span> 
     </span>
    </p>
   </div>
   <div class='ocr_carea' id='block_1_51' title="bbox 281 4496 1868 4574">
    <p class='ocr_par' dir='ltr' id='par_1_51' title="bbox 281 4496 1868 4574">
     <span class='ocr_line' id='line_1_51' title="bbox 281 4496 1868 4574; baseline 0.004 -22"><span class='ocrx_word' id='word_1_388' title='bbox 281 4498 393 4552; x_wconf 83' lang='grc' dir='ltr'>κᾶν</span> <span class='ocrx_word' id='word_1_389' title='bbox 427 4497 597 4569; x_wconf 91' lang='grc' dir='ltr'>μυρία</span> <span class='ocrx_word' id='word_1_390' title='bbox 631 4496 917 4568; x_wconf 75' lang='grc' dir='ltr'>πάσχωσιν</span> <span class='ocrx_word' id='word_1_391' title='bbox 965 4498 1199 4553; x_wconf 86' lang='grc' dir='ltr'>ἐνταῦθα</span> <span class='ocrx_word' id='word_1_392' title='bbox 1242 4499 1411 4566; x_wconf 90' lang='grc' dir='ltr'>δεινά,</span> <span class='ocrx_word' id='word_1_393' title='bbox 1447 4506 1710 4574; x_wconf 87' lang='grc' dir='ltr'>χρησταῖς</span> <span class='ocrx_word' id='word_1_394' title='bbox 1749 4521 1868 4559; x_wconf 90' lang='grc' dir='ltr'>συν-</span> 
     </span>
    </p>
   </div>
   <div class='ocr_carea' id='block_1_52' title="bbox 282 4579 1863 4658">
    <p class='ocr_par' dir='ltr' id='par_1_52' title="bbox 282 4579 1863 4658">
     <span class='ocr_line' id='line_1_52' title="bbox 282 4579 1863 4658; baseline 0.005 -25"><span class='ocrx_word' id='word_1_395' title='bbox 282 4580 577 4650; x_wconf 87' lang='grc' dir='ltr'>τρέφονται</span> <span class='ocrx_word' id='word_1_396' title='bbox 633 4582 754 4644; x_wconf 86' lang='grc' dir='ltr'>ταῖς</span> <span class='ocrx_word' id='word_1_397' title='bbox 810 4579 1042 4647; x_wconf 83' lang='grc' dir='ltr'>ἐλπίσιν,</span> <span class='ocrx_word' id='word_1_398' title='bbox 1099 4581 1293 4655; x_wconf 79' lang='grc' dir='ltr'>ήδονὴν</span> <span class='ocrx_word' id='word_1_399' title='bbox 1342 4582 1559 4655; x_wconf 76' lang='grc' dir='ltr'>ἔχοντες</span> <span class='ocrx_word' id='word_1_400' title='bbox 1593 4586 1863 4658; x_wconf 79' lang='grc' dir='ltr'>καθαρὰν,</span> 
     </span>
    </p>
   </div>
   <div class='ocr_carea' id='block_1_53' title="bbox 284 4663 1866 4741">
    <p class='ocr_par' dir='ltr' id='par_1_53' title="bbox 284 4663 1866 4741">
     <span class='ocr_line' id='line_1_53' title="bbox 284 4663 1866 4741; baseline 0.006 -25"><span class='ocrx_word' id='word_1_401' title='bbox 284 4663 536 4735; x_wconf 77' lang='grc' dir='ltr'>βεϐαίαν,</span> <span class='ocrx_word' id='word_1_402' title='bbox 559 4663 838 4735; x_wconf 67' lang='grc' dir='ltr'>ἀκίνητον*</span> <span class='ocrx_word' id='word_1_403' title='bbox 869 4664 962 4719; x_wconf 89' lang='lat' dir='ltr'><strong><em>zeal</em></strong></span> <span class='ocrx_word' id='word_1_404' title='bbox 999 4664 1141 4737; x_wconf 88' lang='grc' dir='ltr'>μετά</span> <span class='ocrx_word' id='word_1_405' title='bbox 1177 4664 1352 4721; x_wconf 87' lang='grc' dir='ltr'>ταῦτα</span> <span class='ocrx_word' id='word_1_406' title='bbox 1379 4668 1447 4721; x_wconf 91' lang='grc' dir='ltr'>τά</span> <span class='ocrx_word' id='word_1_407' title='bbox 1480 4670 1647 4741; x_wconf 88' lang='grc' dir='ltr'>μυρία</span> <span class='ocrx_word' id='word_1_408' title='bbox 1671 4671 1866 4736; x_wconf 79' lang='grc' dir='ltr'>αὐτοὺς</span> 
     </span>
    </p>
   </div>
   <div class='ocr_carea' id='block_1_54' title="bbox 282 4745 1865 4827">
    <p class='ocr_par' dir='ltr' id='par_1_54' title="bbox 282 4745 1865 4827">
     <span class='ocr_line' id='line_1_54' title="bbox 282 4745 1865 4827; baseline 0.004 -25"><span class='ocrx_word' id='word_1_409' title='bbox 282 4747 588 4813; x_wconf 81' lang='grc' dir='ltr'>διαδέξεται</span> <span class='ocrx_word' id='word_1_410' title='bbox 613 4747 814 4816; x_wconf 84' lang='grc' dir='ltr'>ἀγαθὰ,</span> <span class='ocrx_word' id='word_1_411' title='bbox 848 4748 1101 4820; x_wconf 84' lang='grc' dir='ltr'>καθάπερ</span> <span class='ocrx_word' id='word_1_412' title='bbox 1121 4745 1215 4804; x_wconf 76' lang='grc' dir='ltr'>οὖν</span> <span class='ocrx_word' id='word_1_413' title='bbox 1236 4749 1332 4805; x_wconf 88' lang='lat' dir='ltr'><strong><em>zeal</em></strong></span> <span class='ocrx_word' id='word_1_414' title='bbox 1352 4749 1444 4804; x_wconf 87' lang='grc' dir='ltr'>τὸν</span> <span class='ocrx_word' id='word_1_415' title='bbox 1477 4750 1746 4824; x_wconf 80' lang='grc' dir='ltr'>Λάζαρον.</span> <span class='ocrx_word' id='word_1_416' title='bbox 1773 4756 1865 4827; x_wconf 86' lang='grc' dir='ltr'><strong>Μὴ</strong></span> 
     </span>
    </p>
   </div>
   <div class='ocr_carea' id='block_1_55' title="bbox 283 4830 1864 4905">
    <p class='ocr_par' dir='ltr' id='par_1_55' title="bbox 283 4830 1864 4905">
     <span class='ocr_line' id='line_1_55' title="bbox 283 4830 1864 4905; baseline 0.004 -20"><span class='ocrx_word' id='word_1_417' title='bbox 283 4831 398 4902; x_wconf 88' lang='grc' dir='ltr'>γάρ</span> <span class='ocrx_word' id='word_1_418' title='bbox 439 4847 530 4900; x_wconf 87' lang='grc' dir='ltr'>μοι</span> <span class='ocrx_word' id='word_1_419' title='bbox 549 4830 707 4884; x_wconf 87' lang='grc' dir='ltr'>τοῦτο</span> <span class='ocrx_word' id='word_1_420' title='bbox 743 4830 925 4904; x_wconf 79' lang='grc' dir='ltr'>εἴπῃς,</span> <span class='ocrx_word' id='word_1_421' title='bbox 952 4832 1034 4886; x_wconf 82' lang='grc' dir='ltr'>ὅτι</span> <span class='ocrx_word' id='word_1_422' title='bbox 1058 4831 1291 4904; x_wconf 78' lang='grc' dir='ltr'>ἥλκωτο,</span> <span class='ocrx_word' id='word_1_423' title='bbox 1319 4832 1456 4887; x_wconf 89' lang='grc' dir='ltr'>ἀλλά</span> <span class='ocrx_word' id='word_1_424' title='bbox 1471 4834 1629 4888; x_wconf 89' lang='grc' dir='ltr'>τοῦτο</span> <span class='ocrx_word' id='word_1_425' title='bbox 1650 4836 1864 4905; x_wconf 88' lang='grc' dir='ltr'>σκόπει,</span> 
     </span>
    </p>
   </div>
   <div class='ocr_carea' id='block_1_56' title="bbox 282 4912 1862 4994">
    <p class='ocr_par' dir='ltr' id='par_1_56' title="bbox 282 4912 1862 4994">
     <span class='ocr_line' id='line_1_56' title="bbox 282 4912 1862 4994; baseline 0.004 -26"><span class='ocrx_word' id='word_1_426' title='bbox 282 4916 371 4969; x_wconf 83' lang='grc' dir='ltr'>ὃτι</span> <span class='ocrx_word' id='word_1_427' title='bbox 401 4912 601 4986; x_wconf 87' lang='grc' dir='ltr'>χρυσοῦ</span> <span class='ocrx_word' id='word_1_428' title='bbox 628 4913 829 4978; x_wconf 84' lang='grc' dir='ltr'>παντὸς</span> <span class='ocrx_word' id='word_1_429' title='bbox 859 4915 1192 4989; x_wconf 84' lang='grc' dir='ltr'>τιμιωτέραν</span> <span class='ocrx_word' id='word_1_430' title='bbox 1212 4915 1360 4972; x_wconf 79' lang='grc' dir='ltr'>ἑνδον</span> <span class='ocrx_word' id='word_1_431' title='bbox 1393 4915 1505 4990; x_wconf 79' lang='grc' dir='ltr'>εἶχε</span> <span class='ocrx_word' id='word_1_432' title='bbox 1535 4920 1636 4993; x_wconf 85' lang='grc' dir='ltr'>τὴν</span> <span class='ocrx_word' id='word_1_433' title='bbox 1662 4922 1862 4994; x_wconf 67' lang='grc' dir='ltr'>ψυχήν*</span> 
     </span>
    </p>
   </div>
   <div class='ocr_carea' id='block_1_57' title="bbox 285 4997 1867 5077">
    <p class='ocr_par' dir='ltr' id='par_1_57' title="bbox 285 4997 1867 5077">
     <span class='ocr_line' id='line_1_57' title="bbox 285 4997 1867 5077; baseline 0.005 -24"><span class='ocrx_word' id='word_1_434' title='bbox 285 4998 491 5071; x_wconf 80' lang='grc' dir='ltr'>μᾶλλον</span> <span class='ocrx_word' id='word_1_435' title='bbox 503 4997 581 5077; x_wconf 40' lang='grc' dir='ltr'>,δὲ</span> <span class='ocrx_word' id='word_1_436' title='bbox 627 4999 686 5051; x_wconf 83' lang='grc' dir='ltr'>οὐ</span> <span class='ocrx_word' id='word_1_437' title='bbox 716 4997 813 5070; x_wconf 80' lang='grc' dir='ltr'>τήν</span> <span class='ocrx_word' id='word_1_438' title='bbox 858 4998 1036 5072; x_wconf 81' lang='grc' dir='ltr'>ψυχὴν</span> <span class='ocrx_word' id='word_1_439' title='bbox 1078 5000 1259 5071; x_wconf 88' lang='grc' dir='ltr'>μόνον,</span> <span class='ocrx_word' id='word_1_440' title='bbox 1289 5001 1426 5056; x_wconf 86' lang='grc' dir='ltr'>ἀλλά</span> <span class='ocrx_word' id='word_1_441' title='bbox 1474 5005 1568 5058; x_wconf 90' lang='lat' dir='ltr'><strong><em>zeal</em></strong></span> <span class='ocrx_word' id='word_1_442' title='bbox 1614 5004 1675 5058; x_wconf 88' lang='lat'>16</span> <span class='ocrx_word' id='word_1_443' title='bbox 1705 5005 1867 5077; x_wconf 86' lang='grc' dir='ltr'>σῶμα</span> 
     </span>
    </p>
   </div>
   <div class='ocr_carea' id='block_1_58' title="bbox 281 5068 1863 5159">
    <p class='ocr_par' dir='ltr' id='par_1_58' title="bbox 281 5068 1863 5159">
     <span class='ocr_line' id='line_1_58' title="bbox 281 5068 1863 5159; baseline 0.004 -21"><span class='ocrx_word' id='word_1_444' title='bbox 281 5068 477 5138; x_wconf 76' lang='grc' dir='ltr'>αὐτοῦ’</span> <span class='ocrx_word' id='word_1_445' title='bbox 497 5068 666 5153; x_wconf 78' lang='grc' dir='ltr'>ἀρετὴ</span> <span class='ocrx_word' id='word_1_446' title='bbox 682 5068 791 5154; x_wconf 84' lang='grc' dir='ltr'>γάρ</span> <span class='ocrx_word' id='word_1_447' title='bbox 821 5068 1151 5154; x_wconf 70' lang='grc' dir='ltr'>σώματοςνού</span> <span class='ocrx_word' id='word_1_448' title='bbox 1177 5085 1517 5158; x_wconf 88' lang='grc' dir='ltr'>πολυσαρκία</span> <span class='ocrx_word' id='word_1_449' title='bbox 1538 5089 1631 5143; x_wconf 87' lang='lat' dir='ltr'><strong><em>zeal</em></strong></span> <span class='ocrx_word' id='word_1_450' title='bbox 1660 5068 1863 5159; x_wconf 78' lang='grc' dir='ltr'>εὐεξία,</span> 
     </span>
    </p>
   </div>
   <div class='ocr_carea' id='block_1_59' title="bbox 278 5163 1865 5241">
    <p class='ocr_par' dir='ltr' id='par_1_59' title="bbox 278 5163 1865 5241">
     <span class='ocr_line' id='line_1_59' title="bbox 278 5163 1865 5241; baseline 0.006 -22"><span class='ocrx_word' id='word_1_451' title='bbox 278 5163 426 5219; x_wconf 82' lang='grc' dir='ltr'>ἀλλά</span> <span class='ocrx_word' id='word_1_452' title='bbox 454 5163 720 5228; x_wconf 87' lang='grc' dir='ltr'>τοσαύτας</span> <span class='ocrx_word' id='word_1_453' title='bbox 777 5166 893 5219; x_wconf 91' lang='lat' dir='ltr'><strong><em>zeal‘</em></strong></span> <span class='ocrx_word' id='word_1_454' title='bbox 924 5166 1178 5232; x_wconf 87' lang='grc' dir='ltr'>τοιαύτας</span> <span class='ocrx_word' id='word_1_455' title='bbox 1206 5169 1395 5241; x_wconf 88' lang='grc' dir='ltr'>φέρειν</span> <span class='ocrx_word' id='word_1_456' title='bbox 1450 5170 1735 5241; x_wconf 80' lang='grc' dir='ltr'>βασάνους.</span> <span class='ocrx_word' id='word_1_457' title='bbox 1788 5176 1865 5229; x_wconf 88' lang='grc' dir='ltr'>υύ</span> 
     </span>
    </p>
   </div>
   <div class='ocr_carea' id='block_1_60' title="bbox 278 5246 1863 5329">
    <p class='ocr_par' dir='ltr' id='par_1_60' title="bbox 278 5246 1863 5329">
     <span class='ocr_line' id='line_1_60' title="bbox 278 5246 1863 5329; baseline 0.006 -26"><span class='ocrx_word' id='word_1_458' title='bbox 278 5250 418 5319; x_wconf 73' lang='grc' dir='ltr'>γὰρ,</span> <span class='ocrx_word' id='word_1_459' title='bbox 437 5246 492 5299; x_wconf 74' lang='grc' dir='ltr'>εί</span> <span class='ocrx_word' id='word_1_460' title='bbox 515 5264 598 5311; x_wconf 87' lang='grc' dir='ltr'>τις</span> <span class='ocrx_word' id='word_1_461' title='bbox 620 5249 714 5301; x_wconf 72' lang='grc' dir='ltr'>ἐπὶ</span> <span class='ocrx_word' id='word_1_462' title='bbox 741 5247 837 5303; x_wconf 91' lang='grc' dir='ltr'>τοῦ</span> <span class='ocrx_word' id='word_1_463' title='bbox 866 5247 1118 5321; x_wconf 85' lang='grc' dir='ltr'>σώματος</span> <span class='ocrx_word' id='word_1_464' title='bbox 1157 5252 1450 5323; x_wconf 88' lang='grc' dir='ltr'>τραύματα</span> <span class='ocrx_word' id='word_1_465' title='bbox 1478 5254 1590 5326; x_wconf 85' lang='grc' dir='ltr'>ἑχοι</span> <span class='ocrx_word' id='word_1_466' title='bbox 1616 5257 1863 5329; x_wconf 86' lang='grc' dir='ltr'>τοιαῦτα,</span> 
     </span>
    </p>
   </div>
   <div class='ocr_carea' id='block_1_61' title="bbox 282 5330 1865 5414">
    <p class='ocr_par' dir='ltr' id='par_1_61' title="bbox 282 5330 1865 5414">
     <span class='ocr_line' id='line_1_61' title="bbox 282 5330 1865 5414; baseline 0.008 -31"><span class='ocrx_word' id='word_1_467' title='bbox 282 5332 578 5396; x_wconf 69' lang='grc' dir='ltr'>βδελυκτὸς</span> <span class='ocrx_word' id='word_1_468' title='bbox 608 5334 637 5385; x_wconf 90' lang='lat'>0</span> <span class='ocrx_word' id='word_1_469' title='bbox 665 5330 923 5414; x_wconf 82' lang='grc' dir='ltr'>τοιοῦτος’</span> <span class='ocrx_word' id='word_1_470' title='bbox 955 5332 1070 5385; x_wconf 83' lang='grc' dir='ltr'>ἀλλ’</span> <span class='ocrx_word' id='word_1_471' title='bbox 1103 5334 1159 5387; x_wconf 88' lang='grc' dir='ltr'>εῐ</span> <span class='ocrx_word' id='word_1_472' title='bbox 1187 5351 1272 5398; x_wconf 87' lang='grc' dir='ltr'>τις</span> <span class='ocrx_word' id='word_1_473' title='bbox 1293 5337 1386 5389; x_wconf 78' lang='grc' dir='ltr'>ἐπὶ</span> <span class='ocrx_word' id='word_1_474' title='bbox 1406 5338 1505 5407; x_wconf 82' lang='grc' dir='ltr'>τῆς</span> <span class='ocrx_word' id='word_1_475' title='bbox 1525 5338 1703 5410; x_wconf 82' lang='grc' dir='ltr'>ψυχῆς</span> <span class='ocrx_word' id='word_1_476' title='bbox 1731 5342 1865 5414; x_wconf 76' lang='grc' dir='ltr'>ἕλκη</span> 
     </span>
    </p>
   </div>
   <div class='ocr_carea' id='block_1_62' title="bbox 285 5413 1867 5489">
    <p class='ocr_par' dir='ltr' id='par_1_62' title="bbox 285 5413 1867 5489">
     <span class='ocr_line' id='line_1_62' title="bbox 285 5413 1867 5489; baseline 0.004 -21"><span class='ocrx_word' id='word_1_477' title='bbox 285 5414 462 5489; x_wconf 56' lang='grc' dir='ltr'>μυρία</span> <span class='ocrx_word' id='word_1_478' title='bbox 491 5413 651 5484; x_wconf 79' lang='grc' dir='ltr'>ἔχων,</span> <span class='ocrx_word' id='word_1_479' title='bbox 681 5413 948 5484; x_wconf 84' lang='grc' dir='ltr'>μηδεμίαν</span> <span class='ocrx_word' id='word_1_480' title='bbox 967 5415 1146 5468; x_wconf 75' lang='grc' dir='ltr'>αὐτῶν</span> <span class='ocrx_word' id='word_1_481' title='bbox 1160 5417 1477 5488; x_wconf 83' lang='grc' dir='ltr'>ἐπιμέλειαν</span> <span class='ocrx_word' id='word_1_482' title='bbox 1498 5426 1725 5475; x_wconf 84' lang='grc' dir='ltr'>ποιοῖτο·</span> <span class='ocrx_word' id='word_1_483' title='bbox 1754 5413 1867 5489; x_wconf 76' lang='grc' dir='ltr'>οἷος</span> 
     </span>
    </p>
   </div>
   <div class='ocr_carea' id='block_1_63' title="bbox 280 5486 1898 5573">
    <p class='ocr_par' dir='ltr' id='par_1_63' title="bbox 280 5486 1898 5573">
     <span class='ocr_line' id='line_1_63' title="bbox 280 5486 1898 5573; baseline 0.007 -22"><span class='ocrx_word' id='word_1_484' title='bbox 280 5486 356 5562; x_wconf 73' lang='grc' dir='ltr'>ἧν</span> <span class='ocrx_word' id='word_1_485' title='bbox 394 5501 603 5560; x_wconf 85' lang='grc' dir='ltr'>ἐκεῖνος</span> <span class='ocrx_word' id='word_1_486' title='bbox 629 5499 658 5550; x_wconf 87' lang='lat'>0</span> <span class='ocrx_word' id='word_1_487' title='bbox 676 5496 951 5564; x_wconf 88' lang='grc' dir='ltr'>πλούσιος,</span> <span class='ocrx_word' id='word_1_488' title='bbox 983 5496 1196 5554; x_wconf 75' lang='grc' dir='ltr'>ἔνδοθεν</span> <span class='ocrx_word' id='word_1_489' title='bbox 1222 5486 1536 5573; x_wconf 69' lang='grc' dir='ltr'>ήλκωμέένος</span> <span class='ocrx_word' id='word_1_490' title='bbox 1564 5504 1728 5571; x_wconf 84' lang='grc' dir='ltr'>ἀπας,</span> <span class='ocrx_word' id='word_1_491' title='bbox 1756 5486 1868 5561; x_wconf 81' lang='lat' dir='ltr'><strong><em>Kal</em></strong></span> <span class='ocrx_word' id='word_1_492' title='bbox 1892 5518 1898 5523; x_wconf 84' lang='lat'><em>‘</em></span> 
     </span>
    </p>
   </div>
   <div class='ocr_carea' id='block_1_64' title="bbox 365 5724 1561 5787">
    <p class='ocr_par' dir='ltr' id='par_1_64' title="bbox 365 5724 1561 5787">
     <span class='ocr_line' id='line_1_64' title="bbox 365 5724 1561 5787; baseline 0.018 -24"><span class='ocrx_word' id='word_1_493' title='bbox 365 5744 382 5763; x_wconf 86' lang='lat'>.</span> <span class='ocrx_word' id='word_1_494' title='bbox 403 5731 496 5780; x_wconf 58' lang='grc' dir='ltr'>τὸν</span> <span class='ocrx_word' id='word_1_495' title='bbox 515 5724 765 5787; x_wconf 69' lang='grc' dir='ltr'>βασιλικὸν</span> <span class='ocrx_word' id='word_1_496' title='bbox 784 5726 927 5775; x_wconf 73' lang='lat' dir='ltr'>deest</span> <span class='ocrx_word' id='word_1_497' title='bbox 944 5728 994 5776; x_wconf 86' lang='lat' dir='ltr'><strong>in</strong></span> <span class='ocrx_word' id='word_1_498' title='bbox 1019 5728 1167 5778; x_wconf 75' lang='lat' dir='ltr'>Savil.</span> <span class='ocrx_word' id='word_1_499' title='bbox 1194 5736 1245 5780; x_wconf 77' lang='lat' dir='ltr'>et</span> <span class='ocrx_word' id='word_1_500' title='bbox 1268 5731 1426 5782; x_wconf 79' lang='lat' dir='ltr'><strong>tribus</strong></span> <span class='ocrx_word' id='word_1_501' title='bbox 1447 5747 1561 5784; x_wconf 86' lang='lat' dir='ltr'>mss.</span> 
     </span>
    </p>
   </div>
   <div class='ocr_carea' id='block_1_65' title="bbox 592 5835 1352 5898">
    <p class='ocr_par' dir='ltr' id='par_1_65' title="bbox 592 5835 1352 5898">
     <span class='ocr_line' id='line_1_65' title="bbox 592 5835 1352 5898; baseline 0.005 -4"><span class='ocrx_word' id='word_1_502' title='bbox 592 5835 862 5896; x_wconf 74' lang='lat' dir='ltr'>PATROL.</span> <span class='ocrx_word' id='word_1_503' title='bbox 908 5836 1026 5898; x_wconf 75' lang='lat' dir='ltr'>GR.</span> <span class='ocrx_word' id='word_1_504' title='bbox 1073 5836 1352 5898; x_wconf 68' lang='lat' dir='ltr'>XLVIII.</span> 
     </span>
    </p>
   </div>
   <div class='ocr_carea' id='block_1_66' title="bbox 1490 285 2267 375">
    <p class='ocr_par' dir='ltr' id='par_1_66' title="bbox 1490 285 2267 375">
     <span class='ocr_line' id='line_1_66' title="bbox 1490 285 2267 375; baseline 0.008 -23"><span class='ocrx_word' id='word_1_505' title='bbox 1490 298 1578 353; x_wconf 87' lang='lat' dir='ltr'><strong>DE</strong></span> <span class='ocrx_word' id='word_1_506' title='bbox 1616 285 1896 358; x_wconf 70' lang='lat' dir='ltr'>LAzARO</span> <span class='ocrx_word' id='word_1_507' title='bbox 1935 304 2187 375; x_wconf 71' lang='lat' dir='ltr'>CONCIO</span> <span class='ocrx_word' id='word_1_508' title='bbox 2222 304 2267 358; x_wconf 85' lang='grc' dir='ltr'>ῐ.</span> 
     </span>
    </p>
   </div>
   <div class='ocr_carea' id='block_1_67' title="bbox 3416 299 3520 353">
    <p class='ocr_par' dir='ltr' id='par_1_67' title="bbox 3416 299 3520 353">
     <span class='ocr_line' id='line_1_67' title="bbox 3416 299 3520 353; baseline -0.019 -1"><span class='ocrx_word' id='word_1_509' title='bbox 3416 299 3520 353; x_wconf 69' lang='lat'>930</span> 
     </span>
    </p>
   </div>
   <div class='ocr_carea' id='block_1_68' title="bbox 1948 413 3518 486">
    <p class='ocr_par' dir='ltr' id='par_1_68' title="bbox 1948 413 3518 486">
     <span class='ocr_line' id='line_1_68' title="bbox 1948 413 3518 486; baseline -0.001 -16"><span class='ocrx_word' id='word_1_510' title='bbox 1948 415 2200 486; x_wconf 89' lang='grc' dir='ltr'>καθάπερ</span> <span class='ocrx_word' id='word_1_511' title='bbox 2229 416 2278 468; x_wconf 85' lang='grc' dir='ltr'>οί</span> <span class='ocrx_word' id='word_1_512' title='bbox 2318 414 2476 477; x_wconf 88' lang='grc' dir='ltr'>κύνες</span> <span class='ocrx_word' id='word_1_513' title='bbox 2507 413 2699 468; x_wconf 90' lang='grc' dir='ltr'>τούτου</span> <span class='ocrx_word' id='word_1_514' title='bbox 2735 413 3069 484; x_wconf 82' lang='grc' dir='ltr'>περιέλειχον</span> <span class='ocrx_word' id='word_1_515' title='bbox 3108 419 3176 473; x_wconf 77' lang='grc' dir='ltr'>τὰ</span> <span class='ocrx_word' id='word_1_516' title='bbox 3212 414 3518 486; x_wconf 66' lang='grc' dir='ltr'>τραύματα,</span> 
     </span>
    </p>
   </div>
   <div class='ocr_carea' id='block_1_69' title="bbox 1946 506 3523 580">
    <p class='ocr_par' dir='ltr' id='par_1_69' title="bbox 1946 506 3523 580">
     <span class='ocr_line' id='line_1_69' title="bbox 1946 506 3523 580; baseline -0.001 -20"><span class='ocrx_word' id='word_1_517' title='bbox 1946 506 2120 571; x_wconf 73' lang='grc' dir='ltr'>οὕτως</span> <span class='ocrx_word' id='word_1_518' title='bbox 2155 507 2363 561; x_wconf 86' lang='grc' dir='ltr'>ἐκείνου</span> <span class='ocrx_word' id='word_1_519' title='bbox 2392 506 2644 577; x_wconf 90' lang='grc' dir='ltr'>δαίμονες</span> <span class='ocrx_word' id='word_1_520' title='bbox 2657 506 2726 560; x_wconf 86' lang='grc' dir='ltr'>τὰ</span> <span class='ocrx_word' id='word_1_521' title='bbox 2749 509 3140 579; x_wconf 84' lang='grc' dir='ltr'>ἁμαρτήματα·</span> <span class='ocrx_word' id='word_1_522' title='bbox 3165 508 3259 559; x_wconf 91' lang='lat' dir='ltr'><strong><em>zeal</em></strong></span> <span class='ocrx_word' id='word_1_523' title='bbox 3275 507 3523 580; x_wconf 82' lang='grc' dir='ltr'>καθάπερ</span> 
     </span>
    </p>
   </div>
   <div class='ocr_carea' id='block_1_70' title="bbox 1949 594 3523 671">
    <p class='ocr_par' dir='ltr' id='par_1_70' title="bbox 1949 594 3523 671">
     <span class='ocr_line' id='line_1_70' title="bbox 1949 594 3523 671; baseline -0.001 -17"><span class='ocrx_word' id='word_1_524' title='bbox 1949 594 2100 664; x_wconf 75' lang='grc' dir='ltr'>οὗτος</span> <span class='ocrx_word' id='word_1_525' title='bbox 2118 600 2176 653; x_wconf 83' lang='grc' dir='ltr'>ἐν</span> <span class='ocrx_word' id='word_1_526' title='bbox 2192 599 2338 671; x_wconf 84' lang='grc' dir='ltr'>λιμῷ</span> <span class='ocrx_word' id='word_1_527' title='bbox 2367 601 2595 670; x_wconf 79' lang='grc' dir='ltr'>τροφῆς,</span> <span class='ocrx_word' id='word_1_528' title='bbox 2626 599 2798 664; x_wconf 78' lang='grc' dir='ltr'>οὕτως</span> <span class='ocrx_word' id='word_1_529' title='bbox 2828 603 3034 665; x_wconf 87' lang='grc' dir='ltr'>ἐκεῖνος</span> <span class='ocrx_word' id='word_1_530' title='bbox 3073 603 3130 655; x_wconf 89' lang='grc' dir='ltr'>ἐν</span> <span class='ocrx_word' id='word_1_531' title='bbox 3169 599 3312 671; x_wconf 85' lang='grc' dir='ltr'>λιμῷ</span> <span class='ocrx_word' id='word_1_532' title='bbox 3348 602 3523 670; x_wconf 79' lang='grc' dir='ltr'>πάσης</span> 
     </span>
    </p>
   </div>
   <div class='ocr_carea' id='block_1_71' title="bbox 1951 691 2296 766">
    <p class='ocr_par' dir='ltr' id='par_1_71' title="bbox 1951 691 2296 766">
     <span class='ocr_line' id='line_1_71' title="bbox 1951 691 2296 766; baseline 0 -19"><span class='ocrx_word' id='word_1_533' title='bbox 1951 693 2152 766; x_wconf 89' lang='grc' dir='ltr'>ἀρετῆς</span> <span class='ocrx_word' id='word_1_534' title='bbox 2180 691 2296 764; x_wconf 73' lang='grc' dir='ltr'>ἔζη.</span> 
     </span>
    </p>
   </div>
   <div class='ocr_carea' id='block_1_72' title="bbox 2015 809 3530 885">
    <p class='ocr_par' dir='ltr' id='par_1_72' title="bbox 2015 809 3530 885">
     <span class='ocr_line' id='line_1_72' title="bbox 2015 809 3530 885; baseline -0.005 -14"><span class='ocrx_word' id='word_1_535' title='bbox 2015 815 2109 872; x_wconf 79' lang='grc' dir='ltr'>ιϐ’.</span> <span class='ocrx_word' id='word_1_536' title='bbox 2124 814 2290 869; x_wconf 86' lang='grc' dir='ltr'>Ταῦτ’</span> <span class='ocrx_word' id='word_1_537' title='bbox 2315 809 2411 870; x_wconf 85' lang='grc' dir='ltr'>οὖν</span> <span class='ocrx_word' id='word_1_538' title='bbox 2437 814 2635 877; x_wconf 74' lang='grc' dir='ltr'>εἰδότες</span> <span class='ocrx_word' id='word_1_539' title='bbox 2665 813 2880 868; x_wconf 70' lang='grc' dir='ltr'>ἅπαντα</span> <span class='ocrx_word' id='word_1_540' title='bbox 2907 812 3304 883; x_wconf 81' lang='grc' dir='ltr'>φιλοσοφῶμεν,</span> <span class='ocrx_word' id='word_1_541' title='bbox 3334 812 3425 865; x_wconf 89' lang='lat' dir='ltr'><strong><em>zeal</em></strong></span> <span class='ocrx_word' id='word_1_542' title='bbox 3449 816 3530 885; x_wconf 81' lang='grc' dir='ltr'>μὴ</span> 
     </span>
    </p>
   </div>
   <div class='ocr_carea' id='block_1_73' title="bbox 1946 906 3533 982">
    <p class='ocr_par' dir='ltr' id='par_1_73' title="bbox 1946 906 3533 982">
     <span class='ocr_line' id='line_1_73' title="bbox 1946 906 3533 982; baseline -0.004 -17"><span class='ocrx_word' id='word_1_543' title='bbox 1946 910 2218 982; x_wconf 82' lang='grc' dir='ltr'>λέγωμεν,</span> <span class='ocrx_word' id='word_1_544' title='bbox 2242 910 2326 963; x_wconf 83' lang='grc' dir='ltr'>ὅτι</span> <span class='ocrx_word' id='word_1_545' title='bbox 2352 912 2401 963; x_wconf 78' lang='grc' dir='ltr'>εἰ</span> <span class='ocrx_word' id='word_1_546' title='bbox 2426 909 2518 963; x_wconf 92' lang='grc' dir='ltr'>τὸν</span> <span class='ocrx_word' id='word_1_547' title='bbox 2542 908 2689 962; x_wconf 88' lang='grc' dir='ltr'>δεῖνα</span> <span class='ocrx_word' id='word_1_548' title='bbox 2717 908 2890 977; x_wconf 85' lang='grc' dir='ltr'>ἐφίλει</span> <span class='ocrx_word' id='word_1_549' title='bbox 2918 907 3114 970; x_wconf 86' lang='grc' dir='ltr'>ὁΘεὸς,</span> <span class='ocrx_word' id='word_1_550' title='bbox 3139 907 3238 961; x_wconf 86' lang='grc' dir='ltr'>οὐκ</span> <span class='ocrx_word' id='word_1_551' title='bbox 3272 907 3338 961; x_wconf 84' lang='grc' dir='ltr'>ἂν</span> <span class='ocrx_word' id='word_1_552' title='bbox 3364 906 3533 961; x_wconf 82' lang='grc' dir='ltr'>αὐτὸν</span> 
     </span>
    </p>
   </div>
   <div class='ocr_carea' id='block_1_74' title="bbox 1952 995 3525 1075">
    <p class='ocr_par' dir='ltr' id='par_1_74' title="bbox 1952 995 3525 1075">
     <span class='ocr_line' id='line_1_74' title="bbox 1952 995 3525 1075; baseline -0.004 -17"><span class='ocrx_word' id='word_1_553' title='bbox 1952 1005 2130 1075; x_wconf 83' lang='grc' dir='ltr'>ἀφῆκε</span> <span class='ocrx_word' id='word_1_554' title='bbox 2147 1000 2403 1071; x_wconf 84' lang='grc' dir='ltr'>γενέσθαι</span> <span class='ocrx_word' id='word_1_555' title='bbox 2422 1000 2648 1071; x_wconf 85' lang='grc' dir='ltr'>πένητα.</span> <span class='ocrx_word' id='word_1_556' title='bbox 2682 999 2822 1054; x_wconf 82' lang='grc' dir='ltr'>Αὐτὸ</span> <span class='ocrx_word' id='word_1_557' title='bbox 2852 1000 2951 1071; x_wconf 81' lang='grc' dir='ltr'>μὲν</span> <span class='ocrx_word' id='word_1_558' title='bbox 2977 995 3069 1053; x_wconf 77' lang='grc' dir='ltr'>οὖν</span> <span class='ocrx_word' id='word_1_559' title='bbox 3091 999 3248 1053; x_wconf 89' lang='grc' dir='ltr'>τοῦτο</span> <span class='ocrx_word' id='word_1_560' title='bbox 3274 999 3525 1070; x_wconf 81' lang='grc' dir='ltr'>μέγιστον</span> 
     </span>
    </p>
   </div>
   <div class='ocr_carea' id='block_1_75' title="bbox 1954 1087 3533 1167">
    <p class='ocr_par' dir='ltr' id='par_1_75' title="bbox 1954 1087 3533 1167">
     <span class='ocr_line' id='line_1_75' title="bbox 1954 1087 3533 1167; baseline -0.001 -24"><span class='ocrx_word' id='word_1_561' title='bbox 1954 1089 2173 1160; x_wconf 90' lang='grc' dir='ltr'>ἀγάπης</span> <span class='ocrx_word' id='word_1_562' title='bbox 2206 1087 2505 1160; x_wconf 88' lang='grc' dir='ltr'>τεκμήριόν</span> <span class='ocrx_word' id='word_1_563' title='bbox 2544 1090 2712 1141; x_wconf 89' lang='grc' dir='ltr'>ἐστιν·</span> <span class='ocrx_word' id='word_1_564' title='bbox 2756 1089 2865 1141; x_wconf 82' lang='grc' dir='ltr'>Ὃν</span> <span class='ocrx_word' id='word_1_565' title='bbox 2894 1088 3006 1158; x_wconf 79' lang='grc' dir='ltr'>γὰρ</span> <span class='ocrx_word' id='word_1_566' title='bbox 3042 1087 3245 1161; x_wconf 76' lang='grc' dir='ltr'>ἀγαπᾷ</span> <span class='ocrx_word' id='word_1_567' title='bbox 3294 1090 3533 1167; x_wconf 54' lang='grc' dir='ltr'>Κύριος,</span> 
     </span>
    </p>
   </div>
   <div class='ocr_carea' id='block_1_76' title="bbox 1952 1180 3530 1253">
    <p class='ocr_par' dir='ltr' id='par_1_76' title="bbox 1952 1180 3530 1253">
     <span class='ocr_line' id='line_1_76' title="bbox 1952 1180 3530 1253; baseline 0.001 -17"><span class='ocrx_word' id='word_1_568' title='bbox 1952 1181 2239 1237; x_wconf 69' lang='grc' dir='ltr'>παιδεύευ</span> <span class='ocrx_word' id='word_1_569' title='bbox 2269 1180 2556 1251; x_wconf 79' lang='grc' dir='ltr'>μαστιγοῖ</span> <span class='ocrx_word' id='word_1_570' title='bbox 2595 1180 2664 1235; x_wconf 78' lang='grc' dir='ltr'>δὲ</span> <span class='ocrx_word' id='word_1_571' title='bbox 2692 1180 2893 1236; x_wconf 80' lang='grc' dir='ltr'>πάντα</span> <span class='ocrx_word' id='word_1_572' title='bbox 2921 1183 3074 1247; x_wconf 76' lang='grc' dir='ltr'>υἱόν,</span> <span class='ocrx_word' id='word_1_573' title='bbox 3108 1183 3179 1237; x_wconf 83' lang='grc' dir='ltr'>ὃν</span> <span class='ocrx_word' id='word_1_574' title='bbox 3202 1183 3530 1253; x_wconf 83' lang='grc' dir='ltr'>παραδέχε-</span> 
     </span>
    </p>
   </div>
   <div class='ocr_carea' id='block_1_77' title="bbox 1956 1273 3530 1346">
    <p class='ocr_par' dir='ltr' id='par_1_77' title="bbox 1956 1273 3530 1346">
     <span class='ocr_line' id='line_1_77' title="bbox 1956 1273 3530 1346; baseline 0 -17"><span class='ocrx_word' id='word_1_575' title='bbox 1956 1292 2067 1329; x_wconf 81' lang='grc' dir='ltr'>ται.</span> <span class='ocrx_word' id='word_1_576' title='bbox 2107 1273 2255 1346; x_wconf 68' lang='grc'>[725]</span> <span class='ocrx_word' id='word_1_577' title='bbox 2288 1273 2399 1328; x_wconf 84' lang='lat' dir='ltr'><strong><em>Kal</em></strong></span> <span class='ocrx_word' id='word_1_578' title='bbox 2428 1273 2608 1341; x_wconf 83' lang='grc' dir='ltr'>πάλιν,</span> <span class='ocrx_word' id='word_1_579' title='bbox 2645 1273 2885 1337; x_wconf 77' lang='grc' dir='ltr'>Τέκνον,</span> <span class='ocrx_word' id='word_1_580' title='bbox 2911 1274 3019 1329; x_wconf 84' lang='grc' dir='ltr'>ἐὰν</span> <span class='ocrx_word' id='word_1_581' title='bbox 3046 1276 3351 1345; x_wconf 79' lang='grc' dir='ltr'>προσέρχῃ</span> <span class='ocrx_word' id='word_1_582' title='bbox 3390 1276 3530 1329; x_wconf 85' lang='grc' dir='ltr'>δου-</span> 
     </span>
    </p>
   </div>
   <div class='ocr_carea' id='block_1_78' title="bbox 1955 1367 3532 1437">
    <p class='ocr_par' dir='ltr' id='par_1_78' title="bbox 1955 1367 3532 1437">
     <span class='ocr_line' id='line_1_78' title="bbox 1955 1367 3532 1437; baseline 0.001 -16"><span class='ocrx_word' id='word_1_583' title='bbox 1955 1369 2160 1421; x_wconf 78' lang='grc' dir='ltr'>λεύειν</span> <span class='ocrx_word' id='word_1_584' title='bbox 2193 1369 2408 1436; x_wconf 83' lang='grc' dir='ltr'>Κυρίῳ,</span> <span class='ocrx_word' id='word_1_585' title='bbox 2431 1368 2756 1437; x_wconf 82' lang='grc' dir='ltr'>ἐτοίμασον</span> <span class='ocrx_word' id='word_1_586' title='bbox 2782 1367 2898 1436; x_wconf 82' lang='grc' dir='ltr'>τὴν</span> <span class='ocrx_word' id='word_1_587' title='bbox 2920 1367 3130 1436; x_wconf 69' lang='grc' dir='ltr'>ψυχήν</span> <span class='ocrx_word' id='word_1_588' title='bbox 3151 1385 3267 1421; x_wconf 89' lang='grc' dir='ltr'>σου</span> <span class='ocrx_word' id='word_1_589' title='bbox 3291 1371 3380 1434; x_wconf 80' lang='grc' dir='ltr'>είς</span> <span class='ocrx_word' id='word_1_590' title='bbox 3416 1384 3532 1422; x_wconf 72' lang='grc' dir='ltr'>πειο</span> 
     </span>
    </p>
   </div>
   <div class='ocr_carea' id='block_1_79' title="bbox 1950 1460 3534 1531">
    <p class='ocr_par' dir='ltr' id='par_1_79' title="bbox 1950 1460 3534 1531">
     <span class='ocr_line' id='line_1_79' title="bbox 1950 1460 3534 1531; baseline 0 -17"><span class='ocrx_word' id='word_1_591' title='bbox 1950 1461 2211 1531; x_wconf 84' lang='grc' dir='ltr'>ρασμὸν,</span> <span class='ocrx_word' id='word_1_592' title='bbox 2240 1460 2503 1516; x_wconf 75' lang='grc' dir='ltr'>εὔθυνον</span> <span class='ocrx_word' id='word_1_593' title='bbox 2525 1460 2641 1528; x_wconf 80' lang='grc' dir='ltr'>τὴν</span> <span class='ocrx_word' id='word_1_594' title='bbox 2667 1460 2923 1530; x_wconf 75' lang='grc' dir='ltr'>καρδίαν</span> <span class='ocrx_word' id='word_1_595' title='bbox 2943 1476 3083 1524; x_wconf 89' lang='grc' dir='ltr'>σου,</span> <span class='ocrx_word' id='word_1_596' title='bbox 3121 1461 3219 1514; x_wconf 73' lang='grc' dir='ltr'>καὶ</span> <span class='ocrx_word' id='word_1_597' title='bbox 3248 1461 3534 1529; x_wconf 76' lang='grc' dir='ltr'>καρτέρη-</span> 
     </span>
    </p>
   </div>
   <div class='ocr_carea' id='block_1_80' title="bbox 1957 1548 3536 1625">
    <p class='ocr_par' dir='ltr' id='par_1_80' title="bbox 1957 1548 3536 1625">
     <span class='ocr_line' id='line_1_80' title="bbox 1957 1548 3536 1625; baseline 0 -19"><span class='ocrx_word' id='word_1_598' title='bbox 1957 1567 2096 1608; x_wconf 83' lang='grc' dir='ltr'>σον.</span> <span class='ocrx_word' id='word_1_599' title='bbox 2137 1552 2488 1625; x_wconf 81' lang='grc' dir='ltr'>Ἐκὸάλωμεν</span> <span class='ocrx_word' id='word_1_600' title='bbox 2512 1548 2626 1619; x_wconf 83' lang='grc' dir='ltr'>οῦν,</span> <span class='ocrx_word' id='word_1_601' title='bbox 2658 1552 2955 1624; x_wconf 76' lang='grc' dir='ltr'>ἀγαπητοὶ,</span> <span class='ocrx_word' id='word_1_602' title='bbox 2982 1552 3082 1617; x_wconf 87' lang='grc' dir='ltr'>τάς</span> <span class='ocrx_word' id='word_1_603' title='bbox 3109 1553 3372 1625; x_wconf 84' lang='grc' dir='ltr'>περιττὰς</span> <span class='ocrx_word' id='word_1_604' title='bbox 3411 1552 3536 1607; x_wconf 85' lang='grc' dir='ltr'>ταύ-</span> 
     </span>
    </p>
   </div>
   <div class='ocr_carea' id='block_1_81' title="bbox 1957 1644 3534 1718">
    <p class='ocr_par' dir='ltr' id='par_1_81' title="bbox 1957 1644 3534 1718">
     <span class='ocr_line' id='line_1_81' title="bbox 1957 1644 3534 1718; baseline -0.014 -7"><span class='ocrx_word' id='word_1_605' title='bbox 1957 1662 2057 1710; x_wconf 84' lang='grc' dir='ltr'>τας</span> <span class='ocrx_word' id='word_1_606' title='bbox 2079 1645 2377 1718; x_wconf 78' lang='grc' dir='ltr'>προλήψεις</span> <span class='ocrx_word' id='word_1_607' title='bbox 2399 1647 2493 1716; x_wconf 76' lang='grc' dir='ltr'>ἀφ’</span> <span class='ocrx_word' id='word_1_608' title='bbox 2509 1645 2741 1710; x_wconf 79' lang='grc' dir='ltr'>ἑαυτῶν,</span> <span class='ocrx_word' id='word_1_609' title='bbox 2765 1646 2861 1699; x_wconf 90' lang='lat' dir='ltr'><strong><em>zeal</em></strong></span> <span class='ocrx_word' id='word_1_610' title='bbox 2882 1645 2951 1698; x_wconf 85' lang='grc' dir='ltr'>τά</span> <span class='ocrx_word' id='word_1_611' title='bbox 2989 1644 3212 1717; x_wconf 86' lang='grc' dir='ltr'>δημώδη</span> <span class='ocrx_word' id='word_1_612' title='bbox 3241 1645 3412 1699; x_wconf 85' lang='grc' dir='ltr'>ταῦτα</span> <span class='ocrx_word' id='word_1_613' title='bbox 3440 1648 3534 1716; x_wconf 68' lang='grc' dir='ltr'>ῥή-</span> 
     </span>
    </p>
   </div>
   <div class='ocr_carea' id='block_1_82' title="bbox 1963 1736 3535 1809">
    <p class='ocr_par' dir='ltr' id='par_1_82' title="bbox 1963 1736 3535 1809">
     <span class='ocr_line' id='line_1_82' title="bbox 1963 1736 3535 1809; baseline 0.001 -21"><span class='ocrx_word' id='word_1_614' title='bbox 1963 1752 2128 1806; x_wconf 88' lang='grc' dir='ltr'>ματα.</span> <span class='ocrx_word' id='word_1_615' title='bbox 2166 1738 2502 1806; x_wconf 81' lang='grc' dir='ltr'>Δισχρότης</span> <span class='ocrx_word' id='word_1_616' title='bbox 2535 1739 2666 1809; x_wconf 86' lang='grc' dir='ltr'>γὰρ,</span> <span class='ocrx_word' id='word_1_617' title='bbox 2697 1736 2852 1809; x_wconf 75' lang='grc' dir='ltr'>φησὶ,</span> <span class='ocrx_word' id='word_1_618' title='bbox 2890 1737 2990 1791; x_wconf 80' lang='grc' dir='ltr'>καί</span> <span class='ocrx_word' id='word_1_619' title='bbox 3025 1738 3384 1807; x_wconf 76' lang='grc' dir='ltr'>μωρολογία,</span> <span class='ocrx_word' id='word_1_620' title='bbox 3436 1736 3535 1790; x_wconf 77' lang='grc' dir='ltr'>καί</span> 
     </span>
    </p>
   </div>
   <div class='ocr_carea' id='block_1_83' title="bbox 1959 1826 3536 1898">
    <p class='ocr_par' dir='ltr' id='par_1_83' title="bbox 1959 1826 3536 1898">
     <span class='ocr_line' id='line_1_83' title="bbox 1959 1826 3536 1898; baseline -0.001 -18"><span class='ocrx_word' id='word_1_621' title='bbox 1959 1826 2325 1895; x_wconf 72' lang='grc' dir='ltr'>εὐτραπελία</span> <span class='ocrx_word' id='word_1_622' title='bbox 2359 1826 2447 1897; x_wconf 83' lang='grc' dir='ltr'>μὴ</span> <span class='ocrx_word' id='word_1_623' title='bbox 2499 1826 2918 1896; x_wconf 79' lang='grc' dir='ltr'>ἐκπορευέσθω</span> <span class='ocrx_word' id='word_1_624' title='bbox 2970 1828 3040 1882; x_wconf 79' lang='grc' dir='ltr'>ἐκ</span> <span class='ocrx_word' id='word_1_625' title='bbox 3082 1827 3191 1883; x_wconf 82' lang='grc' dir='ltr'>τοῦ</span> <span class='ocrx_word' id='word_1_626' title='bbox 3239 1829 3536 1898; x_wconf 81' lang='grc' dir='ltr'>στόματος</span> 
     </span>
    </p>
   </div>
   <div class='ocr_carea' id='block_1_84' title="bbox 1958 1911 3536 1989">
    <p class='ocr_par' dir='ltr' id='par_1_84' title="bbox 1958 1911 3536 1989">
     <span class='ocr_line' id='line_1_84' title="bbox 1958 1911 3536 1989; baseline -0.001 -19"><span class='ocrx_word' id='word_1_627' title='bbox 1958 1913 2145 1984; x_wconf 82' lang='grc' dir='ltr'>ὑμῶν.</span> <span class='ocrx_word' id='word_1_628' title='bbox 2175 1916 2328 1988; x_wconf 87' lang='grc' dir='ltr'>Μήτε</span> <span class='ocrx_word' id='word_1_629' title='bbox 2356 1911 2449 1971; x_wconf 81' lang='grc' dir='ltr'>οὖν</span> <span class='ocrx_word' id='word_1_630' title='bbox 2473 1917 2632 1971; x_wconf 77' lang='grc' dir='ltr'>αὐτοὶ</span> <span class='ocrx_word' id='word_1_631' title='bbox 2652 1917 2827 1970; x_wconf 90' lang='grc' dir='ltr'>ταῦτα</span> <span class='ocrx_word' id='word_1_632' title='bbox 2845 1916 3115 1989; x_wconf 82' lang='grc' dir='ltr'>λέγωμεν,</span> <span class='ocrx_word' id='word_1_633' title='bbox 3137 1917 3274 1971; x_wconf 89' lang='grc' dir='ltr'>ἀλλά</span> <span class='ocrx_word' id='word_1_634' title='bbox 3301 1917 3405 1971; x_wconf 79' lang='grc' dir='ltr'>κᾶν</span> <span class='ocrx_word' id='word_1_635' title='bbox 3425 1919 3536 1970; x_wconf 83' lang='grc' dir='ltr'>ἑτέ-</span> 
     </span>
    </p>
   </div>
   <div class='ocr_carea' id='block_1_85' title="bbox 1962 2008 3536 2080">
    <p class='ocr_par' dir='ltr' id='par_1_85' title="bbox 1962 2008 3536 2080">
     <span class='ocr_line' id='line_1_85' title="bbox 1962 2008 3536 2080; baseline -0.001 -18"><span class='ocrx_word' id='word_1_636' title='bbox 1962 2027 2088 2080; x_wconf 89' lang='grc' dir='ltr'>ρους</span> <span class='ocrx_word' id='word_1_637' title='bbox 2119 2008 2319 2079; x_wconf 82' lang='grc' dir='ltr'>ἵδωμεν</span> <span class='ocrx_word' id='word_1_638' title='bbox 2350 2009 2526 2063; x_wconf 87' lang='grc' dir='ltr'>ταῦτα</span> <span class='ocrx_word' id='word_1_639' title='bbox 2547 2008 2827 2077; x_wconf 90' lang='grc' dir='ltr'>λέγοντας,</span> <span class='ocrx_word' id='word_1_640' title='bbox 2854 2009 3318 2080; x_wconf 84' lang='grc' dir='ltr'>ἐπιστομίσωμεν,</span> <span class='ocrx_word' id='word_1_641' title='bbox 3346 2008 3536 2072; x_wconf 77' lang='grc' dir='ltr'>κατεξ-</span> 
     </span>
    </p>
   </div>
   <div class='ocr_carea' id='block_1_86' title="bbox 1961 2099 3537 2173">
    <p class='ocr_par' dir='ltr' id='par_1_86' title="bbox 1961 2099 3537 2173">
     <span class='ocr_line' id='line_1_86' title="bbox 1961 2099 3537 2173; baseline -0.001 -18"><span class='ocrx_word' id='word_1_642' title='bbox 1961 2101 2281 2171; x_wconf 89' lang='grc' dir='ltr'>αναστῶμεν</span> <span class='ocrx_word' id='word_1_643' title='bbox 2312 2100 2578 2173; x_wconf 83' lang='grc' dir='ltr'>σφοδρῶς,</span> <span class='ocrx_word' id='word_1_644' title='bbox 2610 2101 2922 2171; x_wconf 85' lang='grc' dir='ltr'>ἑπίσχωμεν</span> <span class='ocrx_word' id='word_1_645' title='bbox 2948 2099 3049 2172; x_wconf 83' lang='grc' dir='ltr'>τὴν</span> <span class='ocrx_word' id='word_1_646' title='bbox 3068 2101 3420 2171; x_wconf 86' lang='grc' dir='ltr'>ἀναίσχυντον</span> <span class='ocrx_word' id='word_1_647' title='bbox 3442 2102 3537 2154; x_wconf 82' lang='grc' dir='ltr'>αύ-</span> 
     </span>
    </p>
   </div>
   <div class='ocr_carea' id='block_1_87' title="bbox 1961 2191 3536 2273">
    <p class='ocr_par' dir='ltr' id='par_1_87' title="bbox 1961 2191 3536 2273">
     <span class='ocr_line' id='line_1_87' title="bbox 1961 2191 3536 2273; baseline 0 -26"><span class='ocrx_word' id='word_1_648' title='bbox 1961 2194 2069 2249; x_wconf 85' lang='grc' dir='ltr'>τῶν</span> <span class='ocrx_word' id='word_1_649' title='bbox 2092 2194 2358 2265; x_wconf 86' lang='grc' dir='ltr'>γλῶτταν.</span> <span class='ocrx_word' id='word_1_650' title='bbox 2401 2191 2469 2247; x_wconf 76' lang='grc' dir='ltr'><strong>Εἴ</strong></span> <span class='ocrx_word' id='word_1_651' title='bbox 2493 2210 2619 2249; x_wconf 86' lang='grc' dir='ltr'>τινα</span> <span class='ocrx_word' id='word_1_652' title='bbox 2646 2191 2790 2264; x_wconf 84' lang='grc' dir='ltr'>ῐδῃς,</span> <span class='ocrx_word' id='word_1_653' title='bbox 2815 2192 2935 2273; x_wconf 78' lang='grc' dir='ltr'>εἰπέ</span> <span class='ocrx_word' id='word_1_654' title='bbox 2962 2210 3072 2264; x_wconf 89' lang='grc' dir='ltr'>μοι,</span> <span class='ocrx_word' id='word_1_655' title='bbox 3102 2192 3404 2265; x_wconf 85' lang='grc' dir='ltr'>λῄσταρχον</span> <span class='ocrx_word' id='word_1_656' title='bbox 3433 2211 3536 2247; x_wconf 89' lang='lat' dir='ltr'><strong><em>zea-</em></strong></span> 
     </span>
    </p>
   </div>
   <div class='ocr_carea' id='block_1_88' title="bbox 1962 2285 3535 2358">
    <p class='ocr_par' dir='ltr' id='par_1_88' title="bbox 1962 2285 3535 2358">
     <span class='ocr_line' id='line_1_88' title="bbox 1962 2285 3535 2358; baseline -0.002 -17"><span class='ocrx_word' id='word_1_657' title='bbox 1962 2289 2296 2358; x_wconf 89' lang='grc' dir='ltr'>τατρέχοντα</span> <span class='ocrx_word' id='word_1_658' title='bbox 2322 2286 2421 2352; x_wconf 90' lang='grc' dir='ltr'>τάς</span> <span class='ocrx_word' id='word_1_659' title='bbox 2466 2287 2641 2351; x_wconf 80' lang='grc' dir='ltr'>ὀδοὺς,</span> <span class='ocrx_word' id='word_1_660' title='bbox 2686 2288 2800 2349; x_wconf 87' lang='grc' dir='ltr'>τοῖς</span> <span class='ocrx_word' id='word_1_661' title='bbox 2839 2285 3130 2357; x_wconf 88' lang='grc' dir='ltr'>παριοῦσιν</span> <span class='ocrx_word' id='word_1_662' title='bbox 3159 2285 3535 2355; x_wconf 81' lang='grc' dir='ltr'>ἐφεδρεύοντα,</span> 
     </span>
    </p>
   </div>
   <div class='ocr_carea' id='block_1_89' title="bbox 1961 2378 3535 2451">
    <p class='ocr_par' dir='ltr' id='par_1_89' title="bbox 1961 2378 3535 2451">
     <span class='ocr_line' id='line_1_89' title="bbox 1961 2378 3535 2451; baseline -0.002 -18"><span class='ocrx_word' id='word_1_663' title='bbox 1961 2381 2029 2433; x_wconf 79' lang='grc' dir='ltr'>τά</span> <span class='ocrx_word' id='word_1_664' title='bbox 2061 2382 2125 2434; x_wconf 79' lang='grc' dir='ltr'>ἐκ</span> <span class='ocrx_word' id='word_1_665' title='bbox 2158 2381 2267 2434; x_wconf 87' lang='grc' dir='ltr'>τῶν</span> <span class='ocrx_word' id='word_1_666' title='bbox 2295 2380 2479 2451; x_wconf 84' lang='grc' dir='ltr'>ἀγρῶν</span> <span class='ocrx_word' id='word_1_667' title='bbox 2508 2378 2844 2450; x_wconf 81' lang='grc' dir='ltr'>ἁρπάζοντα,</span> <span class='ocrx_word' id='word_1_668' title='bbox 2871 2379 2952 2442; x_wconf 88' lang='grc' dir='ltr'>είς</span> <span class='ocrx_word' id='word_1_669' title='bbox 2982 2378 3221 2449; x_wconf 89' lang='grc' dir='ltr'>σπήλαια</span> <span class='ocrx_word' id='word_1_670' title='bbox 3246 2380 3339 2432; x_wconf 90' lang='lat' dir='ltr'><strong><em>zeal</em></strong></span> <span class='ocrx_word' id='word_1_671' title='bbox 3372 2396 3535 2431; x_wconf 77' lang='grc' dir='ltr'>κατα·</span> 
     </span>
    </p>
   </div>
   <div class='ocr_carea' id='block_1_90' title="bbox 1961 2468 3537 2543">
    <p class='ocr_par' dir='ltr' id='par_1_90' title="bbox 1961 2468 3537 2543">
     <span class='ocr_line' id='line_1_90' title="bbox 1961 2468 3537 2543; baseline -0.001 -20"><span class='ocrx_word' id='word_1_672' title='bbox 1961 2470 2139 2535; x_wconf 88' lang='grc' dir='ltr'>δύσεις</span> <span class='ocrx_word' id='word_1_673' title='bbox 2162 2471 2381 2543; x_wconf 87' lang='grc' dir='ltr'>χρυσίον</span> <span class='ocrx_word' id='word_1_674' title='bbox 2397 2470 2492 2525; x_wconf 88' lang='lat' dir='ltr'><strong><em>zeal</em></strong></span> <span class='ocrx_word' id='word_1_675' title='bbox 2515 2468 2775 2542; x_wconf 85' lang='grc' dir='ltr'>ἀργύριον</span> <span class='ocrx_word' id='word_1_676' title='bbox 2791 2469 3205 2541; x_wconf 83' lang='grc' dir='ltr'>κατορύττοντα,</span> <span class='ocrx_word' id='word_1_677' title='bbox 3229 2469 3322 2523; x_wconf 87' lang='lat' dir='ltr'><strong><em>zeal</em></strong></span> <span class='ocrx_word' id='word_1_678' title='bbox 3342 2471 3537 2538; x_wconf 79' lang='grc' dir='ltr'>ἀγέλας</span> 
     </span>
    </p>
   </div>
   <div class='ocr_carea' id='block_1_91' title="bbox 1963 2562 3534 2634">
    <p class='ocr_par' dir='ltr' id='par_1_91' title="bbox 1963 2562 3534 2634">
     <span class='ocr_line' id='line_1_91' title="bbox 1963 2562 3534 2634; baseline -0.001 -18"><span class='ocrx_word' id='word_1_679' title='bbox 1963 2562 2322 2616; x_wconf 90' lang='grc' dir='ltr'>ἀποκλείοντα</span> <span class='ocrx_word' id='word_1_680' title='bbox 2348 2562 2550 2626; x_wconf 86' lang='grc' dir='ltr'>πολλὰς</span> <span class='ocrx_word' id='word_1_681' title='bbox 2580 2562 2718 2626; x_wconf 77' lang='grc' dir='ltr'>ἐκεῖ,</span> <span class='ocrx_word' id='word_1_682' title='bbox 2759 2563 2854 2616; x_wconf 85' lang='lat' dir='ltr'><strong><em>zeal</em></strong></span> <span class='ocrx_word' id='word_1_683' title='bbox 2881 2563 3071 2632; x_wconf 87' lang='grc' dir='ltr'>ίμάτια</span> <span class='ocrx_word' id='word_1_684' title='bbox 3105 2563 3199 2616; x_wconf 87' lang='lat' dir='ltr'><strong><em>zeal</em></strong></span> <span class='ocrx_word' id='word_1_685' title='bbox 3232 2562 3534 2634; x_wconf 76' lang='grc' dir='ltr'>ἀνδράποδα</span> 
     </span>
    </p>
   </div>
   <div class='ocr_carea' id='block_1_92' title="bbox 1963 2651 3536 2726">
    <p class='ocr_par' dir='ltr' id='par_1_92' title="bbox 1963 2651 3536 2726">
     <span class='ocr_line' id='line_1_92' title="bbox 1963 2651 3536 2726; baseline 0.001 -19"><span class='ocrx_word' id='word_1_686' title='bbox 1963 2654 2133 2708; x_wconf 79' lang='grc' dir='ltr'>πολλὰ</span> <span class='ocrx_word' id='word_1_687' title='bbox 2166 2654 2502 2724; x_wconf 83' lang='grc' dir='ltr'>κεκτημένον</span> <span class='ocrx_word' id='word_1_688' title='bbox 2535 2655 2599 2708; x_wconf 84' lang='grc' dir='ltr'>ἐκ</span> <span class='ocrx_word' id='word_1_689' title='bbox 2625 2655 2722 2725; x_wconf 88' lang='grc' dir='ltr'>τῆς</span> <span class='ocrx_word' id='word_1_690' title='bbox 2763 2653 3111 2724; x_wconf 81' lang='grc' dir='ltr'>καταδρομῆς</span> <span class='ocrx_word' id='word_1_691' title='bbox 3160 2655 3392 2724; x_wconf 80' lang='grc' dir='ltr'>ἐκείνης,</span> <span class='ocrx_word' id='word_1_692' title='bbox 3431 2651 3536 2726; x_wconf 82' lang='grc' dir='ltr'>ἆρα</span> 
     </span>
    </p>
   </div>
   <div class='ocr_carea' id='block_1_93' title="bbox 1964 2744 3534 2819">
    <p class='ocr_par' dir='ltr' id='par_1_93' title="bbox 1964 2744 3534 2819">
     <span class='ocr_line' id='line_1_93' title="bbox 1964 2744 3534 2819; baseline 0.001 -21"><span class='ocrx_word' id='word_1_693' title='bbox 1964 2747 2146 2810; x_wconf 82' lang='grc' dir='ltr'>αὐτὸν,</span> <span class='ocrx_word' id='word_1_694' title='bbox 2172 2747 2294 2800; x_wconf 85' lang='grc' dir='ltr'>εἰπέ</span> <span class='ocrx_word' id='word_1_695' title='bbox 2317 2764 2428 2817; x_wconf 90' lang='grc' dir='ltr'>μοι,</span> <span class='ocrx_word' id='word_1_696' title='bbox 2459 2745 2784 2819; x_wconf 79' lang='grc' dir='ltr'>μακαρίζεις</span> <span class='ocrx_word' id='word_1_697' title='bbox 2816 2745 2903 2799; x_wconf 84' lang='grc' dir='ltr'>διά</span> <span class='ocrx_word' id='word_1_698' title='bbox 2934 2746 3024 2799; x_wconf 88' lang='grc' dir='ltr'>τὸν</span> <span class='ocrx_word' id='word_1_699' title='bbox 3063 2744 3290 2799; x_wconf 86' lang='grc' dir='ltr'>πλοῦτον</span> <span class='ocrx_word' id='word_1_700' title='bbox 3311 2748 3534 2810; x_wconf 82' lang='grc' dir='ltr'>ἐκεῖνον,</span> 
     </span>
    </p>
   </div>
   <div class='ocr_carea' id='block_1_94' title="bbox 1964 2837 3539 2909">
    <p class='ocr_par' dir='ltr' id='par_1_94' title="bbox 1964 2837 3539 2909">
     <span class='ocr_line' id='line_1_94' title="bbox 1964 2837 3539 2909; baseline 0.001 -20"><span class='ocrx_word' id='word_1_701' title='bbox 1964 2837 2336 2908; x_wconf 78' lang='grc' dir='ltr'>ῆταλανίζεις</span> <span class='ocrx_word' id='word_1_702' title='bbox 2379 2838 2467 2891; x_wconf 90' lang='grc' dir='ltr'>διά</span> <span class='ocrx_word' id='word_1_703' title='bbox 2515 2837 2612 2909; x_wconf 86' lang='grc' dir='ltr'>τὴν</span> <span class='ocrx_word' id='word_1_704' title='bbox 2662 2838 2965 2909; x_wconf 90' lang='grc' dir='ltr'>μέλλουσαν</span> <span class='ocrx_word' id='word_1_705' title='bbox 3010 2838 3170 2891; x_wconf 83' lang='grc' dir='ltr'>αὐτὸν</span> <span class='ocrx_word' id='word_1_706' title='bbox 3204 2838 3539 2909; x_wconf 78' lang='grc' dir='ltr'>διαδέχεσθαι</span> 
     </span>
    </p>
   </div>
   <div class='ocr_carea' id='block_1_95' title="bbox 1965 2928 3539 3003">
    <p class='ocr_par' dir='ltr' id='par_1_95' title="bbox 1965 2928 3539 3003">
     <span class='ocr_line' id='line_1_95' title="bbox 1965 2928 3539 3003; baseline 0.001 -20"><span class='ocrx_word' id='word_1_707' title='bbox 1965 2929 2151 2998; x_wconf 86' lang='grc' dir='ltr'>δίκην;</span> <span class='ocrx_word' id='word_1_708' title='bbox 2184 2929 2378 2983; x_wconf 84' lang='grc' dir='ltr'>Καίτοι</span> <span class='ocrx_word' id='word_1_709' title='bbox 2405 2928 2557 2984; x_wconf 76' lang='grc' dir='ltr'>οὔπω</span> <span class='ocrx_word' id='word_1_710' title='bbox 2578 2931 2948 3002; x_wconf 87' lang='grc' dir='ltr'>συνείληπται,</span> <span class='ocrx_word' id='word_1_711' title='bbox 2986 2932 3106 2985; x_wconf 78' lang='grc' dir='ltr'>οὐδὲ</span> <span class='ocrx_word' id='word_1_712' title='bbox 3136 2933 3213 2993; x_wconf 86' lang='grc' dir='ltr'>είς</span> <span class='ocrx_word' id='word_1_713' title='bbox 3241 2935 3426 3003; x_wconf 89' lang='grc' dir='ltr'>χεῖρας</span> <span class='ocrx_word' id='word_1_714' title='bbox 3445 2932 3539 2985; x_wconf 80' lang='grc' dir='ltr'>τοῦ</span> 
     </span>
    </p>
   </div>
   <div class='ocr_carea' id='block_1_96' title="bbox 1964 3021 3533 3094">
    <p class='ocr_par' dir='ltr' id='par_1_96' title="bbox 1964 3021 3533 3094">
     <span class='ocr_line' id='line_1_96' title="bbox 1964 3021 3533 3094; baseline -0.001 -19"><span class='ocrx_word' id='word_1_715' title='bbox 1964 3021 2218 3075; x_wconf 89' lang='grc' dir='ltr'>δικαστοῦ</span> <span class='ocrx_word' id='word_1_716' title='bbox 2250 3021 2633 3092; x_wconf 89' lang='grc' dir='ltr'>παραδέδοται,</span> <span class='ocrx_word' id='word_1_717' title='bbox 2668 3022 2790 3075; x_wconf 81' lang='grc' dir='ltr'>οὐδὲ</span> <span class='ocrx_word' id='word_1_718' title='bbox 2829 3024 2908 3086; x_wconf 84' lang='grc' dir='ltr'>είς</span> <span class='ocrx_word' id='word_1_719' title='bbox 2947 3022 3320 3094; x_wconf 84' lang='grc' dir='ltr'>δεσμωτήριον</span> <span class='ocrx_word' id='word_1_720' title='bbox 3353 3023 3533 3074; x_wconf 77' lang='grc' dir='ltr'>ἐνέπε-</span> 
     </span>
    </p>
   </div>
   <div class='ocr_carea' id='block_1_97' title="bbox 1968 3114 3535 3186">
    <p class='ocr_par' dir='ltr' id='par_1_97' title="bbox 1968 3114 3535 3186">
     <span class='ocr_line' id='line_1_97' title="bbox 1968 3114 3535 3186; baseline 0.001 -19"><span class='ocrx_word' id='word_1_721' title='bbox 1968 3131 2079 3181; x_wconf 90' lang='grc' dir='ltr'>σεν,</span> <span class='ocrx_word' id='word_1_722' title='bbox 2107 3115 2224 3168; x_wconf 80' lang='grc' dir='ltr'>οὐδὲ</span> <span class='ocrx_word' id='word_1_723' title='bbox 2245 3117 2550 3186; x_wconf 90' lang='grc' dir='ltr'>κατήγορον</span> <span class='ocrx_word' id='word_1_724' title='bbox 2580 3115 2759 3186; x_wconf 75' lang='grc' dir='ltr'>ἔσχεν,</span> <span class='ocrx_word' id='word_1_725' title='bbox 2792 3115 2912 3169; x_wconf 82' lang='grc' dir='ltr'>οὐδὲ</span> <span class='ocrx_word' id='word_1_726' title='bbox 2946 3114 3050 3168; x_wconf 80' lang='grc' dir='ltr'>ὑπὸ</span> <span class='ocrx_word' id='word_1_727' title='bbox 3082 3115 3261 3186; x_wconf 72' lang='grc' dir='ltr'>ψῆφον</span> <span class='ocrx_word' id='word_1_728' title='bbox 3299 3116 3535 3184; x_wconf 83' lang='grc' dir='ltr'>ἐγένετο,</span> 
     </span>
    </p>
   </div>
   <div class='ocr_carea' id='block_1_98' title="bbox 1966 3207 3540 3280">
    <p class='ocr_par' dir='ltr' id='par_1_98' title="bbox 1966 3207 3540 3280">
     <span class='ocr_line' id='line_1_98' title="bbox 1966 3207 3540 3280; baseline -0.001 -18"><span class='ocrx_word' id='word_1_729' title='bbox 1966 3207 2103 3262; x_wconf 83' lang='grc' dir='ltr'>ἀλλὰ</span> <span class='ocrx_word' id='word_1_730' title='bbox 2123 3210 2324 3280; x_wconf 83' lang='grc' dir='ltr'>τρυφᾷ,</span> <span class='ocrx_word' id='word_1_731' title='bbox 2348 3208 2559 3279; x_wconf 86' lang='grc' dir='ltr'>μεθύει,</span> <span class='ocrx_word' id='word_1_732' title='bbox 2598 3209 2857 3280; x_wconf 81' lang='grc' dir='ltr'>εὐπορίας</span> <span class='ocrx_word' id='word_1_733' title='bbox 2889 3208 3150 3262; x_wconf 85' lang='grc' dir='ltr'>ἀπολαύει</span> <span class='ocrx_word' id='word_1_734' title='bbox 3172 3208 3392 3278; x_wconf 82' lang='grc' dir='ltr'>πολλῆς·</span> <span class='ocrx_word' id='word_1_735' title='bbox 3428 3209 3540 3262; x_wconf 79' lang='grc' dir='ltr'>ἀλλ’</span> 
     </span>
    </p>
   </div>
   <div class='ocr_carea' id='block_1_99' title="bbox 1964 3299 3540 3373">
    <p class='ocr_par' dir='ltr' id='par_1_99' title="bbox 1964 3299 3540 3373">
     <span class='ocr_line' id='line_1_99' title="bbox 1964 3299 3540 3373; baseline 0 -17"><span class='ocrx_word' id='word_1_736' title='bbox 1964 3302 2114 3373; x_wconf 82' lang='grc' dir='ltr'>ὅμως</span> <span class='ocrx_word' id='word_1_737' title='bbox 2144 3301 2205 3354; x_wconf 82' lang='grc' dir='ltr'>οὐ</span> <span class='ocrx_word' id='word_1_738' title='bbox 2235 3302 2325 3355; x_wconf 90' lang='grc' dir='ltr'>διά</span> <span class='ocrx_word' id='word_1_739' title='bbox 2350 3301 2418 3355; x_wconf 84' lang='grc' dir='ltr'>τὰ</span> <span class='ocrx_word' id='word_1_740' title='bbox 2445 3301 2690 3372; x_wconf 88' lang='grc' dir='ltr'>παρόντα</span> <span class='ocrx_word' id='word_1_741' title='bbox 2732 3299 2826 3354; x_wconf 89' lang='lat' dir='ltr'><strong><em>zeal</em></strong></span> <span class='ocrx_word' id='word_1_742' title='bbox 2854 3300 2922 3354; x_wconf 81' lang='grc' dir='ltr'>τά</span> <span class='ocrx_word' id='word_1_743' title='bbox 2950 3300 3202 3372; x_wconf 83' lang='grc' dir='ltr'>ὁρώμενα</span> <span class='ocrx_word' id='word_1_744' title='bbox 3242 3302 3401 3355; x_wconf 86' lang='grc' dir='ltr'>αὑτὸν</span> <span class='ocrx_word' id='word_1_745' title='bbox 3439 3319 3540 3372; x_wconf 80' lang='grc' dir='ltr'>μα·</span> 
     </span>
    </p>
   </div>
   <div class='ocr_carea' id='block_1_100' title="bbox 1967 3392 3542 3467">
    <p class='ocr_par' dir='ltr' id='par_1_100' title="bbox 1967 3392 3542 3467">
     <span class='ocr_line' id='line_1_100' title="bbox 1967 3392 3542 3467; baseline 0 -19"><span class='ocrx_word' id='word_1_746' title='bbox 1967 3392 2286 3466; x_wconf 83' lang='grc' dir='ltr'>καρίζομεν,</span> <span class='ocrx_word' id='word_1_747' title='bbox 2308 3392 2445 3448; x_wconf 89' lang='grc' dir='ltr'>ἀλλά</span> <span class='ocrx_word' id='word_1_748' title='bbox 2473 3393 2561 3448; x_wconf 89' lang='grc' dir='ltr'>διά</span> <span class='ocrx_word' id='word_1_749' title='bbox 2586 3392 2656 3446; x_wconf 81' lang='grc' dir='ltr'>τά</span> <span class='ocrx_word' id='word_1_750' title='bbox 2701 3393 2963 3464; x_wconf 85' lang='grc' dir='ltr'>μέλλοντα</span> <span class='ocrx_word' id='word_1_751' title='bbox 2995 3395 3089 3448; x_wconf 88' lang='lat' dir='ltr'><strong><em>zeal</em></strong></span> <span class='ocrx_word' id='word_1_752' title='bbox 3118 3394 3542 3467; x_wconf 83' lang='grc' dir='ltr'>προσδοκώμενα</span> 
     </span>
    </p>
   </div>
   <div class='ocr_carea' id='block_1_101' title="bbox 1967 3486 2337 3559">
    <p class='ocr_par' dir='ltr' id='par_1_101' title="bbox 1967 3486 2337 3559">
     <span class='ocr_line' id='line_1_101' title="bbox 1967 3486 2337 3559; baseline 0.008 -20"><span class='ocrx_word' id='word_1_753' title='bbox 1967 3486 2337 3559; x_wconf 84' lang='grc' dir='ltr'>ταλανίζομεν.</span> 
     </span>
    </p>
   </div>
   <div class='ocr_carea' id='block_1_102' title="bbox 2038 3596 3541 3658">
    <p class='ocr_par' dir='ltr' id='par_1_102' title="bbox 2038 3596 3541 3658">
     <span class='ocr_line' id='line_1_102' title="bbox 2038 3596 3541 3658; baseline 0.003 -4"><span class='ocrx_word' id='word_1_754' title='bbox 2038 3601 2207 3655; x_wconf 89' lang='grc' dir='ltr'>Τοῦτο</span> <span class='ocrx_word' id='word_1_755' title='bbox 2237 3602 2330 3655; x_wconf 91' lang='lat' dir='ltr'><strong><em>zeal</em></strong></span> <span class='ocrx_word' id='word_1_756' title='bbox 2353 3600 2574 3656; x_wconf 76' lang='grc' dir='ltr'>ἐπὶτῶν</span> <span class='ocrx_word' id='word_1_757' title='bbox 2607 3596 2980 3657; x_wconf 81' lang='grc' dir='ltr'>πλουτούντων</span> <span class='ocrx_word' id='word_1_758' title='bbox 3023 3605 3117 3657; x_wconf 88' lang='lat' dir='ltr'><strong><em>zeal</em></strong></span> <span class='ocrx_word' id='word_1_759' title='bbox 3157 3603 3541 3658; x_wconf 82' lang='grc' dir='ltr'>πλεονεκτούν-</span> 
     </span>
    </p>
   </div>
   <div class='ocr_carea' id='block_1_103' title="bbox 1963 3693 3541 3770">
    <p class='ocr_par' dir='ltr' id='par_1_103' title="bbox 1963 3693 3541 3770">
     <span class='ocr_line' id='line_1_103' title="bbox 1963 3693 3541 3770; baseline 0 -22"><span class='ocrx_word' id='word_1_760' title='bbox 1963 3711 2073 3748; x_wconf 88' lang='grc' dir='ltr'>των</span> <span class='ocrx_word' id='word_1_761' title='bbox 2125 3693 2358 3764; x_wconf 90' lang='grc' dir='ltr'>λόγισαι.</span> <span class='ocrx_word' id='word_1_762' title='bbox 2408 3695 2616 3767; x_wconf 80' lang='grc' dir='ltr'>Λῃσταί</span> <span class='ocrx_word' id='word_1_763' title='bbox 2646 3694 2789 3758; x_wconf 90' lang='grc' dir='ltr'>τινές</span> <span class='ocrx_word' id='word_1_764' title='bbox 2816 3695 2951 3749; x_wconf 79' lang='grc' dir='ltr'>εἰσιν</span> <span class='ocrx_word' id='word_1_765' title='bbox 2981 3695 3120 3759; x_wconf 83' lang='grc' dir='ltr'>ὁδοῖς</span> <span class='ocrx_word' id='word_1_766' title='bbox 3140 3695 3541 3770; x_wconf 80' lang='grc' dir='ltr'>ἐφεδρεύοντες,</span> 
     </span>
    </p>
   </div>
   <div class='ocr_carea' id='block_1_104' title="bbox 1966 3784 3543 3860">
    <p class='ocr_par' dir='ltr' id='par_1_104' title="bbox 1966 3784 3543 3860">
     <span class='ocr_line' id='line_1_104' title="bbox 1966 3784 3543 3860; baseline 0.002 -20"><span class='ocrx_word' id='word_1_767' title='bbox 1966 3786 2036 3841; x_wconf 84' lang='grc' dir='ltr'>τὰ</span> <span class='ocrx_word' id='word_1_768' title='bbox 2090 3784 2200 3841; x_wconf 76' lang='grc' dir='ltr'>τῶν</span> <span class='ocrx_word' id='word_1_769' title='bbox 2262 3787 2569 3860; x_wconf 89' lang='grc' dir='ltr'>παριόντων</span> <span class='ocrx_word' id='word_1_770' title='bbox 2625 3786 2984 3860; x_wconf 82' lang='grc' dir='ltr'>ἁρπάζοντες,</span> <span class='ocrx_word' id='word_1_771' title='bbox 3032 3787 3221 3858; x_wconf 86' lang='grc' dir='ltr'>ὥσπερ</span> <span class='ocrx_word' id='word_1_772' title='bbox 3280 3791 3338 3843; x_wconf 87' lang='grc' dir='ltr'>ἐν</span> <span class='ocrx_word' id='word_1_773' title='bbox 3406 3806 3543 3858; x_wconf 79' lang='grc' dir='ltr'>σπη-</span> 
     </span>
    </p>
   </div>
   <div class='ocr_carea' id='block_1_105' title="bbox 1966 3879 3544 3949">
    <p class='ocr_par' dir='ltr' id='par_1_105' title="bbox 1966 3879 3544 3949">
     <span class='ocr_line' id='line_1_105' title="bbox 1966 3879 3544 3949; baseline -0.001 -16"><span class='ocrx_word' id='word_1_774' title='bbox 1966 3879 2137 3944; x_wconf 86' lang='grc' dir='ltr'>λαίοις</span> <span class='ocrx_word' id='word_1_775' title='bbox 2190 3880 2283 3934; x_wconf 86' lang='lat' dir='ltr'><strong><em>zeal</em></strong></span> <span class='ocrx_word' id='word_1_776' title='bbox 2335 3880 2684 3945; x_wconf 85' lang='grc' dir='ltr'>καταδύσεσι,</span> <span class='ocrx_word' id='word_1_777' title='bbox 2716 3883 2826 3945; x_wconf 88' lang='grc' dir='ltr'>τοῖς</span> <span class='ocrx_word' id='word_1_778' title='bbox 2874 3880 3083 3934; x_wconf 78' lang='grc' dir='ltr'>ἑαυτῶν</span> <span class='ocrx_word' id='word_1_779' title='bbox 3125 3880 3388 3949; x_wconf 83' lang='grc' dir='ltr'>θαλάμοις</span> <span class='ocrx_word' id='word_1_780' title='bbox 3415 3899 3544 3933; x_wconf 85' lang='grc' dir='ltr'>κατ-</span> 
     </span>
    </p>
   </div>
   <div class='ocr_carea' id='block_1_106' title="bbox 1966 3970 3542 4043">
    <p class='ocr_par' dir='ltr' id='par_1_106' title="bbox 1966 3970 3542 4043">
     <span class='ocr_line' id='line_1_106' title="bbox 1966 3970 3542 4043; baseline -0.001 -18"><span class='ocrx_word' id='word_1_781' title='bbox 1966 3973 2285 4043; x_wconf 88' lang='grc' dir='ltr'>ορύττοντες</span> <span class='ocrx_word' id='word_1_782' title='bbox 2324 3973 2424 4038; x_wconf 82' lang='grc' dir='ltr'>τὰς</span> <span class='ocrx_word' id='word_1_783' title='bbox 2478 3972 2679 4040; x_wconf 86' lang='grc' dir='ltr'>ἑτέρων</span> <span class='ocrx_word' id='word_1_784' title='bbox 2723 3971 3057 4043; x_wconf 90' lang='grc' dir='ltr'>περιουσίας.</span> <span class='ocrx_word' id='word_1_785' title='bbox 3093 3971 3184 4042; x_wconf 86' lang='grc' dir='ltr'>Μὴ</span> <span class='ocrx_word' id='word_1_786' title='bbox 3231 3970 3410 4024; x_wconf 88' lang='grc' dir='ltr'>τοίνυν</span> <span class='ocrx_word' id='word_1_787' title='bbox 3441 3988 3542 4041; x_wconf 88' lang='grc' dir='ltr'>μα-</span> 
     </span>
    </p>
   </div>
   <div class='ocr_carea' id='block_1_107' title="bbox 1970 4061 3536 4137">
    <p class='ocr_par' dir='ltr' id='par_1_107' title="bbox 1970 4061 3536 4137">
     <span class='ocr_line' id='line_1_107' title="bbox 1970 4061 3536 4137; baseline -0.003 -18"><span class='ocrx_word' id='word_1_788' title='bbox 1970 4064 2288 4137; x_wconf 80' lang='grc' dir='ltr'>καρίζωμεν</span> <span class='ocrx_word' id='word_1_789' title='bbox 2322 4064 2520 4129; x_wconf 80' lang='grc' dir='ltr'>αὐτοὺς</span> <span class='ocrx_word' id='word_1_790' title='bbox 2561 4063 2648 4117; x_wconf 87' lang='grc' dir='ltr'>διὰ</span> <span class='ocrx_word' id='word_1_791' title='bbox 2679 4062 2750 4117; x_wconf 85' lang='grc' dir='ltr'>τὰ</span> <span class='ocrx_word' id='word_1_792' title='bbox 2779 4062 3044 4135; x_wconf 88' lang='grc' dir='ltr'>παρόντα,</span> <span class='ocrx_word' id='word_1_793' title='bbox 3078 4061 3214 4116; x_wconf 86' lang='grc' dir='ltr'>ἀλλὰ</span> <span class='ocrx_word' id='word_1_794' title='bbox 3236 4062 3536 4125; x_wconf 81' lang='grc' dir='ltr'>ταλανίζω·</span> 
     </span>
    </p>
   </div>
   <div class='ocr_carea' id='block_1_108' title="bbox 1971 4153 3537 4229">
    <p class='ocr_par' dir='ltr' id='par_1_108' title="bbox 1971 4153 3537 4229">
     <span class='ocr_line' id='line_1_108' title="bbox 1971 4153 3537 4229; baseline -0.005 -18"><span class='ocrx_word' id='word_1_795' title='bbox 1971 4174 2072 4229; x_wconf 88' lang='grc' dir='ltr'>μεν</span> <span class='ocrx_word' id='word_1_796' title='bbox 2098 4156 2185 4210; x_wconf 89' lang='grc' dir='ltr'>διά</span> <span class='ocrx_word' id='word_1_797' title='bbox 2207 4156 2276 4210; x_wconf 88' lang='grc' dir='ltr'>τά</span> <span class='ocrx_word' id='word_1_798' title='bbox 2299 4156 2580 4228; x_wconf 87' lang='grc' dir='ltr'>μέλλοντα,</span> <span class='ocrx_word' id='word_1_799' title='bbox 2610 4156 2698 4210; x_wconf 78' lang='grc' dir='ltr'>διὰ</span> <span class='ocrx_word' id='word_1_800' title='bbox 2731 4155 2791 4208; x_wconf 88' lang='grc' dir='ltr'>τὸ</span> <span class='ocrx_word' id='word_1_801' title='bbox 2822 4154 3049 4226; x_wconf 76' lang='grc' dir='ltr'>φοϐερὸν</span> <span class='ocrx_word' id='word_1_802' title='bbox 3081 4155 3257 4208; x_wconf 83' lang='grc' dir='ltr'>ἐκεῖνο</span> <span class='ocrx_word' id='word_1_803' title='bbox 3289 4153 3537 4223; x_wconf 82' lang='grc' dir='ltr'>δικαστή-</span> 
     </span>
    </p>
   </div>
   <div class='ocr_carea' id='block_1_109' title="bbox 1970 4246 3542 4321">
    <p class='ocr_par' dir='ltr' id='par_1_109' title="bbox 1970 4246 3542 4321">
     <span class='ocr_line' id='line_1_109' title="bbox 1970 4246 3542 4321; baseline -0.003 -18"><span class='ocrx_word' id='word_1_804' title='bbox 1970 4266 2106 4321; x_wconf 91' lang='grc' dir='ltr'>ριον,</span> <span class='ocrx_word' id='word_1_805' title='bbox 2133 4249 2221 4303; x_wconf 78' lang='grc' dir='ltr'>διὰ</span> <span class='ocrx_word' id='word_1_806' title='bbox 2272 4249 2370 4313; x_wconf 86' lang='grc' dir='ltr'>τὰς</span> <span class='ocrx_word' id='word_1_807' title='bbox 2411 4250 2820 4321; x_wconf 81' lang='grc' dir='ltr'>ἀπαραιτήτους</span> <span class='ocrx_word' id='word_1_808' title='bbox 2850 4246 3099 4311; x_wconf 85' lang='grc' dir='ltr'>εὐθύνας,</span> <span class='ocrx_word' id='word_1_809' title='bbox 3129 4246 3216 4300; x_wconf 90' lang='grc' dir='ltr'>διά</span> <span class='ocrx_word' id='word_1_810' title='bbox 3248 4246 3310 4299; x_wconf 85' lang='grc' dir='ltr'>τὸ</span> <span class='ocrx_word' id='word_1_811' title='bbox 3355 4246 3542 4309; x_wconf 89' lang='grc' dir='ltr'>σκότος</span> 
     </span>
    </p>
   </div>
   <div class='ocr_carea' id='block_1_110' title="bbox 1968 4338 3539 4415">
    <p class='ocr_par' dir='ltr' id='par_1_110' title="bbox 1968 4338 3539 4415">
     <span class='ocr_line' id='line_1_110' title="bbox 1968 4338 3539 4415; baseline -0.003 -19"><span class='ocrx_word' id='word_1_812' title='bbox 1968 4341 2030 4396; x_wconf 90' lang='grc' dir='ltr'>τὸ</span> <span class='ocrx_word' id='word_1_813' title='bbox 2062 4340 2344 4415; x_wconf 84' lang='grc' dir='ltr'>ἐξώτερον,</span> <span class='ocrx_word' id='word_1_814' title='bbox 2395 4341 2424 4395; x_wconf 84' lang='lat'>6</span> <span class='ocrx_word' id='word_1_815' title='bbox 2462 4340 2647 4414; x_wconf 82' lang='grc' dir='ltr'>μέλλει</span> <span class='ocrx_word' id='word_1_816' title='bbox 2692 4341 2887 4405; x_wconf 75' lang='grc' dir='ltr'>αὑτοὺς</span> <span class='ocrx_word' id='word_1_817' title='bbox 2930 4338 3304 4410; x_wconf 83' lang='grc' dir='ltr'>ὑποδέχεσθαι.</span> <span class='ocrx_word' id='word_1_818' title='bbox 3351 4338 3539 4392; x_wconf 84' lang='grc' dir='ltr'>Καίτοι</span> 
     </span>
    </p>
   </div>
   <div class='ocr_carea' id='block_1_111' title="bbox 1968 4430 3534 4507">
    <p class='ocr_par' dir='ltr' id='par_1_111' title="bbox 1968 4430 3534 4507">
     <span class='ocr_line' id='line_1_111' title="bbox 1968 4430 3534 4507; baseline -0.003 -19"><span class='ocrx_word' id='word_1_819' title='bbox 1968 4435 2017 4489; x_wconf 79' lang='grc' dir='ltr'>οἱ</span> <span class='ocrx_word' id='word_1_820' title='bbox 2060 4435 2157 4507; x_wconf 85' lang='grc' dir='ltr'>μὲν</span> <span class='ocrx_word' id='word_1_821' title='bbox 2211 4434 2406 4506; x_wconf 77' lang='grc' dir='ltr'>λῃσταὶ</span> <span class='ocrx_word' id='word_1_822' title='bbox 2453 4434 2710 4498; x_wconf 86' lang='grc' dir='ltr'>πολλάκις</span> <span class='ocrx_word' id='word_1_823' title='bbox 2766 4432 3027 4503; x_wconf 79' lang='grc' dir='ltr'>ἐξέφυγον</span> <span class='ocrx_word' id='word_1_824' title='bbox 3075 4430 3377 4503; x_wconf 84' lang='grc' dir='ltr'>ἀνθρώπων</span> <span class='ocrx_word' id='word_1_825' title='bbox 3428 4433 3534 4501; x_wconf 71' lang='grc' dir='ltr'>χεῖ-</span> 
     </span>
    </p>
   </div>
   <div class='ocr_carea' id='block_1_112' title="bbox 1970 4524 3544 4599">
    <p class='ocr_par' dir='ltr' id='par_1_112' title="bbox 1970 4524 3544 4599">
     <span class='ocr_line' id='line_1_112' title="bbox 1970 4524 3544 4599; baseline -0.004 -17"><span class='ocrx_word' id='word_1_826' title='bbox 1970 4544 2089 4599; x_wconf 89' lang='grc' dir='ltr'>ρας·</span> <span class='ocrx_word' id='word_1_827' title='bbox 2123 4528 2236 4581; x_wconf 82' lang='grc' dir='ltr'>ἀλλ’</span> <span class='ocrx_word' id='word_1_828' title='bbox 2263 4529 2412 4598; x_wconf 84' lang='grc' dir='ltr'>ὅμως</span> <span class='ocrx_word' id='word_1_829' title='bbox 2464 4527 2557 4581; x_wconf 77' lang='grc' dir='ltr'>καὶ</span> <span class='ocrx_word' id='word_1_830' title='bbox 2602 4526 2760 4580; x_wconf 86' lang='grc' dir='ltr'>τοῦτο</span> <span class='ocrx_word' id='word_1_831' title='bbox 2794 4525 3014 4589; x_wconf 88' lang='grc' dir='ltr'>εἰδότες,</span> <span class='ocrx_word' id='word_1_832' title='bbox 3074 4524 3169 4578; x_wconf 85' lang='lat' dir='ltr'><strong><em>zeal</em></strong></span> <span class='ocrx_word' id='word_1_833' title='bbox 3198 4525 3409 4595; x_wconf 77' lang='grc' dir='ltr'>ἑαυτοῖς</span> <span class='ocrx_word' id='word_1_834' title='bbox 3453 4524 3544 4576; x_wconf 71' lang='grc' dir='ltr'>καὶ</span> 
     </span>
    </p>
   </div>
   <div class='ocr_carea' id='block_1_113' title="bbox 1968 4615 3542 4693">
    <p class='ocr_par' dir='ltr' id='par_1_113' title="bbox 1968 4615 3542 4693">
     <span class='ocr_line' id='line_1_113' title="bbox 1968 4615 3542 4693; baseline -0.004 -20"><span class='ocrx_word' id='word_1_835' title='bbox 1968 4621 2180 4693; x_wconf 78' lang='grc' dir='ltr'>ἐχθροῖς</span> <span class='ocrx_word' id='word_1_836' title='bbox 2230 4619 2586 4693; x_wconf 80' lang='grc' dir='ltr'>ἀπευξάμεθα</span> <span class='ocrx_word' id='word_1_837' title='bbox 2626 4619 2692 4674; x_wconf 84' lang='grc' dir='ltr'>ἂν</span> <span class='ocrx_word' id='word_1_838' title='bbox 2715 4619 2805 4673; x_wconf 90' lang='grc' dir='ltr'>τὸν</span> <span class='ocrx_word' id='word_1_839' title='bbox 2866 4619 3088 4672; x_wconf 81' lang='grc' dir='ltr'>ἐκείνων</span> <span class='ocrx_word' id='word_1_840' title='bbox 3133 4617 3266 4687; x_wconf 87' lang='grc' dir='ltr'>βίον,</span> <span class='ocrx_word' id='word_1_841' title='bbox 3315 4615 3408 4670; x_wconf 90' lang='lat' dir='ltr'><strong><em>zeal</em></strong></span> <span class='ocrx_word' id='word_1_842' title='bbox 3447 4615 3542 4684; x_wconf 71' lang='grc' dir='ltr'>τὴν</span> 
     </span>
    </p>
   </div>
   <div class='ocr_carea' id='block_1_114' title="bbox 1967 4707 3544 4786">
    <p class='ocr_par' dir='ltr' id='par_1_114' title="bbox 1967 4707 3544 4786">
     <span class='ocr_line' id='line_1_114' title="bbox 1967 4707 3544 4786; baseline -0.004 -20"><span class='ocrx_word' id='word_1_843' title='bbox 1967 4713 2223 4786; x_wconf 76' lang='grc' dir='ltr'>εὐπορίαν</span> <span class='ocrx_word' id='word_1_844' title='bbox 2275 4713 2375 4785; x_wconf 80' lang='grc' dir='ltr'>τὴν</span> <span class='ocrx_word' id='word_1_845' title='bbox 2434 4713 2729 4782; x_wconf 74' lang='grc' dir='ltr'>ἐπάρατον.</span> <span class='ocrx_word' id='word_1_846' title='bbox 2799 4711 2921 4764; x_wconf 81' lang='grc' dir='ltr'>Ἐπὶ</span> <span class='ocrx_word' id='word_1_847' title='bbox 2973 4711 3030 4765; x_wconf 84' lang='grc' dir='ltr'>δὲ</span> <span class='ocrx_word' id='word_1_848' title='bbox 3098 4709 3193 4763; x_wconf 89' lang='grc' dir='ltr'>τοῦ</span> <span class='ocrx_word' id='word_1_849' title='bbox 3249 4708 3383 4760; x_wconf 88' lang='grc' dir='ltr'>Θεοῦ</span> <span class='ocrx_word' id='word_1_850' title='bbox 3447 4707 3544 4760; x_wconf 81' lang='grc' dir='ltr'>οὐκ</span> 
     </span>
    </p>
   </div>
   <div class='ocr_carea' id='block_1_115' title="bbox 1967 4799 3545 4875">
    <p class='ocr_par' dir='ltr' id='par_1_115' title="bbox 1967 4799 3545 4875">
     <span class='ocr_line' id='line_1_115' title="bbox 1967 4799 3545 4875; baseline -0.005 -16"><span class='ocrx_word' id='word_1_851' title='bbox 1967 4805 2081 4859; x_wconf 79' lang='grc' dir='ltr'>ἐστι</span> <span class='ocrx_word' id='word_1_852' title='bbox 2110 4805 2266 4859; x_wconf 90' lang='grc' dir='ltr'>τοῦτο</span> <span class='ocrx_word' id='word_1_853' title='bbox 2310 4806 2504 4860; x_wconf 80' lang='grc' dir='ltr'>εἰπεῖν’</span> <span class='ocrx_word' id='word_1_854' title='bbox 2536 4804 2712 4869; x_wconf 77' lang='grc' dir='ltr'>οὐδεὶς</span> <span class='ocrx_word' id='word_1_855' title='bbox 2743 4804 2852 4875; x_wconf 89' lang='grc' dir='ltr'>γάρ</span> <span class='ocrx_word' id='word_1_856' title='bbox 2883 4802 3047 4856; x_wconf 85' lang='grc' dir='ltr'>αὑτοῦ</span> <span class='ocrx_word' id='word_1_857' title='bbox 3087 4800 3428 4870; x_wconf 83' lang='grc' dir='ltr'>διαφεύξεται</span> <span class='ocrx_word' id='word_1_858' title='bbox 3452 4799 3545 4870; x_wconf 80' lang='grc' dir='ltr'>τὴν</span> 
     </span>
    </p>
   </div>
   <div class='ocr_carea' id='block_1_116' title="bbox 1964 4891 3545 4969">
    <p class='ocr_par' dir='ltr' id='par_1_116' title="bbox 1964 4891 3545 4969">
     <span class='ocr_line' id='line_1_116' title="bbox 1964 4891 3545 4969; baseline -0.008 -15"><span class='ocrx_word' id='word_1_859' title='bbox 1964 4897 2164 4969; x_wconf 81' lang='grc' dir='ltr'>ψῆφον,</span> <span class='ocrx_word' id='word_1_860' title='bbox 2186 4897 2322 4952; x_wconf 89' lang='grc' dir='ltr'>ἀλλά</span> <span class='ocrx_word' id='word_1_861' title='bbox 2351 4899 2550 4962; x_wconf 85' lang='grc' dir='ltr'>πάντες</span> <span class='ocrx_word' id='word_1_862' title='bbox 2571 4897 2787 4960; x_wconf 88' lang='grc' dir='ltr'>πάντως</span> <span class='ocrx_word' id='word_1_863' title='bbox 2812 4897 2860 4950; x_wconf 87' lang='grc' dir='ltr'>οί</span> <span class='ocrx_word' id='word_1_864' title='bbox 2886 4896 2943 4950; x_wconf 87' lang='grc' dir='ltr'>ἐν</span> <span class='ocrx_word' id='word_1_865' title='bbox 2976 4893 3308 4957; x_wconf 85' lang='grc' dir='ltr'>πλεονεξίαις</span> <span class='ocrx_word' id='word_1_866' title='bbox 3340 4891 3435 4944; x_wconf 91' lang='lat' dir='ltr'><strong><em>zeal</em></strong></span> <span class='ocrx_word' id='word_1_867' title='bbox 3452 4892 3545 4962; x_wconf 79' lang='grc' dir='ltr'>ἁρ-</span> 
     </span>
    </p>
   </div>
   <div class='ocr_carea' id='block_1_117' title="bbox 1967 4983 3546 5060">
    <p class='ocr_par' dir='ltr' id='par_1_117' title="bbox 1967 4983 3546 5060">
     <span class='ocr_line' id='line_1_117' title="bbox 1967 4983 3546 5060; baseline -0.006 -19"><span class='ocrx_word' id='word_1_868' title='bbox 1967 4989 2171 5057; x_wconf 90' lang='grc' dir='ltr'>παγαῖς</span> <span class='ocrx_word' id='word_1_869' title='bbox 2204 4988 2406 5053; x_wconf 84' lang='grc' dir='ltr'>ζῶντες</span> <span class='ocrx_word' id='word_1_870' title='bbox 2432 4987 2532 5060; x_wconf 79' lang='grc' dir='ltr'>τὴν</span> <span class='ocrx_word' id='word_1_871' title='bbox 2578 4989 2714 5059; x_wconf 79' lang='grc' dir='ltr'>παρ’</span> <span class='ocrx_word' id='word_1_872' title='bbox 2753 4985 2918 5040; x_wconf 82' lang='grc' dir='ltr'>αὑτοῦ</span> <span class='ocrx_word' id='word_1_873' title='bbox 2969 4984 3126 5055; x_wconf 87' lang='grc' dir='ltr'>δίκην</span> <span class='ocrx_word' id='word_1_874' title='bbox 3153 4983 3546 5036; x_wconf 84' lang='grc' dir='ltr'>ἑπισπάσονται</span> 
     </span>
    </p>
   </div>
   <div class='ocr_carea' id='block_1_118' title="bbox 1967 5074 3546 5153">
    <p class='ocr_par' dir='ltr' id='par_1_118' title="bbox 1967 5074 3546 5153">
     <span class='ocr_line' id='line_1_118' title="bbox 1967 5074 3546 5153; baseline -0.006 -18"><span class='ocrx_word' id='word_1_875' title='bbox 1967 5081 2066 5153; x_wconf 82' lang='grc' dir='ltr'>τὴν</span> <span class='ocrx_word' id='word_1_876' title='bbox 2107 5081 2373 5135; x_wconf 85' lang='grc' dir='ltr'>ἀθάνατον</span> <span class='ocrx_word' id='word_1_877' title='bbox 2419 5081 2635 5151; x_wconf 82' lang='grc' dir='ltr'>ἐκείνην</span> <span class='ocrx_word' id='word_1_878' title='bbox 2691 5079 2789 5134; x_wconf 90' lang='lat' dir='ltr'><strong><em>zeal</em></strong></span> <span class='ocrx_word' id='word_1_879' title='bbox 2818 5078 2973 5141; x_wconf 86' lang='grc' dir='ltr'>τέλος</span> <span class='ocrx_word' id='word_1_880' title='bbox 3003 5077 3104 5129; x_wconf 85' lang='grc' dir='ltr'>οὐκ</span> <span class='ocrx_word' id='word_1_881' title='bbox 3137 5074 3387 5146; x_wconf 76' lang='grc' dir='ltr'>ἔχουσαν,</span> <span class='ocrx_word' id='word_1_882' title='bbox 3444 5092 3546 5127; x_wconf 82' lang='grc' dir='ltr'>κα-</span> 
     </span>
    </p>
   </div>
   <div class='ocr_carea' id='block_1_119' title="bbox 1968 5163 3544 5245">
    <p class='ocr_par' dir='ltr' id='par_1_119' title="bbox 1968 5163 3544 5245">
     <span class='ocr_line' id='line_1_119' title="bbox 1968 5163 3544 5245; baseline -0.004 -19"><span class='ocrx_word' id='word_1_883' title='bbox 1968 5173 2146 5245; x_wconf 88' lang='grc' dir='ltr'>θάπερ</span> <span class='ocrx_word' id='word_1_884' title='bbox 2177 5167 2269 5227; x_wconf 85' lang='grc' dir='ltr'>οὗν</span> <span class='ocrx_word' id='word_1_885' title='bbox 2290 5173 2386 5228; x_wconf 92' lang='lat' dir='ltr'><strong><em>zeal</em></strong></span> <span class='ocrx_word' id='word_1_886' title='bbox 2421 5175 2450 5227; x_wconf 87' lang='lat'>0</span> <span class='ocrx_word' id='word_1_887' title='bbox 2477 5172 2730 5235; x_wconf 89' lang='grc' dir='ltr'>πλούσιος</span> <span class='ocrx_word' id='word_1_888' title='bbox 2755 5172 2984 5233; x_wconf 87' lang='grc' dir='ltr'>ἐκεῖνος.</span> <span class='ocrx_word' id='word_1_889' title='bbox 3010 5168 3187 5239; x_wconf 79' lang='grc' dir='ltr'>Ἀπερ</span> <span class='ocrx_word' id='word_1_890' title='bbox 3218 5163 3311 5221; x_wconf 83' lang='grc' dir='ltr'>οὖν</span> <span class='ocrx_word' id='word_1_891' title='bbox 3334 5166 3544 5221; x_wconf 74' lang='grc' dir='ltr'>ἅπαντα</span> 
     </span>
    </p>
   </div>
   <div class='ocr_carea' id='block_1_120' title="bbox 1968 5260 3544 5339">
    <p class='ocr_par' dir='ltr' id='par_1_120' title="bbox 1968 5260 3544 5339">
     <span class='ocr_line' id='line_1_120' title="bbox 1968 5260 3544 5339; baseline -0.007 -18"><span class='ocrx_word' id='word_1_892' title='bbox 1968 5268 2099 5339; x_wconf 83' lang='grc' dir='ltr'>παρ’</span> <span class='ocrx_word' id='word_1_893' title='bbox 2153 5268 2364 5330; x_wconf 78' lang='grc' dir='ltr'>ἑαυτοῖς</span> <span class='ocrx_word' id='word_1_894' title='bbox 2429 5265 2793 5333; x_wconf 84' lang='grc' dir='ltr'>συλλέγοντες,</span> <span class='ocrx_word' id='word_1_895' title='bbox 2851 5260 3141 5332; x_wconf 73' lang='grc' dir='ltr'>ἀγαπητοὶ,</span> <span class='ocrx_word' id='word_1_896' title='bbox 3197 5260 3271 5331; x_wconf 82' lang='grc' dir='ltr'>μὴ</span> <span class='ocrx_word' id='word_1_897' title='bbox 3322 5260 3449 5322; x_wconf 78' lang='grc' dir='ltr'>τοὺς</span> <span class='ocrx_word' id='word_1_898' title='bbox 3488 5262 3544 5311; x_wconf 81' lang='grc' dir='ltr'>ἐν</span> 
     </span>
    </p>
   </div>
   <div class='ocr_carea' id='block_1_121' title="bbox 1969 5350 3540 5431">
    <p class='ocr_par' dir='ltr' id='par_1_121' title="bbox 1969 5350 3540 5431">
     <span class='ocr_line' id='line_1_121' title="bbox 1969 5350 3540 5431; baseline -0.008 -16"><span class='ocrx_word' id='word_1_899' title='bbox 1969 5360 2203 5431; x_wconf 88' lang='grc' dir='ltr'>πλούτῳ,</span> <span class='ocrx_word' id='word_1_900' title='bbox 2237 5359 2373 5414; x_wconf 86' lang='grc' dir='ltr'>ἀλλὰ</span> <span class='ocrx_word' id='word_1_901' title='bbox 2402 5360 2528 5422; x_wconf 83' lang='grc' dir='ltr'>τοὺς</span> <span class='ocrx_word' id='word_1_902' title='bbox 2558 5359 2617 5411; x_wconf 86' lang='grc' dir='ltr'>ὲν</span> <span class='ocrx_word' id='word_1_903' title='bbox 2647 5357 2815 5427; x_wconf 82' lang='grc' dir='ltr'>ἀρετῇ</span> <span class='ocrx_word' id='word_1_904' title='bbox 2877 5353 3082 5420; x_wconf 85' lang='grc' dir='ltr'>ζῶντας</span> <span class='ocrx_word' id='word_1_905' title='bbox 3134 5350 3540 5423; x_wconf 83' lang='grc' dir='ltr'>μακαρίζωμεν·</span> 
     </span>
    </p>
   </div>
   <div class='ocr_carea' id='block_1_122' title="bbox 1972 5443 3543 5526">
    <p class='ocr_par' dir='ltr' id='par_1_122' title="bbox 1972 5443 3543 5526">
     <span class='ocr_line' id='line_1_122' title="bbox 1972 5443 3543 5526; baseline -0.008 -19"><span class='ocrx_word' id='word_1_906' title='bbox 1972 5453 2047 5526; x_wconf 80' lang='grc' dir='ltr'>μὴ</span> <span class='ocrx_word' id='word_1_907' title='bbox 2075 5454 2200 5517; x_wconf 81' lang='grc' dir='ltr'>τοὺς</span> <span class='ocrx_word' id='word_1_908' title='bbox 2227 5454 2285 5506; x_wconf 84' lang='grc' dir='ltr'>ἐν</span> <span class='ocrx_word' id='word_1_909' title='bbox 2316 5450 2494 5522; x_wconf 77' lang='grc' dir='ltr'>πενίᾳ,</span> <span class='ocrx_word' id='word_1_910' title='bbox 2524 5448 2661 5504; x_wconf 88' lang='grc' dir='ltr'>ἀλλά</span> <span class='ocrx_word' id='word_1_911' title='bbox 2695 5449 2820 5512; x_wconf 83' lang='grc' dir='ltr'>τοὺς</span> <span class='ocrx_word' id='word_1_912' title='bbox 2866 5449 2924 5501; x_wconf 85' lang='grc' dir='ltr'>ἐν</span> <span class='ocrx_word' id='word_1_913' title='bbox 2956 5445 3122 5519; x_wconf 80' lang='grc' dir='ltr'>κακίᾳ</span> <span class='ocrx_word' id='word_1_914' title='bbox 3149 5443 3543 5515; x_wconf 82' lang='grc' dir='ltr'>ταλανίζωμεν·</span> 
     </span>
    </p>
   </div>
   <div class='ocr_carea' id='block_1_123' title="bbox 1973 5536 3546 5617">
    <p class='ocr_par' dir='ltr' id='par_1_123' title="bbox 1973 5536 3546 5617">
     <span class='ocr_line' id='line_1_123' title="bbox 1973 5536 3546 5617; baseline -0.007 -18"><span class='ocrx_word' id='word_1_915' title='bbox 1973 5545 2049 5617; x_wconf 81' lang='grc' dir='ltr'>μὴ</span> <span class='ocrx_word' id='word_1_916' title='bbox 2078 5545 2146 5599; x_wconf 87' lang='grc' dir='ltr'>τά</span> <span class='ocrx_word' id='word_1_917' title='bbox 2174 5542 2419 5616; x_wconf 87' lang='grc' dir='ltr'>παρόντα</span> <span class='ocrx_word' id='word_1_918' title='bbox 2474 5541 2781 5613; x_wconf 89' lang='grc' dir='ltr'>βλέπωμεν,</span> <span class='ocrx_word' id='word_1_919' title='bbox 2831 5540 2969 5595; x_wconf 89' lang='grc' dir='ltr'>ἀλλά</span> <span class='ocrx_word' id='word_1_920' title='bbox 3002 5538 3071 5592; x_wconf 86' lang='grc' dir='ltr'>τὰ</span> <span class='ocrx_word' id='word_1_921' title='bbox 3124 5536 3383 5610; x_wconf 74' lang='grc' dir='ltr'>μέλλοντα</span> <span class='ocrx_word' id='word_1_922' title='bbox 3420 5553 3546 5590; x_wconf 86' lang='grc' dir='ltr'>σκο-</span> 
     </span>
    </p>
   </div>
   <div class='ocr_carea' id='block_1_124' title="bbox 1972 5629 3615 5713">
    <p class='ocr_par' dir='ltr' id='par_1_124' title="bbox 1972 5629 3615 5713">
     <span class='ocr_line' id='line_1_124' title="bbox 1972 5629 3615 5713; baseline -0.004 -24"><span class='ocrx_word' id='word_1_923' title='bbox 1972 5635 2183 5707; x_wconf 83' lang='grc' dir='ltr'>πῶμεν·</span> <span class='ocrx_word' id='word_1_924' title='bbox 2219 5635 2293 5707; x_wconf 80' lang='grc' dir='ltr'>μὴ</span> <span class='ocrx_word' id='word_1_925' title='bbox 2340 5633 2438 5706; x_wconf 77' lang='grc' dir='ltr'>τὴν</span> <span class='ocrx_word' id='word_1_926' title='bbox 2465 5631 2662 5699; x_wconf 77' lang='grc' dir='ltr'>ἔξωθεν</span> <span class='ocrx_word' id='word_1_927' title='bbox 2693 5632 3003 5706; x_wconf 75' lang='grc' dir='ltr'>περιϐολὴν,</span> <span class='ocrx_word' id='word_1_928' title='bbox 3040 5630 3177 5686; x_wconf 86' lang='grc' dir='ltr'>ἀλλά</span> <span class='ocrx_word' id='word_1_929' title='bbox 3213 5630 3274 5684; x_wconf 88' lang='grc' dir='ltr'>τὸ</span> <span class='ocrx_word' id='word_1_930' title='bbox 3311 5629 3544 5685; x_wconf 81' lang='grc' dir='ltr'>ἑκάστου</span> <span class='ocrx_word' id='word_1_931' title='bbox 3600 5698 3615 5713; x_wconf 26' lang='grc' dir='ltr'><em>ἐ</em></span> 
     </span>
    </p>
   </div>
   <div class='ocr_carea' id='block_1_125' title="bbox 1976 5722 3545 5799">
    <p class='ocr_par' dir='ltr' id='par_1_125' title="bbox 1976 5722 3545 5799">
     <span class='ocr_line' id='line_1_125' title="bbox 1976 5722 3545 5799; baseline -0.005 -16"><span class='ocrx_word' id='word_1_932' title='bbox 1976 5729 2212 5793; x_wconf 77' lang='grc' dir='ltr'>συνειδὸς</span> <span class='ocrx_word' id='word_1_933' title='bbox 2238 5726 2598 5798; x_wconf 77' lang='grc' dir='ltr'>ἐξετάζωμεν,</span> <span class='ocrx_word' id='word_1_934' title='bbox 2629 5727 2721 5782; x_wconf 85' lang='lat' dir='ltr'><strong><em>zeal</em></strong></span> <span class='ocrx_word' id='word_1_935' title='bbox 2746 5726 2844 5799; x_wconf 80' lang='grc' dir='ltr'>τὴν</span> <span class='ocrx_word' id='word_1_936' title='bbox 2890 5727 2956 5782; x_wconf 76' lang='grc' dir='ltr'>ἐκ</span> <span class='ocrx_word' id='word_1_937' title='bbox 2978 5724 3088 5781; x_wconf 87' lang='grc' dir='ltr'>τῶν</span> <span class='ocrx_word' id='word_1_938' title='bbox 3110 5722 3545 5795; x_wconf 81' lang='grc' dir='ltr'>κατορθωμάτων</span> 
     </span>
    </p>
   </div>
   <div class='ocr_carea' id='block_1_126' title="bbox 3176 5822 3250 5879">
    <p class='ocr_par' dir='ltr' id='par_1_126' title="bbox 3176 5822 3250 5879">
     <span class='ocr_line' id='line_1_126' title="bbox 3176 5822 3250 5879; baseline -0.041 0"><span class='ocrx_word' id='word_1_939' title='bbox 3176 5822 3250 5879; x_wconf 76' lang='lat'>‘29</span> 
     </span>
    </p>
   </div>
   <div class='ocr_carea' id='block_1_127' title="bbox 1926 5911 1971 5928">
    <p class='ocr_par' dir='ltr' id='par_1_127' title="bbox 1926 5911 1971 5928">
     <span class='ocr_line' id='line_1_127' title="bbox 1926 5911 1971 5928; baseline 0 0"><span class='ocrx_word' id='word_1_940' title='bbox 1926 5911 1971 5928; x_wconf 57' lang='grc' dir='ltr'>σέ..</span> 
     </span>
    </p>
   </div>
  </div>
