4046 6146
327 321 422 378 931

321 435 649 506 voluptatem
673 451 792 509 quas
816 451 883 494 ex
908 445 1053 495 recte
1082 437 1231 494 factis
1255 436 1624 508 proficiscitur,
1647 438 1906 496 Lazarum

327 528 620 596 imitemur,
646 529 840 587 divites
864 529 1022 585 simul
1047 545 1110 585 ac
1135 545 1419 601 pauperes.
1439 529 1556 585 Non
1582 531 1721 586 enim
1748 547 1914 587 unum

329 625 538 673 tantum
567 627 660 674 aut
686 618 813 687 duo,
841 619 1008 676 triave
1045 620 1255 676 virtutis
1295 621 1586 676 certamina
1623 623 1912 678 sustinuit:

325 723 514 765 verum
541 717 597 766 et
638 711 808 766 multo
835 711 1006 782 phtra,
1041 721 1428 783 paupertatem,
1459 711 1737 767 adversam
1766 713 1914 770 vale-

325 802 588 872 tudinem,
619 803 959 860 solitudinem
989 819 1052 860 ac
1078 803 1480 861 destitutionem
1506 805 1574 861 ab
1598 805 1662 861 iis
1699 805 1790 876 qui
1818 820 1915 860 cu-

318 909 440 948 ram
471 894 611 950 illius
650 909 840 966 gerere
865 895 1126 952 debebant
1154 914 1167 952 :
1196 895 1388 953 deinde
1411 896 1552 967 quod
1576 896 1692 952 haec
1735 897 1916 953 omnia

323 985 622 1053 patiebatur
649 988 702 1041 in
731 987 912 1054 domo,
931 1003 1049 1059 quae
1078 995 1288 1057 poterat
1313 986 1428 1043 haec
1452 988 1590 1043 mala
1620 987 1910 1056 depellere,

328 1090 503 1146 neque
541 1093 662 1132 eum
691 1078 800 1133 ullo
842 1078 1034 1134 solatio
1075 1078 1351 1148 quisquam
1381 1076 1725 1148 dignabatur;
1771 1076 1913 1147 quod

321 1165 527 1221 videret
553 1167 724 1234 illum,
752 1181 781 1221 a
805 1181 910 1237 quo
936 1167 1344 1238 despiciebatur,
1379 1154 1538 1221 tantis
1560 1165 1659 1221 frui
1680 1166 1908 1234 deliciis,

322 1269 494 1324 neque
522 1255 731 1311 deliciis
759 1257 918 1312 modo
947 1257 1072 1322 frui,
1103 1272 1288 1312 verum
1329 1257 1489 1311 etiam
1521 1272 1641 1312 cum
1672 1257 1913 1328 improbe

320 1345 542 1411 viveret,
591 1346 722 1400 nihil
755 1356 931 1402 tamen
974 1363 1136 1418 grave
1179 1347 1384 1418 perpeti
1418 1365 1431 1401 :
1464 1355 1720 1416 prteterea
1767 1347 1909 1417 quod

329 1449 437 1492 non
484 1436 703 1492 haberet
729 1435 956 1493 alterum
984 1437 1243 1492 Lazarum
1281 1437 1349 1492 ad
1396 1452 1553 1506 quem
1583 1439 1908 1507 respiceret;

319 1534 580 1594 prmtcrea
609 1527 752 1597 quod
780 1527 850 1584 de
885 1527 1275 1584 resurrectione
1295 1526 1431 1583 nihil
1460 1536 1642 1599 posset
1671 1527 1910 1598 philoso-

324 1614 471 1684 phari
500 1632 513 1668 :
541 1616 606 1670 ad
637 1617 750 1673 htee
781 1619 924 1688 quod
968 1633 1130 1689 super
1157 1618 1273 1675 bmc
1315 1634 1434 1689 qua:
1475 1616 1710 1674 diximus
1734 1619 1869 1673 mala
1891 1660 1907 1687 ,

317 1719 384 1758 ex
411 1706 801 1763 calamitatibus
841 1709 944 1764 illis
985 1724 1014 1763 a
1047 1709 1202 1780 vuigo
1250 1711 1440 1764 mlunt
1494 1710 1657 1764 ferret
1697 1709 1910 1779 opinio-

317 1809 480 1864 nem;
511 1799 652 1868 quod
683 1813 790 1854 non
836 1800 1054 1855 biduum
1088 1800 1410 1865 triduumve,
1442 1800 1536 1856 sed
1561 1816 1658 1870 per
1696 1815 1908 1855 omnem

321 1885 478 1940 vitam
523 1895 579 1942 et
617 1890 849 1959 seipsum
868 1891 1070 1946 videret
1118 1892 1170 1945 in
1209 1890 1475 1960 ejusmodi
1499 1891 1906 1956 calamitatibus,

315 1983 373 2030 et
393 1978 609 2034 divitem
660 1982 713 2035 in
744 1982 959 2038 diverso
1009 1999 1188 2038 rerum
1238 1993 1397 2038 statu.
1429 1983 1710 2050 Quomodo
1752 1983 1910 2052 igitur

314 2072 513 2127 erimus
552 2073 877 2139 excusandi,
929 2073 973 2128 si
1020 2089 1162 2128 eum
1192 2073 1278 2129 hic
1324 2084 1544 2129 cunctas
1592 2071 1908 2128 afllictiones

314 2162 472 2216 simul
519 2164 945 2233 conglomeratas
989 2173 1133 2220 tanta
1187 2165 1462 2234 pertulerit
1490 2165 1656 2218 animi
1701 2165 1907 2220 fortitu-

319 2255 466 2321 dine,
508 2271 605 2310 nos
635 2272 702 2312 ne
748 2258 1023 2312 dimidium
1075 2257 1288 2328 quidem
1343 2259 1531 2312 horum
1586 2257 1905 2312 tulerimus?

319 2345 434 2401 Non
461 2348 602 2402 enim
623 2357 796 2418 potes,
822 2363 925 2402 non
949 2359 1118 2418 potes,
1143 2349 1375 2419 inquam,
1405 2349 1566 2402 alium
1585 2363 1903 2418 quemquam

309 2591 392 2634 DE
436 2593 678 2638 LAZARO
721 2594 948 2639 CONCIO
1009 2595 1295 2639 SECUNDA
1355 2598 1368 2636 ε

1169 2697 1480 2741 DIEMONES
1529 2700 1542 2738 ε

375 2951 427 3007 1.
458 2950 666 3008 Primus
694 2953 762 3007 ad
787 2953 1017 3009 virtutem
1040 2955 1232 3026 gradus
1255 2995 1270 3021 ,
1295 2965 1366 3010 est
1391 2955 1575 3010 aliena:
1595 2955 1768 3009 virtuti
1793 2971 1891 3026 ap-

304 3043 566 3120 plaudere.
597 3073 668 3093 —.
697 3044 1000 3104 Admiratus
1025 3061 1143 3106 sum
1169 3046 1445 3109 caritatem
1477 3055 1708 3108 vestram
1731 3095 1746 3120 ,
1775 3061 1895 3108 eum

302 3158 474 3214 nuper
511 3143 579 3200 de
619 3145 821 3200 Lazaro
863 3145 1025 3200 verba
1065 3145 1327 3212 facerem,
1376 3145 1518 3214 quod
1555 3153 1610 3199 et
1647 3145 1894 3214 pauperis

302 3234 445 3290 illius
481 3235 812 3291 tolerantiam
854 3235 1107 3291 Iaudastis
1131 3278 1148 3302 ,
1193 3244 1249 3290 et
1293 3236 1471 3290 divitis
1511 3236 1890 3292 immanitatem

299 3324 854 3398 inhumanitatemque
895 3327 1143 3383 detestati
1178 3328 1325 3382 estis.
1354 3327 1488 3381 Nam
1514 3327 1613 3382 ista
1640 3343 1746 3382 non
1773 3326 1891 3381 vul-

298 3417 445 3489 garia
473 3427 600 3474 sunt
624 3419 778 3474 bonae
801 3420 994 3474 mentis
1024 3429 1358 3488 argumenta.
1409 3418 1622 3474 Etenim
1651 3420 1896 3488 quamvis

299 3523 406 3564 non
436 3517 703 3564 sectemur
731 3509 1004 3576 virtutem,
1031 3509 1077 3565 si
1104 3509 1382 3566 laudemus
1410 3517 1588 3565 tamen
1617 3511 1891 3580 virtutem,

297 3601 519 3657 omnino
547 3601 840 3672 poterimus
877 3601 944 3658 ad
985 3602 1125 3656 illam
1153 3602 1478 3674 pertingere.
1518 3602 1777 3659 Similiter
1799 3619 1894 3658 au—

299 3701 430 3758 tem,
457 3691 666 3747 etiamsi
697 3707 804 3748 non
848 3691 1110 3763 fugiamus
1139 3693 1396 3748 malitiam
1423 3734 1438 3760 ,
1467 3695 1513 3749 si
1545 3704 1722 3749 tamen
1754 3696 1894 3750 vitu-

297 3798 549 3854 peremus
580 3783 835 3840 malitiam
859 3826 876 3852 ,
923 3785 1041 3841 sine
1064 3785 1226 3840 dubio
1253 3786 1544 3854 poterimus
1579 3786 1723 3841 illam
1751 3785 1889 3842 efl‘u-

298 3889 444 3945 gere.
485 3875 744 3944 Quoniam
776 3875 936 3946 igitur
977 3875 1142 3930 multa
1167 3891 1290 3931 cum
1313 3876 1475 3932 animi
1519 3876 1888 3934 benevolentia

296 3981 574 4024 sermones
600 3969 718 4024 illos
733 3968 1037 4037 excepistis,
1065 3983 1164 4040 age
1186 3985 1304 4040 quae
1329 3978 1534 4024 restant
1559 3970 1718 4025 etiam
1735 3971 1887 4027 vobis

300 4058 684 4127 persolvamus.
716 4059 933 4114 Vidistis
953 4059 1104 4114 illum
1127 4060 1180 4114 in
1197 4061 1462 4116 vestibulo
1485 4061 1686 4130 divitis,
1710 4061 1889 4119 videte

295 4148 546 4206 eumdem
574 4149 735 4205 hodie
760 4150 813 4204 in
853 4150 973 4206 sinu
1000 4150 1230 4206 Abrahte
1260 4169 1274 4206 :
1301 4151 1505 4207 vidistis
1528 4151 1674 4208 illum
1703 4168 1824 4208 eum
1853 4168 1887 4208 a

294 4240 520 4294 canibus
553 4241 1051 4310 circumlingeretur
1068 4283 1084 4308 ,
1112 4241 1290 4296 videte
1319 4242 1567 4298 eumdem
1592 4245 1660 4300 ab
1683 4245 1886 4314 angelis

292 4331 550 4401 stipatum
581 4348 595 4384 :
626 4331 832 4385 vidistis
881 4331 1028 4386 illum
1073 4340 1186 4387 tum
1236 4333 1289 4387 in
1317 4342 1662 4404 paupertate,
1708 4336 1886 4393 videte

293 4438 440 4479 nunc
463 4422 708 4478 eumdem
735 4422 787 4478 in
816 4422 1020 4480 deliciis
1048 4423 1292 4481 :vidistis
1333 4425 1482 4481 illum
1517 4427 1572 4482 in
1610 4427 1780 4496 fame,
1802 4427 1886 4483 vi-

293 4515 419 4569 dete
460 4514 514 4569 in
562 4512 729 4568 multa
772 4528 952 4568 rerum
993 4511 1262 4570 affluentia
1293 4533 1307 4570 :
1335 4516 1543 4572 vidistis
1579 4518 1730 4573 illum
1768 4534 1888 4574 cer~

294 4613 500 4661 tantem
525 4646 542 4671 ,
573 4603 754 4660 videte
792 4613 1106 4659 coronatum
1143 4623 1157 4659 :
1187 4602 1396 4660 vidistis
1423 4605 1637 4662 labores
1659 4649 1674 4674 ,
1707 4608 1886 4665 videte

294 4694 573 4764 praemium
598 4737 614 4762 ,
657 4703 918 4766 quotquot
945 4695 1075 4752 estis
1093 4695 1178 4750 vel
1205 4695 1428 4763 divites,
1466 4697 1553 4753 vel
1581 4713 1839 4769 pauperes
1869 4718 1883 4756 :

291 4788 486 4843 divites
501 4788 737 4858 quidem,
759 4803 828 4844 ne
851 4787 1048 4860 putetis
1076 4788 1285 4844 divitias
1304 4789 1506 4860 aliquid
1537 4806 1656 4846 esse
1683 4793 1882 4864 magni,

291 4879 338 4934 si
369 4878 507 4934 desit
529 4879 736 4945 virtus;
779 4893 1042 4950 pauperes
1063 4894 1190 4936 vero
1213 4921 1230 4947 ,
1261 4895 1330 4936 ne
1365 4880 1615 4951 judicetis
1653 4897 1882 4953 pauper-

294 4978 460 5025 tatem
492 4969 656 5024 ullum
682 4985 803 5025 esse
826 4971 1027 5026 malum
1057 4989 1070 5026 :
1103 4971 1341 5041 utrisque
1368 4987 1498 5028 vero
1531 4976 1886 5031 communiter

291 5069 402 5115 stat
431 5060 516 5115 hic
558 5069 873 5130 praeceptor.
915 5062 1125 5119 Etenim
1167 5063 1214 5118 si
1251 5063 1341 5119 hic
1368 5064 1420 5118 in
1443 5073 1752 5135 paupertate
1778 5082 1882 5124 non

292 5152 598 5222 indignatus
619 5162 720 5216 est,
749 5168 906 5222 quam
933 5155 1141 5209 veniam
1165 5164 1457 5222 merentur,
1479 5157 1570 5227 qui
1601 5156 1653 5211 id
1683 5157 1882 5214 faciunt

293 5247 347 5300 in
395 5245 636 5301 divitiis?
684 5245 740 5301 Si
787 5247 873 5301 hic
913 5247 967 5302 in
994 5247 1132 5304 fame
1181 5249 1446 5319 tantisque
1489 5249 1645 5304 malis
1683 5250 1884 5320 degens

290 5339 490 5409 gratias
533 5338 678 5407 egit,
722 5337 848 5408 quid
891 5341 1246 5396 excusationis
1293 5339 1552 5408 afl‘erent,
1600 5341 1689 5411 qui
1726 5343 1883 5398 rebus

289 5428 636 5484 affluentibus
665 5445 769 5483 non
815 5429 881 5484 ad
923 5431 1164 5486 eamdem
1193 5433 1378 5488 volunt
1403 5434 1680 5502 pervenire
1711 5435 1880 5488 virtu-

293 5521 444 5576 tem?
469 5520 676 5574 Rursus
692 5534 970 5589 pauperes,
997 5523 1086 5591 qui
1109 5521 1327 5594 indigne
1350 5525 1676 5594 molesteque
1707 5524 1882 5580 ferunt

291 5621 584 5681 egestatem
606 5650 623 5676 ,
671 5627 828 5680 quam
863 5611 1216 5682 impetrabunt
1261 5617 1468 5671 veniam
1494 5657 1509 5684 ,
1564 5631 1684 5671 cum
1714 5617 1800 5672 hic
1827 5617 1880 5672 in

303 5798 318 5810 ,
355 5750 380 5811 1
410 5745 586 5811 uallata
613 5745 996 5811 cumlt‘txlicibus
1029 5756 1130 5799 \tss.
1171 5751 1329 5811 Regiis
1366 5749 1499 5811 18ft),
1550 5749 1687 5811 1960,
1716 5749 1836 5801 1963
1863 5764 1878 5802 :

290 5797 578 5856 Eolhertinis
600 5808 679 5868 49,
703 5807 811 5857 ὅθι.

1589 325 1670 383 DE
1707 327 1976 385 LAZARU
2013 330 2257 387 CONCIO
2295 331 2358 388 ll.

3503 329 3608 386 983

2016 457 2459 514 commemorare,
2487 446 2578 518 qui
2617 447 2739 503 talia
2767 457 3013 520 tantaque
3039 465 3322 522 perpessus
3349 455 3419 511 sit
3441 459 3602 514 mala.

2018 533 2258 606 Eamque
2299 536 2369 592 ob
2392 553 2506 592 rem
2549 538 2793 596 Christus
2821 540 2962 596 hunc
3003 543 3336 613 potissimum
3377 551 3603 620 exempli

2018 641 2176 682 causa
2202 630 2476 700 proposuit
2508 630 2560 685 in
2599 631 2856 701 medium,
2885 641 2945 688 ut
2981 635 3026 690 si
3070 638 3282 706 quando
3303 639 3356 692 in
3387 655 3472 694 res
3504 642 3601 696 tri-

2017 729 2128 775 stes
2169 719 2533 790 inciderimus,
2564 724 2966 780 considerantes
2995 736 3191 797 quanto
3219 729 3306 784 ille
3329 730 3606 789 intervallo

2017 825 2118 866 nos
2158 813 2460 882 superarit,
2509 828 2577 869 ex
2626 815 2766 870 illius
2801 815 3133 887 phi1030phia
3182 820 3310 874 satis
3353 836 3607 892 magnum

2017 899 2267 956 solatium
2307 903 2671 974 molestiaeque
2699 904 2929 960 lenimen
2975 907 3264 977 capiamus.
3293 908 3602 970 Communis

2016 992 2159 1047 enim
2187 992 2334 1048 orbis
2362 993 2549 1049 doctor
2577 995 2665 1050 ille
2693 998 2994 1066 propositus
3018 1007 3119 1066 est,
3149 1014 3262 1053 rem
3293 1016 3602 1069 quamcum-

2016 1098 2122 1155 que
2146 1084 2424 1140 molestam
2453 1085 2793 1154 patientibus,
2813 1089 2980 1158 quise
3001 1090 3433 1159 conspiciendum
3462 1107 3596 1159 prte-

2015 1173 2108 1230 bet
2149 1175 2414 1243 omnibus,
2460 1175 2664 1247 hosque
2705 1192 2892 1232 omnes
2940 1194 3199 1248 superans
3251 1181 3596 1236 afflictionum

2014 1265 2397 1337 magnitudine.
2425 1267 2530 1322 Pro
2556 1267 2640 1323 his
2685 1267 2844 1338 igitur
2872 1270 3119 1325 omnibus
3163 1271 3357 1340 gratias
3384 1281 3600 1340 agentes

2014 1357 2244 1426 benigno
2289 1357 2417 1424 Deo,
2449 1367 2783 1428 reportemus
2810 1373 2873 1412 ex
2904 1358 3002 1412 hac
3044 1361 3346 1415 narratione
3375 1362 3598 1415 fructum

2014 1455 2069 1502 et
2094 1447 2373 1503 utilitatem
2405 1465 2418 1502 :
2449 1449 2784 1504 continenter
2832 1449 2972 1503 hunc
2996 1457 3050 1504 et
3079 1449 3130 1502 in
3155 1450 3517 1516 consessibus,
3546 1460 3600 1506 et

2015 1537 2069 1591 in
2113 1537 2335 1604 aedibus,
2364 1545 2419 1592 et
2444 1539 2497 1592 in
2540 1537 2674 1603 foro,
2708 1538 2934 1608 denique
2962 1539 3015 1592 in
3045 1538 3188 1592 omni
3227 1539 3346 1593 loco
3369 1539 3598 1594 circum-

2013 1623 2269 1694 ferentes,
2292 1641 2604 1697 summoque
2629 1627 2804 1682 studio
2819 1627 3027 1681 divitias
3053 1643 3259 1693 omnes,
3284 1645 3413 1698 quas
3442 1629 3599 1684 habet

2014 1716 2130 1772 hare
2170 1718 2438 1787 parabola,
2489 1719 2868 1788 percipientes,
2897 1733 3004 1788 quo
3051 1719 3206 1773 simul
3237 1728 3290 1774 et
3318 1721 3597 1790 przesentia

2013 1811 2144 1865 citra
2170 1810 2466 1864 molestiam
2493 1810 2628 1863 mala
2645 1819 3088 1875 transcurramus,
3107 1819 3160 1864 et
3183 1809 3478 1865 futurorum
3504 1811 3598 1865 bo-

2006 1883 2204 1954 ‘norum
2266 1907 2540 1968 compotes
2603 1897 3077 1969 evadamuszqum
3141 1900 3293 1956 nobis
3351 1901 3597 1956 omnibus

2013 1991 2247 2059 contigat
2274 1989 2485 2059 assequi
2529 1991 2698 2060 gratia
2739 1990 3167 2060 henign'rtateqne
3197 1991 3405 2045 Domini
3433 1995 3597 2048 nostri

2012 2080 2138 2135 Jesu
2158 2079 2380 2146 Christi,
2408 2080 2493 2134 cui
2537 2095 2658 2134 cum
2703 2079 2861 2134 Patre
2889 2089 2943 2134 et
2969 2080 3166 2150 Spiritu
3198 2093 3382 2137 sancto
3405 2083 3594 2153 gloria,

2011 2169 2205 2236 honor,
2233 2170 2493 2237 adoratio,
2525 2185 2666 2225 nunc
2693 2179 2746 2226 et
2771 2185 3003 2240 semper,
3044 2180 3096 2226 et
3122 2172 3174 2226 in
3203 2174 3397 2227 saecula
3426 2188 3596 2229 saecu-

2011 2261 2207 2318 lorum.
2237 2263 2428 2317 Amen.

1433 2597 1513 2637 ET
1567 2595 1736 2647 QUOD
1780 2594 1996 2638 ANIME
2052 2593 2267 2636 MORTE
2323 2593 2635 2638 VIOLENTA
2693 2594 3172 2652 DECEDENTIUM,
3229 2595 3352 2639 NON
3398 2597 3590 2641 FIUNT

1591 2697 1802 2749 DEQUE
1845 2697 2096 2740 summo
2140 2698 2219 2739 ET
2265 2685 2729 2740 ELEEMOSYNA'.

2005 2954 2147 3009 fame
2192 2952 2557 3024 penuriaque,
2597 2954 2885 3011 solitudine
2927 2966 2982 3011 et
3022 2958 3246 3014 adversa
3287 2960 3592 3024 valetudine

2002 3045 2165 3108 vitam
2196 3043 2410 3106 assidue
2435 3048 2652 3106 trahens
2676 3044 2727 3106 in
2755 3047 2959 3108 aedibus
2986 3046 3165 3110 divitis
3188 3096 3203 3119 ,
3237 3064 3291 3110 et
3314 3057 3382 3111 ab
3410 3059 3582 3112 omni-

2002 3142 2102 3200 bus
2143 3143 2462 3213 despectus.
2507 3141 2575 3196 ad
2617 3142 2731 3197 haec
2761 3159 2866 3198 non
2909 3143 3109 3199 habens
3141 3145 3299 3200 alium
3325 3147 3392 3201 ad
3427 3163 3587 3218 quem

2001 3225 2190 3290 eadem
2233 3248 2542 3305 perpessum
2586 3234 2910 3304 respiceret,
2951 3236 3031 3292 sic
3057 3247 3309 3307 appareat
3347 3238 3585 3308 philoso-

2001 3323 2194 3394 phatus
2211 3323 2238 3378 ἲ

2075 3414 2224 3470 Dives
2247 3430 2359 3470 vere
2381 3413 2514 3484 quis.
2533 3442 2607 3454 —
2633 3413 2716 3468 Ab
2742 3413 2845 3469 hoc
2869 3414 3140 3471 discamus
3165 3431 3270 3472 non
3296 3433 3394 3488 pro
3419 3419 3588 3476 beatis

1999 3505 2198 3561 habere
2243 3504 2454 3570 divites,
2502 3519 2675 3574 neque
2698 3520 2797 3573 pro
2816 3506 3026 3562 miseris
3055 3506 3254 3564 habere
3283 3523 3544 3580 pauperes
3568 3527 3583 3562 :

1997 3596 2107 3652 imo
2144 3596 2189 3650 si
2218 3609 2404 3651 verum
2445 3594 2596 3651 fateri
2635 3595 2792 3662 licet,
2826 3612 2892 3651 ne
2917 3596 3066 3652 dives
3102 3598 3317 3668 quidem
3346 3600 3435 3656 ille
3459 3614 3543 3657 est
3564 3642 3586 3668 ,

1996 3687 2086 3756 qui
2109 3685 2286 3741 multis
2300 3685 2490 3754 opibus
2505 3685 2932 3742 circumvallatus
2951 3697 3052 3754 est,
3076 3689 3172 3744 sed
3197 3691 3286 3760 qui
3313 3705 3420 3748 non
3467 3698 3591 3763 eget

1997 3780 2176 3835 multis
2209 3797 2224 3835 :
2252 3779 2421 3835 necis
2449 3793 2650 3849 pauper
2677 3787 2782 3847 est,
2812 3780 2902 3851 qui
2928 3780 3061 3835 nihil
3091 3782 3345 3851 possidet,
3373 3784 3468 3840 sed
3490 3787 3582 3855 qui

1995 3873 2159 3929 multa
2187 3873 2516 3942 concupiscit
2543 3890 2558 3927 :
2589 3871 2777 3928 discite
2822 3872 2966 3928 hunc
3009 3887 3130 3930 esse
3158 3874 3319 3930 finem
3349 3891 3580 3947 pauper-

1995 3963 2118 4018 tatis
2137 3971 2189 4018 et
2207 3961 2516 4032 opulentiae.
2544 3960 2602 4016 Si
2622 3975 2780 4032 quem
2797 3961 2994 4018 videris
3019 3963 3182 4018 multa
3204 3967 3586 4036 concupiscen-

1994 4066 2101 4113 tem
2125 4098 2142 4123 ,
2189 4057 2492 4113 existimato
2532 4054 2676 4110 illum
2720 4054 2958 4109 omnium
2996 4069 3116 4110 esse
3163 4058 3578 4129 pauperrimum,

1991 4150 2152 4206 etiam
2199 4149 2246 4204 si
2294 4147 2565 4219 possideat
2605 4147 2846 4201 omnium
2883 4160 3036 4216 opes.
3087 4146 3320 4204 Rursum
3344 4150 3389 4206 si
3419 4167 3582 4222 quem

1991 4243 2191 4299 videris
2229 4257 2334 4297 non
2361 4241 2544 4296 multis
2571 4249 2853 4311 egentem,
2892 4239 3042 4294 illum
3074 4240 3324 4296 omnibus
3352 4244 3580 4312 opuleno

1993 4336 2185 4391 liorem
2207 4347 2327 4388 esse
2351 4332 2550 4399 ducito,
2569 4331 2774 4388 etiamsi
2800 4331 2931 4385 nihil
2957 4329 3242 4401 possideat.
3267 4331 3400 4387 Nam
3419 4335 3542 4391 men
3562 4367 3577 4380 .

1992 4427 2062 4482 tis
2107 4425 2333 4491 affectu,
2383 4441 2489 4479 non
2537 4423 2845 4479 facultatum
2887 4423 3088 4490 modo,
3138 4434 3499 4495 paupertatem
3523 4441 3580 4485 et

1991 4519 2316 4588 opulentiam
2361 4517 2626 4572 aestimare
2670 4515 3069 4571 consuevimus.
3114 4514 3574 4583 Quemadmodum

1990 4613 2152 4681 igitur
2180 4626 2334 4676 eum,
2378 4609 2468 4678 qui
2497 4616 2753 4678 perpetuo
2790 4607 2903 4662 sitit
2942 4623 3052 4662 non
3093 4608 3394 4665 dixerimus
3430 4620 3577 4667 recte

1990 4701 2169 4756 valere
2191 4741 2206 4765 ,
2249 4700 2410 4756 etiam
2438 4699 2483 4752 si
2512 4698 2662 4767 cepia
2690 4712 2868 4752 rerum
2906 4695 3125 4763 affluat,
3151 4699 3311 4753 etiam
3342 4699 3387 4753 si
3425 4700 3574 4768 juxta

1990 4792 2182 4848 ﬂuvios
2223 4805 2287 4845 ac
2327 4789 2502 4845 fontes
2545 4788 2826 4844 accumbat
2855 4805 2868 4843 :
2897 4786 3044 4860 (quid
3071 4788 3212 4844 enim
3241 4789 3456 4858 prodest
3488 4790 3573 4843 illa

1990 4899 2246 4952 aquarum
2278 4882 2464 4953 copia,
2509 4896 2631 4937 cum
2674 4878 2884 4935 aﬂ‘ectio
2926 4887 3140 4934 maneat
3176 4879 3578 4952 inexstincta)?

1991 4974 2174 5030 itidem
2201 4982 2256 5030 et
2283 4973 2334 5028 in
2356 4972 2606 5028 divitibus
2632 4971 2904 5036 faciamus,
2933 4985 3028 5025 eos
3048 4968 3136 5039 qui
3165 4979 3422 5040 perpetuo
3444 4985 3573 5026 con-

1989 5068 2302 5139 cupiscunt,
2349 5066 2638 5136 sitiuntque
2683 5064 2890 5130 aliena,
2941 5077 3010 5118 ne
3051 5071 3296 5131 putemus
3321 5077 3571 5133 umquam

1991 5176 2111 5214 esse
2137 5172 2332 5222 sanos,
2375 5172 2476 5212 nec
2521 5157 2626 5210 ulla
2673 5154 2772 5208 frui
2807 5168 2986 5208 rerum
3024 5153 3196 5223 copia.
3238 5153 3446 5206 Etenim
3479 5155 3568 5223 qui

1989 5266 2140 5305 suam
2193 5249 2360 5320 ipsius
2413 5247 2899 5317 concupiscentiam
2953 5260 3060 5299 non
3115 5253 3292 5315 potest
3347 5245 3572 5307 sistere.

1989 5343 2196 5398 etiamsi
2233 5353 2544 5397 cunctorum
2589 5339 2780 5405 opibus
2810 5337 3034 5392 vallatus
3063 5338 3164 5404 sit,
3194 5337 3460 5406 quomodo
3487 5338 3570 5393 fu-

1989 5442 2138 5489 turus
2161 5442 2246 5489 est
2273 5433 2319 5487 is
2344 5446 2594 5502 umquam
2642 5430 2695 5482 in
2735 5428 2974 5483 divitiis?
3023 5428 3132 5483 Eos
3155 5444 3282 5483 vero
3310 5430 3398 5498 qui
3429 5431 3570 5500 quod

1991 5527 2190 5582 habent
2233 5526 2361 5580 satis
2386 5539 2505 5579 esse
2537 5523 2770 5586 ducunt,
2805 5521 2999 5590 quique
3025 5536 3119 5576 sua
3149 5531 3292 5574 sorte
3331 5523 3566 5577 contenti

1988 5629 2146 5685 sunt,
2178 5633 2276 5672 nec
2299 5617 2496 5672 alienas
2524 5616 2969 5683 circumspectant
3009 5613 3317 5677 facultates,
3360 5615 3570 5671 etiamsi

1991 5710 2190 5766 fuerint
2209 5708 2443 5762 omnium
2471 5705 2799 5777 egentissimi
2822 5747 2837 5772 ,
2867 5706 3104 5759 omnium
3133 5704 3566 5776 opulentissimus

1991 5801 2186 5856 ducere
2225 5807 2453 5871 oportet.
2501 5799 2629 5854 Nam
2665 5797 2756 5868 qui
2801 5811 2907 5852 non
2963 5795 3161 5870 indiget
3209 5795 3421 5860 alienis,
3460 5797 3556 5849 sed
