4046 6146
522 284 562 338 .8
570 284 635 338 83

532 409 681 470 putat
711 401 811 455 sibi
837 399 964 454 satis
990 413 1107 455 esse
1135 398 1274 469 quod
1304 398 1485 464 habet,
1509 395 1745 450 omnium
1782 404 1863 448 est
1889 392 2109 461 opulcn-

533 493 786 546 tissimus.
834 491 939 546 Sed
977 490 1199 561 agedum
1227 490 1271 542 si
1311 489 1515 558 placet,
1547 486 1612 540 ad
1646 485 1968 555 propositam
1997 496 2108 534 ma—

532 587 716 638 teriam
767 592 1116 638 revertamur.
1189 581 1421 647 Accidit,
1474 579 1678 649 inquit,
1728 587 1784 630 ut
1837 583 2112 648 moreretur

529 674 774 742 Lazarus,
801 691 860 728 ac
883 675 1229 744 deportaretur
1253 672 1314 726 ab
1335 672 1524 742 augetis
1550 668 1700 742 (Luc.
1735 669 1821 723 16.
1851 667 1965 736 22).

601 767 809 820 Animas
841 765 1058 819 violenta
1084 773 1242 818 morte
1270 762 1616 816 decedentium
1637 777 1739 813 non
1773 760 1884 828 ﬁeri
1917 757 2106 810 daemo-

529 874 634 911 nes.
666 887 739 898 -——
761 857 858 912 Hic
875 856 1071 910 malum
1094 853 1377 925 quemdam
1403 853 1645 907 morbum
1667 851 1823 919 cupio
1839 865 1903 904 ex
1921 847 2109 904 vestris

529 947 721 1002 animis
745 947 978 1016 exigere.
1034 945 1169 1000 Sunt
1197 944 1338 999 enim
1385 943 1624 1012 plerique
1671 940 1973 1010 simplices,
2019 939 2107 1006 qui

529 1045 714 1107 putant
756 1037 959 1090 animas
986 1035 1218 1090 violenta
1252 1042 1425 1089 morte
1459 1030 1826 1087 decedentium
1857 1030 1967 1083 fieri
1995 1028 2106 1082 da:-

531 1143 736 1183 mones.
781 1127 897 1183 Non
925 1128 995 1181 ita
1037 1141 1097 1181 se
1124 1141 1210 1180 res
1251 1111 1449 1187 habet,
1497 1137 1602 1176 non
1632 1122 1702 1175 ita
1727 1135 1878 1174 sane.
1927 1117 2108 1187 Neque

534 1220 676 1274 enim
721 1219 913 1272 anima:
951 1217 1180 1272 violenta
1227 1223 1397 1270 morte
1431 1211 1796 1268 accedentium
1844 1209 2107 1263 fiuntdie-

528 1328 736 1378 moues,
769 1303 1276 1378 sed-animm‘potius
1303 1310 1354 1362 in
1377 1307 1608 1378 peccatis
1634 1306 1922 1361 viventium
1954 1321 1969 1358 :
2002 1319 2104 1356 non

537 1405 678 1474 quod
719 1412 952 1458 mutetur
982 1402 1188 1456 illarum
1217 1400 1506 1456 substantia
1532 1440 1548 1467 ,
1589 1397 1682 1453 sed
1709 1396 1848 1467 quod
1876 1398 2104 1466 ipsarum

528 1497 774 1549 voluntas
801 1494 1101 1549 daemonum
1123 1492 1432 1563 pravitatem
1464 1493 1715 1547 imitetur.
1747 1490 1862 1545 Hoc
1883 1498 1935 1543 ct
1954 1489 2105 1543 Chri-

527 1598 646 1643 stus
675 1588 806 1642 dixit
829 1587 1028 1643 Iudaeis
1049 1628 1063 1653 ,
1104 1585 1204 1640 Vos
1229 1585 1324 1654 ﬁlii
1349 1584 1536 1638 diaboli
1565 1584 1680 1638 estis
1702 1583 1873 1652 (Ioan.
1900 1581 1952 1635 8.
1977 1580 2064 1650 44)
2092 1597 2104 1633 :
2139 1615 2149 1636 κ

531 1681 668 1735 ﬁlios
692 1679 886 1734 diaboli
912 1678 1058 1743 dicit,
1089 1693 1193 1732 non
1222 1676 1361 1746 quod
1391 1676 1443 1730 in
1471 1675 1614 1729 illius
1648 1683 1887 1729 naturam
1925 1679 2106 1726 essent

528 1770 860 1824 transmutati
887 1810 901 1832 ,
934 1768 1027 1825 sed
1053 1769 1300 1838 quoniam
1343 1767 1483 1820 illius
1514 1781 1677 1836 opera
1705 1765 1983 1819 faciebant.
2016 1762 2104 1817 ld-

529 1862 673 1917 circo
731 1863 890 1917 etiam
944 1861 1157 1940 subjicit
1201 1876 1216 1914 :
1264 1858 1403 1914 Nam
1454 1859 1702 1912 desideria
1754 1857 1909 1922 patris
1958 1857 2105 1910 vestri

525 1952 674 2006 vultis
701 1952 865 2021 facere
891 1947 1080 2021 (Joan.
1109 1949 1161 2004 8.
1193 1951 1314 2022 44).
1356 1949 1555 2003 Rursus
1598 1949 1832 2004 Joannes
1861 1965 1873 2000 :
1905 1946 2102 2017 Progeo

526 2043 630 2097 nics
658 2042 943 2110 viperarum
967 2082 981 2105 ,
1023 2041 1132 2108 quis
1165 2039 1521 2094 demonstravit
1551 2039 1689 2092 vobis
1728 2038 1900 2108 fugere
1923 2053 1954 2089 a
1983 2053 2104 2090 ven-

527 2143 643 2186 tura
666 2132 787 2185 ira?
829 2129 1006 2185 Facite
1031 2130 1186 2200 igitur
1214 2133 1433 2199 fructum
1464 2128 1669 2198 dignum
1697 2127 2012 2197 paenitentiae,
2045 2142 2106 2178 ac

525 2238 588 2276 tte
629 2222 786 2275 vetitis
822 2221 987 2274 dicere
1019 2236 1036 2274 :
1064 2227 1255 2290 patrem
1295 2218 1534 2272 habemus
1578 2217 1852 2270 Abraham.
1897 2218 2104 2272 Etenim

525 2327 618 2367 eas
647 2313 790 2382 leges
825 2311 1063 2382 agnoscit
1109 2310 1513 2381 pr0pinquitatis
1551 2309 1854 2378 Scriptura,
1903 2318 1961 2362 ut
1999 2325 2104 2363 non

525 2403 615 2473 qui
641 2411 826 2457 natura
859 2401 1127 2473 conjuncti
1171 2409 1323 2468 sunt,
1368 2399 1459 2454 sed
1501 2400 1586 2470 qui
1619 2400 1812 2454 virtute
1843 2399 2106 2454 malitiave

529 2493 809 2564 propinqui
852 2501 1007 2559 sunt,
1037 2493 1204 2547 soleat
1230 2491 1497 2560 appellare
1525 2498 1797 2560 cognatos.
1835 2489 1900 2543 Et
1929 2489 2106 2558 cujus-

527 2600 756 2655 cumque
794 2599 973 2639 mores
999 2583 1190 2652 aliquis
1218 2582 1574 2651 expresserit,
1607 2580 1761 2651 hujus
1781 2589 1836 2636 et
1863 2581 2023 2635 filium
2053 2591 2107 2636 et

528 2677 747 2733 fratrem
772 2678 920 2732 illum
945 2690 1064 2732 esse
1083 2676 1212 2730 dicit
1235 2673 1528 2744 Scriptura.

594 2770 651 2824 2.
681 2771 750 2824 At
789 2767 940 2838 cujus
979 2767 1052 2824 rei
1093 2767 1259 2837 gratia
1302 2766 1544 2821 diabolus
1588 2767 1742 2820 istam
1796 2779 2102 2837 perversam

527 2859 832 2930 opinionem
862 2857 1107 2914 invexit?
1151 2855 1386 2912 Conatus
1414 2865 1497 2910 est
1540 2865 1830 2928 martyrum
1857 2853 2106 2911 defodere

523 2963 582 3010 et
609 2955 835 3009 obruere
862 2951 1108 3022 gloriam.
1159 2950 1369 3005 Etenim
1413 2962 1534 3003 cum
1573 2947 1647 3002 illi
1685 2957 1856 3003 morte
1879 2946 2105 3001 violenta

525 3045 880 3112 decesserint,
911 3044 1128 3114 cupiens
1158 3057 1372 3113 pravam
1402 3041 1469 3097 de
1498 3041 1600 3096 illis
1623 3043 1838 3113 gignere
1860 3041 2108 3111 suspicio-

526 3155 670 3204 nem,
695 3139 796 3193 hoc
813 3136 938 3193 fecit
966 3156 979 3193 :
1003 3151 1186 3192 verum
1216 3151 1322 3190 non
1349 3135 1522 3204 potuit
1552 3152 1565 3188 :
1597 3141 1944 3202 perseverant
1963 3135 2104 3188 enim

528 3242 827 3304 martyres,
879 3231 1154 3300 proprium
1207 3228 1508 3285 obtinentes
1555 3226 1916 3297 splendorem.
1968 3227 2105 3293 Quin

527 3324 668 3379 aliud
712 3323 879 3378 multo
913 3321 1182 3377 crudelius
1217 3320 1571 3392 perpetravit,
1618 3319 1870 3374 maleficis
1901 3319 2104 3388 ipsique

528 3413 936 3468 iuservientibus
963 3425 1058 3481 per
1082 3410 1177 3464 has
1200 3411 1482 3480 Opiniones
1505 3411 1770 3478 persuasis
1795 3450 1811 3477 ,
1837 3417 1896 3463 ut
1925 3418 2108 3463 tenera

529 3491 812 3560 multorum
835 3501 1234 3556 adolescentum
1265 3513 1491 3568 corpora
1516 3498 1862 3564 trucidarent,
1892 3513 2108 3568 speran-

530 3607 612 3650 tes
650 3595 916 3656 futurum,
966 3601 1025 3646 ut
1063 3590 1253 3646 ﬂerent
1295 3589 1601 3656 daemones,
1653 3605 1940 3659 rursusque
1982 3591 2108 3659 ipsis

531 3687 868 3742 inservirent.
901 3683 1098 3738 Verum
1129 3696 1234 3735 non
1260 3690 1382 3736 sunt
1410 3681 1506 3734 ista
1535 3696 1658 3734 vera
1678 3723 1691 3742 ,
1734 3696 1837 3734 non
1876 3690 1998 3735 sunt
2025 3682 2106 3735 in-

532 3793 709 3848 quam.
735 3774 871 3844 Quid
899 3774 1052 3844 igitur
1073 3771 1608 3842 estquod-daemones
1635 3771 1835 3834 dicunt,
1865 3772 2106 3826 monachi

533 3871 676 3925 illius
725 3882 842 3922 sum
893 3863 1109 3920 anima?
1164 3863 1305 3918 Sane
1356 3870 1572 3932 prOpter
1629 3861 1730 3915 hoc
1780 3863 1950 3930 ipsum
2004 3878 2108 3916 non

531 3961 726 4026 credo,
779 3958 900 4028 quia
945 3955 1218 4010 daemones
1261 3953 1487 4009 dicunt:
1516 3952 1784 4023 decipiunt
1828 3954 1969 4008 enim
2012 3970 2108 4008 au-

531 4053 768 4107 ditores.‘

601 4143 816 4198 Damon
841 4155 930 4194 nec
953 4155 1068 4194 vera
1091 4138 1260 4192 dicens
1275 4136 1555 4190 audiendus
1584 4145 1674 4191 est.
1695 4135 2111 4206 —Quaproptcr

528 4244 585 4290 et
614 4233 806 4289 Paulus
833 4231 961 4301 ipsis
985 4228 1342 4284 tametsi'vera
1363 4226 1660 4282 dicentibus
1681 4227 1931 4297 imposuit
1957 4228 2112 4282 silen-

531 4330 686 4395 tium,
715 4341 781 4380 ne
801 4340 865 4380 ex
895 4323 1036 4379 veris
1058 4323 1197 4377 nacti
1233 4321 1584 4386 occasionem,
1613 4329 1733 4391 post
1759 4320 2110 4377 admiscereut

533 4417 842 4481 mendacia,
897 4414 1162 4484 fidemque
1213 4413 1313 4468 sibi
1365 4413 1730 4468 conciliarent.
1786 4413 1915 4468 Cum
1968 4415 2109 4469 enim

534 4508 796 4562 dixissent
815 4547 828 4568 ,
858 4504 954 4558 Isti
974 4503 1199 4557 homines
1225 4503 1351 4556 servi
1372 4502 1464 4556 Dei
1489 4503 1723 4557 altissimi
1749 4513 1884 4570 sunt,
1916 4521 2115 4558 annun-

533 4600 714 4653 tiantes
747 4597 882 4651 vobis
921 4596 1052 4649 viam
1090 4595 1266 4648 salutis
1297 4594 1432 4662 (Act.
1465 4593 1550 4648 16.
1579 4596 1704 4664 Π),
1751 4594 1935 4650 dolens
1969 4597 2112 4665 Apo-

534 4692 704 4746 stulus
745 4689 1035 4758 increpavit
1078 4686 1412 4757 Pythonem,
1460 4697 1618 4756 atque
1664 4688 1809 4742 exire
1831 4689 2010 4758 jussit.
2048 4689 2115 4744 Et

535 4795 711 4840 tamen
737 4781 863 4854 quid
890 4781 1014 4835 mali
1041 4779 1288 4834 dicebant
1316 4793 1330 4830 :
1363 4776 1458 4830 Isti
1498 4777 1722 4832 homines
1760 4780 1889 4834 servi
1918 4778 2016 4832 Dei
2039 4781 2117 4834 al-

534 4876 713 4932 tissimi
741 4872 898 4927 sunt?
934 4870 1040 4926 Sed
1075 4868 1325 4939 quoniam
1355 4867 1594 4938 plerique
1627 4868 1978 4938 simpliciores
2005 4887 2113 4926 non

535 4976 732 5023 norunt
756 4978 966 5034 semper
991 4961 1285 5030 dijudicare
1312 4975 1431 5029 qua:
1451 4974 1480 5013 a
1497 4959 1825 5016 daemonibus
1846 4960 2111 5028 dicuntur,

535 5059 703 5114 semel
732 5072 825 5112 eos
859 5054 1081 5110 exclusit
1107 5067 1137 5106 a
1163 5051 1286 5108 fide.
1336 5052 1416 5106 Ex
1463 5051 1736 5107 infamium
1780 5070 2003 5109 numero
2032 5071 2110 5122 es,

537 5153 728 5223 inquit,
757 5165 862 5204 non
893 5155 975 5203 est
1001 5156 1149 5201 tuum
1177 5144 1344 5200 libere
1369 5145 1510 5214 loqui
1535 5186 1551 5210 ,
1578 5153 1695 5200 tace
1719 5187 1734 5211 ,
1762 5146 2070 5202 obmutesce
2100 5167 2112 5202 :

539 5260 643 5300 non
674 5252 757 5298 est
782 5252 932 5296 tuum
956 5239 1249 5310 praedicare
1268 5279 1282 5305 ,
1314 5239 1672 5307 apostolorum
1702 5239 1800 5292 ista
1827 5249 1909 5294 est
1930 5252 2115 5295 aucto-

542 5340 696 5392 ritas.
742 5337 880 5404 Quid
907 5349 1130 5403 usurpas
1158 5333 1298 5402 quod
1335 5341 1478 5386 tuum
1509 5349 1614 5386 non
1650 5332 1765 5386 est?
1807 5331 1950 5399 Sile,
1985 5335 2118 5388 infa-

532 5432 642 5485 mis
667 5444 744 5483 es.
773 5430 862 5483 Sic
885 5437 939 5482 et
966 5426 1210 5480 Christus
1235 5425 1473 5479 dicentes
1505 5425 1603 5494 ipsi
1631 5424 1922 5490 dmmoues,
1953 5425 2115 5479 Novi-

542 5537 649 5573 mus
671 5530 715 5572 te
738 5521 823 5588 qui
847 5520 934 5583 sis,
966 5516 1255 5584 increpavit
1277 5515 1439 5569 multa
1462 5530 1580 5569 cum
1613 5515 1900 5570 acrimonia
1924 5515 2112 5588 (Marc.

543 5617 592 5668 ‘..
625 5614 725 5676 24,
751 5622 797 5664 et
822 5611 943 5663 Luc.
967 5612 1018 5663 4,
1042 5611 1134 5679 ’54)
1164 5627 1176 5661 :
1204 5609 1356 5664 nobis
1407 5609 1576 5679 legem
1618 5611 2000 5678 prtescribens,
2051 5627 2117 5667 ne

537 5719 645 5772 quo
679 5714 834 5775 pacto
859 5702 1086 5758 daemoni
1116 5700 1337 5755 fidamus
1359 5742 1376 5769 ,
1419 5702 1628 5758 etiamsi
1657 5702 1748 5758 tibi
1777 5704 1972 5774 aliquid
2003 5706 2114 5760 veri

1300 282 1339 338 S
1395 279 1670 336 JOANNIS
1708 271 2177 332 CHRYSOSTOMI
2221 269 2532 324 ARCHIEP.
2576 267 3111 324 CONSTAN’I'INOP.
3670 275 3749 333 9m

2225 387 2436 442 dixerit.
2471 387 2564 442 llis
2587 386 2744 457 igitur
2770 388 3013 456 cognitis,
3045 403 3113 443 ne
3142 401 3369 458 prorsus
3387 401 3643 458 credamus
3661 405 3745 459 ἀπε.

2220 478 2363 532 moui
2395 495 2407 531 :
2439 477 2545 532 imo
2568 480 2723 532 etiam
2746 479 2789 532 si
2813 479 2938 549 quid
2957 481 3067 533 veri
3096 479 3361 549 loquatur,
3389 481 3630 552 fugiamus
3649 505 3740 540 eum

2217 578 2272 623 et
2299 584 2619 638 aversemur.
2673 569 2804 624 Nam
2832 586 2960 626 sana
3004 571 3246 642 dogmata
3286 574 3638 646 salutiferaquc
3663 596 3741 632 non

2217 676 2245 712 a
2276 661 2608 716 daemonibus
2632 703 2647 728 ,
2691 661 2783 716 sed
2823 678 2888 718 ex
2937 663 3114 718 divina
3140 663 3414 735 Scriptura
3444 652 3560 722 licet
3596 684 3744 723 exacte

2217 750 2443 830 discere.
2500 753 2571 808 Ut
2612 754 2770 823 igitur
2798 756 3132 825 cognoscatis
3178 771 3283 812 non
3331 771 3485 827 posse
3527 758 3667 824 ﬁeri,
3703 778 3744 815 υ.

2217 842 2397 897 anima
2424 857 2651 914 corpore
2677 860 2892 916 egressa
2921 847 3096 901 veniat
3119 847 3218 902 sub
3240 849 3560 920 tyrannidem
3581 852 3744 908 dieme-

2217 949 2342 988 num
2361 976 2376 1002 ,
2417 935 2538 989 audi
2567 935 2696 1006 quid
2735 935 2864 991 dicit
2901 938 3097 992 Paulus
3130 956 3144 993 :
3173 937 3272 1006 Qui
3298 940 3428 993 enim
3453 953 3653 997 mortuus
3671 956 3743 1006 est,

2205 1028 2514 1097 justiﬁcatus
2541 1039 2614 1082 est
2638 1046 2669 1083 a
2690 1039 2891 1100 peccato
2918 1029 3094 1103 (Rom.
3121 1030 3174 1087 6.
3206 1032 3285 1099 7),
3315 1033 3417 1086 hoc
3440 1042 3517 1087 est
3545 1050 3635 1089 non
3655 1051 3743 1089 am-

2214 1118 2352 1188 plius
2387 1128 2590 1188 peccat.
2637 1119 2769 1174 Nam
2799 1121 2842 1175 si
2873 1121 3063 1176 anima:
3089 1122 3140 1176 in
3172 1137 3395 1194 corpore
3423 1126 3636 1180 manenti
3657 1128 3744 1182 dia-

2214 1208 2371 1262 bolus
2405 1225 2512 1264 non
2539 1219 2715 1280 potest
2741 1210 2940 1267 inferre
2970 1213 3073 1265 vim
3100 1255 3116 1278 ,
3155 1214 3487 1283 perspicuum
3524 1227 3598 1272 est
3630 1221 3743 1288 quod

2213 1314 2314 1354 nec
2342 1315 2591 1371 egressar.
2622 1302 2902 1370 Quomodo
2933 1303 3111 1371 igitur,
3137 1303 3328 1373 inquis,
3356 1315 3582 1375 peccant,
3608 1311 3644 1363 si
3661 1311 3740 1364 vim

2214 1407 2319 1445 non
2352 1393 2654 1460 patiuntur?
2679 1393 2933 1449 Volentes
2963 1402 3259 1466 sponteque
3283 1411 3347 1452 ac
3372 1401 3563 1467 seipsas
3589 1401 3741 1470 injuria

2212 1483 2506 1540 afﬁcieutes
2560 1495 2816 1556 peccant,
2871 1501 2977 1542 non
3035 1497 3236 1544 coactae
3287 1505 3461 1560 neque
3511 1494 3743 1561 tyrannide

2212 1590 2480 1644 oppressa:
2510 1594 2526 1632 :
2552 1577 2710 1649 idque
2734 1578 3005 1634 declarant
3033 1595 3220 1635 omnes
3247 1622 3262 1646 ,
3296 1583 3385 1650 qui
3410 1596 3741 1652 superaverunt

2212 1666 2352 1722 illius
2383 1668 2828 1724 machinamenta.
2859 1670 3032 1726 Veluti
3059 1670 3275 1727 beatum
3301 1672 3401 1728 Job
3426 1717 3438 1740 ,
3467 1689 3577 1728 cum
3600 1680 3740 1732 omnia

2214 1759 2548 1826 miscuisset,
2585 1775 2692 1815 non
2721 1761 2890 1831 potuit
2915 1770 3090 1818 tamen
3117 1765 3465 1833 persuadere,
3489 1777 3543 1820 ut
3571 1769 3742 1840 aliquod

2209 1850 2428 1905 verbum
2450 1850 2820 1921 blasphemum
2843 1854 3108 1922 proferret
3133 1854 3262 1926 (Job
3287 1855 3339 1908 2.
3369 1857 3420 1911 9.
3451 1857 3556 1929 10).

2281 1939 2515 1995 Liberum
2549 1942 2830 1997 arbitrium.
2858 1975 2928 1984 —
2955 1945 3106 2002 Unde
3133 1948 3470 2017 perspicuum
3501 1961 3574 2005 est
3599 1953 3644 2006 in
3669 1969 3741 2006 no-

2200 2030 2291 2097 bis
2317 2032 2474 2085 situm
2501 2046 2639 2098 esse,
2670 2041 2730 2088 ut
2756 2033 2839 2089 vel
2861 2035 3317 2106 obtemperemus,
3347 2039 3428 2094 vel
3458 2055 3553 2094 non
3578 2041 3744 2095 obtem-

2211 2114 2457 2190 peremus
2487 2123 2628 2177 illius
2652 2125 2890 2180 consiliis
2911 2167 2927 2194 ,
2970 2142 3070 2181 nec
3093 2143 3191 2184 nos
3213 2129 3376 2184 ullam
3406 2133 3742 2199 necessitatem,

2210 2228 2383 2283 neque
2410 2216 2744 2286 tyrannidem
2774 2219 2882 2287 pati
2909 2219 2977 2274 ab
3003 2219 3116 2274 illo.
3145 2220 3267 2275 Non
3296 2224 3462 2277 solum
3487 2240 3546 2278 ex
3571 2225 3626 2279 iis
3649 2241 3742 2295 qua:

2210 2305 2346 2360 dicta
2375 2315 2516 2374 sunt,
2546 2322 2729 2361 verum
2761 2308 2919 2363 etiam
2943 2326 3006 2364 ex
3031 2311 3128 2366 hac
3158 2313 3412 2381 parabola
3441 2315 3607 2384 liquet,
3633 2315 3742 2384 quod

2210 2397 2400 2450 animm
2426 2390 2619 2467 corpus
2642 2413 2870 2468 egressae
2892 2439 2910 2466 ,
2952 2416 3058 2455 non
3100 2403 3185 2457 hic
3231 2415 3636 2473 commorantur,
3672 2407 3744 2460 sed

2213 2489 2450 2556 protinus
2471 2487 2823 2544 abducuntur.
2853 2491 2917 2544 Et
2937 2493 3226 2560 quomodo,
3251 2495 3391 2549 audi.
3411 2496 3588 2550 Accidit
3611 2497 3742 2558 enim,

2212 2579 2410 2648 inquit,
2447 2588 2500 2631 ut
2547 2591 2853 2646 moreretur,
2887 2597 2946 2634 ac
2969 2582 3302 2637 deduceretur
3333 2585 3393 2638 ab
3425 2586 3598 2656 angelis
3622 2585 3743 2656 (an.

2213 2668 2298 2723 16.
2326 2669 2441 2739 22).
2490 2669 2606 2725 Νοη
2648 2671 2818 2725 solum
2845 2681 3020 2727 autem
3061 2673 3334 2743 justorum
3368 2677 3546 2731 anima:
3566 2719 3580 2744 ,
3607 2677 3684 2731 sed
3705 2673 3755 2729 ct

2209 2775 2393 2816 eorum
2421 2763 2509 2832 qui
2540 2763 2679 2818 male
2708 2764 2971 2831 vixerunt,
3003 2765 3128 2820 illuc
3158 2766 3526 2822 deducuntur:
3552 2777 3686 2838 atque
3707 2770 3746 2820 id

2209 2869 2419 2909 rursum
2449 2871 2517 2910 ex
2541 2856 2642 2910 alio
2671 2855 2834 2911 divite
2863 2858 3198 2927 perspicuum
3226 2869 3330 2915 est.
3355 2861 3617 2931 Postquam
3633 2862 3745 2915 enim

2210 2945 2425 3000 uberem
2447 2954 2761 3014 proventum
2789 2947 3162 3016 produxissent
3182 2951 3301 3020 agri
3333 2951 3509 3020 ipsius,
3535 2951 3647 3005 dicit
3667 2941 3747 3003 sibi

2211 3035 2311 3104 ipsi
2345 3053 2358 3089 :
2395 3035 2531 3102 Quid
2565 3036 2750 3106 faciam
2781 3052 2801 3091 :
2828 3037 3075 3092 demoliar
3103 3041 3291 3094 horrea
3325 3059 3430 3095 mea
3451 3083 3466 3107 ,
3502 3058 3557 3095 ac
3583 3042 3747 3113 majora

2210 3127 2471 3196 aediﬁcabo
2499 3125 2611 3196 (Id.
2637 3127 2724 3181 12.
2773 3128 2908 3198 18)⁶ἔ
2958 3129 3098 3183 Nihil
3142 3131 3248 3186 hac
3287 3141 3460 3188 mente
3504 3132 3744 3186 infelicius.

2211 3217 2349 3271 Vere
2387 3217 2672 3272 demolitus
2713 3225 2796 3274 est
2835 3233 2929 3274 sua
2975 3220 3140 3289 ipsius
3177 3205 3417 3278 horrea’:
3445 3237 3556 3278 nam
3591 3221 3745 3275 horrea

2211 3325 2329 3379 qua:
2357 3308 2652 3378 deprmdari
2679 3324 2783 3363 non
2807 3319 3029 3380 possunt
3050 3325 3158 3366 non
3185 3323 3316 3367 sunt
3350 3315 3500 3379 muri,
3527 3312 3608 3366 sed
3647 3326 3746 3380 pau-

2210 3419 2398 3474 perum
2423 3412 2656 3470 ventres,
2680 3403 2871 3473 quibus
2900 3404 2988 3457 illc
3016 3404 3278 3474 neglectis
3298 3405 3546 3460 sollicitus
3571 3412 3670 3458 erat
3692 3401 3745 3455 de

2212 3497 2522 3566 parietibus.
2575 3496 2712 3562 Quid
2757 3497 2912 3567 igitur
2949 3497 3077 3552 dicit
3123 3497 3197 3551 illi
3252 3499 3427 3553 Deus?
3471 3496 3748 3561 Stulte,hac

2211 3597 2354 3642 nocte
2371 3596 2592 3658 repetent
2625 3588 2848 3641 animant
2873 3597 3011 3641 tuam
3043 3588 3130 3642 abs
3156 3598 3201 3643 te
3245 3589 3353 3661 (Ib.
3375 3605 3420 3643 υ.
3451 3588 3555 3661 20).
3581 3588 3662 3642 Hic
3681 3587 3747 3640 in-

2211 3679 2325 3748 quit
2345 3677 2630 3733 deductum
2656 3678 2818 3733 fuisse
2839 3679 2904 3733 ab
2924 3680 3147 3750 angelis,
3177 3681 3291 3736 illic
3318 3691 3488 3736 autem
3514 3687 3744 3750 repetunt:

2212 3779 2266 3825 et
2291 3771 2430 3825 hunc
2440 3771 2659 3840 quidem
2675 3787 2774 3826 ceu
2795 3771 3026 3826 vinctum
3058 3772 3380 3836 educebant,
3415 3774 3551 3827 illum
3577 3786 3683 3823 vero
3702 3776 3747 3819 ut

2212 3866 2462 3914 cortinam
2481 3868 2776 3929 gestantem
2798 3861 3080 3930 stipabant.
3105 3862 3166 3915 Et
3187 3861 3614 3931 quemadmodum
3629 3873 3742 3918 eum,

2213 3953 2300 4022 qui
2334 3953 2476 4022 prius
2504 3953 2555 4006 in
2595 3953 2766 4008 stadio
2809 3955 2970 4008 multa
3018 3953 3239 4009 vulnera
3285 3956 3522 4024 accepit,
3567 3968 3621 4006 ac
3645 3966 3745 4005 san-

2213 4044 2371 4113 guine
2390 4058 2709 4112 conspersus
2735 4053 2835 4110 est,
2865 4054 2983 4113 post
3003 4060 3200 4101 corona
3231 4047 3392 4117 capiti
3418 4046 3601 4111 addita,
3623 4045 3652 4098 ii
3675 4041 3746 4110 qui

2213 4147 2336 4190 ante
2373 4135 2599 4190 stadium
2640 4144 2782 4190 stant
2805 4179 2819 4204 ,
2851 4147 3152 4207 susceptum
3181 4139 3344 4193 multa
3371 4154 3485 4193 eum
3515 4138 3650 4192 laude
3672 4134 3748 4188 do-

2215 4245 2357 4283 mum
2379 4228 2668 4294 deducuut,
2696 4230 3094 4300 applaudentes,
3121 4231 3260 4286 bene
3281 4232 3585 4297 ominantcs,
3613 4226 3748 4280 admi-

2216 4332 2412 4386 rantes,
2441 4322 2519 4377 sic
2547 4331 2601 4378 et
2626 4323 2796 4391 angeli
2827 4323 3087 4376 Lazarum
3113 4332 3224 4376 tum
3253 4322 3607 4384 deducebant,
3633 4317 3748 4372 illius

2215 4430 2344 4471 vero
2364 4415 2592 4468 animam
2621 4415 2930 4484 repetebant
2958 4412 3258 4469 metuenda:
3284 4413 3521 4484 quadam
3543 4412 3743 4465 virtutes.

2218 4507 2454 4562 fortassis
2478 4506 2544 4561 ad
2571 4507 2671 4562 hoc
2688 4507 2868 4561 missae
2897 4525 2912 4562 :
2935 4521 3106 4576 neque
3130 4507 3274 4562 enim
3305 4522 3396 4561 sua
3414 4514 3590 4575 sponte
3603 4500 3744 4556 anima

2217 4599 2282 4653 ad
2324 4599 2468 4652 illam
2508 4598 2710 4654 secedit
2747 4599 2906 4652 vitam
2932 4637 2948 4664 ,
2986 4607 3265 4667 propterea
3292 4597 3432 4667 quod
3462 4596 3636 4650 hocne
3658 4590 3746 4644 fieri

2217 4691 2428 4760 quidem
2474 4691 2656 4761 possit.
2709 4689 2842 4744 Nam
2883 4690 2928 4744 si
2971 4689 3235 4760 civitatem
3281 4690 3488 4744 cnvitate
3529 4691 3747 4740 mutantes

2217 4797 2435 4852 egemus
2473 4781 2848 4836 deductoribus
2871 4819 2885 4844 ,
2933 4781 3102 4835 multo
3144 4780 3311 4850 magis
3355 4780 3523 4834 anima
3559 4791 3584 4829 a
3619 4785 3748 4830 carne

2218 4875 2420 4931 divulsa
2439 4915 2454 4939 ,
2496 4883 2549 4929 et
2583 4873 2648 4928 ad
2678 4873 2905 4928 futuram
2934 4872 3196 4928 transiens
3227 4873 3388 4926 vitam
3418 4885 3547 4940 Opus
3573 4865 3746 4921 habebit

2219 4970 2319 5023 vize
2353 4967 2593 5022 ducibus.
2643 4965 2975 5035 Quapropter
3018 4964 3323 5032 frequenter
3371 4975 3507 5017 nunc
3545 4955 3744 5025 emergil.

2219 5076 2360 5115 nunc
2386 5061 2436 5113 in
2466 5057 2782 5129 profundum
2809 5055 3130 5125 demergitur
3152 5095 3168 5121 ,
3197 5054 3483 5124 metuitque
3519 5061 3569 5106 et
3603 5050 3744 5103 horret

2219 5167 2338 5206 cum
2369 5159 2450 5205 est
2473 5165 2501 5203 a
2527 5163 2686 5203 carne
2723 5147 3042 5203 discessura.
3100 5146 3233 5201 Nam
3278 5160 3399 5200 cum
3449 5156 3640 5212 semper
3673 5154 3746 5190 nos

2221 5244 2454 5300 stimulat
2481 5252 2815 5313 peccatorum
2842 5240 3198 5305 conscientia,
3243 5247 3354 5292 tum
3401 5250 3522 5291 vero
3559 5231 3747 5286 maxime

2223 5336 2310 5390 illa
2338 5335 2488 5400 hora,
2517 5349 2636 5387 cum
2668 5331 2790 5386 hinc
2815 5345 2996 5387 sumus
3020 5329 3314 5386 abducendi
3339 5328 3404 5382 ad
3433 5327 3517 5380 illa
3547 5324 3706 5377 tribuu:
3726 5346 3742 5354 -

2221 5430 2323 5495 lia,
2371 5427 2815 5496 metuendumque
2857 5425 3112 5495 judicium
3149 5442 3160 5477 :
3193 5432 3300 5477 tum
3346 5421 3482 5476 enim
3522 5418 3625 5472 sive
3652 5411 3745 5480 qua

2223 5521 2397 5589 rapuit
2417 5561 2432 5586 ,
2479 5518 2592 5573 sive
2625 5517 2886 5572 fraudavit
2908 5557 2922 5581 ,
2963 5516 3076 5570 sive
3102 5512 3415 5570 contumelia
3443 5507 3632 5569 affecit,
3654 5503 3743 5555 sive

2222 5613 2464 5682 cuiquam
2483 5620 2676 5681 praeter
2695 5624 2908 5665 causam
2927 5609 3172 5664 inimicus
3196 5604 3364 5661 factus
3383 5612 3480 5669 est,
3506 5599 3606 5655 sive
3631 5589 3741 5646 aliud

2223 5703 2590 5776 quodcumque
2613 5701 2815 5757 facinus
2839 5698 3160 5771 perpetravit
3191 5715 3204 5752 :
3234 5695 3504 5751 universus
3532 5685 3626 5742 illic
3645 5694 3738 5752 pce.
