4046 6146
272 379 362 436 983

272 488 397 544 ἐστὶν
422 484 817 555 εὐπορώτερος.
869 482 1011 542 Ἀλλῖ
1043 483 1090 534 εἰ
1126 482 1293 546 δοκεῖ,
1337 482 1431 534 ἐπὶ
1462 480 1564 552 τὴν
1598 496 1822 552 προκει-

273 571 417 640 μένην
438 567 693 620 ὑπόθεσιν
726 565 1125 636 ἐπανέλθωμεν.
1163 564 1446 634 Ἐγένετο,
1473 562 1659 633 φησὶν,
1682 562 1829 616 ἀπο-

272 651 452 705 θανεῖν
477 649 586 704 τὸν
624 648 917 718 Λάζαρον,
963 647 1062 702 καὶ
1108 645 1515 717 ἀπενεχθῆναι
1545 644 1663 700 ὑπὸ
1710 643 1831 697 τῶν

233 791 236 799 ,
267 734 539 806 ἀγγέλων.
766 748 769 751 ‘

341 815 599 871 Ἐνταῦθα
637 813 871 885 πονηρὸν
912 814 1128 884 νόσημα
1169 813 1271 881 τῆς
1313 811 1587 883 ὑμετέρας
1630 807 1832 875 ἐξελεῖν

274 897 514 971 βούλομαι
547 898 747 970 ψυχῆς.
785 899 897 954 Καὶ
930 897 1037 969 γὰρ
1078 896 1266 950 πολλοὶ
1303 893 1413 948 τῶν
1453 892 1832 965 ἀφελεστέρων

273 984 531 1053 νομίζουσι
554 981 655 1046 τὰς
679 982 858 1053 ψυχάς
897 980 1005 1035 τῶν
1033 980 1192 1051 βιαίῳ
1214 974 1433 1049 Θανάτῳ
1453 976 1832 1031 τελευτώντων

268 1067 513 1138 δαίμονας
539 1065 806 1136 γίνεσθαι.
831 1067 944 1119 Οὐκ
973 1064 1088 1117 ἐστι
1116 1065 1175 1118 δὲ
1202 1063 1389 1129 τοῦτο,
1420 1063 1520 1117 οὐκ
1549 1061 1719 1115 ἐστιν.
1757 1061 1830 1114 Οὐ

272 1153 367 1221 γὰρ
385 1152 439 1203 αἱ
459 1149 629 1220 ψυχαὶ
659 1149 767 1203 τῶν
792 1147 1249 1219 βιοθανατούντων
1274 1147 1528 1217 δαίμονες
1557 1144 1830 1214 γίνονται,

272 1234 373 1287 ἀλλ’
410 1234 467 1289 αἱ
506 1232 679 1303 ψυχαὶ
708 1232 817 1286 τῶν
850 1234 906 1287 ἐν
949 1232 1311 1302 ἁμαρτήμασι
1351 1228 1591 1293 ζώντων,
1640 1227 1700 1280 οὑ
1736 1227 1835 1296 τῆς

270 1317 441 1381 οὐσίας
457 1317 637 1371 αὐτῶν
666 1315 1163 1389 μεταϐαλλομένης,
1185 1314 1320 1369 ἀλλά
1346 1314 1443 1385 τῆς
1463 1310 1836 1383 προαιρέσεως

272 1400 438 1454 αὐτῶν
470 1399 567 1472 τὴν
601 1399 824 1453 ἐκείνων
857 1399 1199 1471 μιμουμένης
1221 1396 1443 1450 κακίαν.
1489 1394 1661 1449 Τοῦτο
1704 1392 1835 1462 γοῦν

273 1488 357 1540 καὶ
378 1485 512 1557 πρδς
550 1485 676 1546 τοὺς
716 1483 1002 1544 Ἰουδαίους
1044 1482 1218 1553 δηλῶν
1263 1481 1291 1533 6
1320 1479 1554 1551 Χριστὸς
1604 1478 1792 1546 ἔλεγεν
1817 1493 1831 1508 ο

284 1569 466 1639 Ὑμεῖς
494 1566 601 1621 τοῦ
645 1566 928 1620 διαϐόλου
961 1566 1080 1620 υίοί
1109 1566 1269 1620 ἐστε·
1312 1566 1464 1626 υἱοὺς
1498 1563 1557 1617 δὲ
1589 1560 1834 1615 διαϐόλου

274 1653 455 1713 αὐτοὺς
486 1647 658 1715 εἶπεν,
695 1649 796 1702 οὐκ
833 1647 1022 1721 ἐπειδὴ
1064 1649 1144 1710 είς
1188 1649 1288 1718 τὴν
1326 1645 1479 1719 [728]
1512 1645 1700 1698 οὐσίαν
1740 1643 1837 1714 τὴν

275 1734 465 1788 ἐκείνου
521 1732 839 1803 μετέπεσον,
893 1731 1030 1785 ἀλλὰ
1069 1731 1256 1803 ἐπειδὴ
1314 1732 1382 1786 τὰ
1434 1730 1572 1802 ἔργα
1624 1728 1835 1783 ἐκείνου

274 1819 478 1873 ἐποίουν
504 1835 518 1849 ο
541 1818 627 1871 διδ
670 1819 765 1870 καὶ
794 1815 1119 1889 προστίθησι
1147 1832 1161 1846 ·
1219 1816 1331 1882 Τὰς
1378 1815 1489 1886 γὰρ
1523 1815 1838 1883 ἐπιθυμίας

277 1902 371 1956 τοῦ
402 1901 622 1972 πατρὸς
671 1898 838 1969 ὑμῶν
886 1896 1086 1956 θέλετε
1132 1899 1352 1952 ποιεῖνο
1423 1899 1534 1952 Καὶ
1590 1898 1753 1951 πάλιν
1810 1902 1838 1950 ὀ

287 1987 544 2055 Ἰωάννης·
569 1983 922 2053 Γεννήματα
946 1982 1217 2051 ἐχιδνῶν,
1245 1984 1338 2048 τίς
1357 1983 1676 2046 ὑπέδειξεν
1698 1982 1841 2052 ὑμῖν

273 2069 475 2139 φυγεῖν
501 2068 618 2122 ἀπὸ
654 2064 760 2136 τῆς
779 2068 1128 2137 μελλούσης
1160 2064 1378 2135 (ἔργῆςὶ
1402 2065 1702 2134 Ποιήσατε
1725 2061 1840 2121 οὖν

276 2152 499 2222 καρπὸν
515 2152 589 2215 ᾰξ
595 2168 686 2205 ιον
706 2148 816 2218 τῆς
828 2148 1168 2218 μετανοίας,
1189 2148 1286 2202 καί
1301 2148 1387 2218 μὴ
1409 2148 1624 2217 δόξητε
1637 2148 1858 2218 λέγειν,

272 2233 494 2306 Πατέρα
515 2237 734 2305 ἔχομεν
759 2234 867 2287 τὸν
903 2231 1178 2301 Ἀϐραάμ.
1222 2232 1555 2302 Συγγενείας
1595 2234 1708 2304 γάρ
1751 2232 1839 2285 νό-

279 2337 423 2388 μους,
462 2320 522 2372 οὐ
557 2319 684 2380 τοὺς
716 2317 824 2370 ἀπὸ
850 2316 949 2387 τῆς
979 2315 1215 2385 φύσεως,
1251 2314 1387 2368 ἀλλά
1422 2317 1549 2379 τοὺς
1595 2316 1702 2369 ἀπὸ
1738 2315 1841 2384 τῆς

275 2403 467 2472 ἀρετῆς
505 2403 600 2454 καὶ
632 2400 735 2470 τῆς
781 2400 981 2461 κακίας
1023 2395 1163 2452 οἶδεν
1193 2399 1225 2469 ἠ
1258 2398 1450 2469 Γραφὴ
1484 2398 1670 2452 καλεῖν
1691 2415 1705 2429 ·
1748 2399 1843 2451 καὶ

274 2478 345 2538 ὧν
374 2484 438 2537 ἀν
474 2501 559 2547 τις
580 2482 881 2554 ὁμότροπος
905 2481 1132 2552 γένηται
1153 2521 1169 2545 ,
1204 2479 1395 2559 τοῦτον
1441 2481 1534 2534 καὶ
1583 2481 1699 2534 υἱὸν
1749 2481 1842 2534 καὶ

274 2568 493 2637 ἀδελφὺν
527 2562 667 2620 εἷναί
702 2582 866 2636 φησιν
895 2567 929 2635 ὴ
956 2564 1171 2635 Γραφή.
1310 2638 1313 2641 _

343 2651 406 2721 β’.
425 2649 583 2704 Ἀλλά
608 2648 750 2711 τίνος
769 2647 954 2700 ἐνεκεν
981 2650 1009 2700 6
1036 2645 1279 2711 διάϐολος
1305 2645 1366 2699 :6
1404 2646 1637 2718 πονηρὸν
1665 2647 1844 2717 δόγμα

275 2733 427 2787 τοῦτο
446 2734 706 2805 εἰσήγαγε
726 2748 742 2797 ;
766 2730 878 2801 Τὴν
904 2728 1014 2783 τῶν
1044 2728 1336 2800 μαρτύρων
1372 2730 1699 2802 ἐπεχείρησε
1735 2730 1843 2784 διο-

279 2816 431 2887 ρύξαι
458 2815 637 2878 δόξαν.
681 2812 899 2884 Ἐπειδὴ
940 2811 1049 2884 γὰρ
1086 2812 1245 2883 βιαίῳ
1275 2810 1491 2884 θανάτῳ
1520 2812 1843 2867 τελευτῶσιν

275 2901 500 2961 ἐκεῖνοι,
547 2896 864 2967 βουλόμενος
914 2894 1095 2949 αὐτῶν
1146 2896 1549 2950 κατασκεδάσαι
1601 2896 1844 2968 πονηρὰν

276 2979 540 3051 ὑπόληψιν
564 3020 579 3044 ,
634 2978 793 3032 τοῦτο
842 2979 1117 3047 ἐποίησεν.
1186 2978 1347 3033 Ἀλλὰ
1393 2979 1554 3033 τοῦτο
1606 2979 1705 3050 μὲν
1747 2980 1846 3032 οὑκ

276 3065 461 3135 ἴσχυσε
486 3081 498 3092 ·
537 3061 754 3134 μένουσι
795 3060 905 3134 γὰρ
950 3062 1049 3132 τὴν
1097 3062 1304 3115 οἰκείαν
1349 3060 1564 3131 ἔχοντες
1600 3060 1848 3133 λαμπρό-

272 3165 430 3218 τηταο
480 3147 667 3218 ἐτερον
703 3146 761 3199 δέ
804 3145 1188 3217 χαλεπώτατον
1239 3146 1671 3216 κατειργάσατο,
1723 3146 1847 3209 τοὺς

273 3232 474 3301 γόητας
497 3231 622 3295 τοὺς
651 3229 1122 3301 ὑπηρετουμένους
1148 3227 1297 3298 αὐτῷ
1315 3227 1403 3282 διὰ
1421 3227 1627 3282 τούτων
1652 3228 1848 3292 πείσας

272 3315 383 3368 τῶν
435 3313 719 3383 δογμάτων
745 3351 760 3376 ,
807 3310 1021 3364 πολλῶν
1069 3311 1205 3364 νέων
1239 3310 1425 3365 ἁπλῶν
1471 3311 1700 3383 σώματα
1747 3329 1847 3365 κα-

271 3398 600 3466 τασφάττειν
626 3393 802 3447 ἐλπίδι
835 3393 928 3446 τοῦ
968 3392 1228 3463 δαίμονας
1270 3393 1510 3459 ἔσεσθαι,
1556 3395 1652 3448 καὶ
1689 3393 1849 3448 πάλιν

272 3481 457 3543 αὐτοῖς
486 3480 799 3547 ὑπηρετεῖν.
840 3475 980 3529 Ἀλλ’
1029 3476 1129 3529 οὐκ
1160 3475 1276 3529 ἐστι
1321 3474 1523 3541 ταῦτα,
1568 3477 1667 3530 οὑκ
1711 3476 1845 3530 ἐστι.

273 3563 338 3616 Τί
383 3558 476 3615 οῦν
498 3602 513 3625 ,
553 3561 635 3613 ὃτι
670 3560 721 3612 οἱ
753 3559 1008 3629 δαίμονες
1053 3557 1294 3625 λέγουσι,
1330 3558 1441 3615 Τοῦ
1475 3558 1710 3630 μοναχοῦ
1755 3558 1848 3613 τοῦ

270 3648 442 3709 δεῖνος
463 3647 497 3715 ή
515 3642 661 3715 ψυχή
687 3644 824 3715 ειμι,
856 3642 1024 3713 φησί;
1061 3641 1158 3694 Διά
1182 3642 1289 3713 γὰρ
1318 3641 1474 3696 τοῦτο
1501 3644 1562 3696 οὑ
1588 3643 1847 3709 πιστεύω,

270 3729 462 3799 ἐπειδὴ
483 3728 736 3797 δαίμονες
756 3726 1027 3795 λέγουσιν’
1056 3724 1309 3778 ἀπατῶσι
1337 3724 1446 3797 γὰρ
1472 3726 1596 3790 τοὺς
1624 3726 1850 3780 ἀκούον-

268 3829 391 3877 τας.

344 3895 445 3949 Διά
474 3895 635 3950 τοῦτο
687 3896 783 3951 καὶ
820 3895 849 3948 6
889 3894 1102 3958 Παῦλος
1145 3893 1324 3947 καίτοι
1372 3910 1437 3963 γε
1484 3891 1850 3964 ἀληθεύοντας

270 3978 628 4049 ἐπεστόμισεν
665 3980 880 4043 αὐτοὺς,
916 3978 1002 4031 ἵνα
1034 3978 1109 4049 μὴ
1147 3976 1420 4049 πρόφασιν
1455 3975 1711 4040 λαϐόντες
1738 3981 1850 4041 τοῖς

268 4061 500 4132 ἀληθέσι
532 4062 626 4114 καὶ
655 4060 824 4132 ψευδῆ
854 4061 1018 4113 πάλιν
1046 4058 1351 4130 ἀναμίξωσι
1369 4098 1384 4122 ,
1421 4060 1516 4113 καὶ
1546 4059 1848 4124 ἀξιόπιστοι

267 4143 563 4211 γένωνται.
599 4141 824 4213 Ἐπειδὴ
861 4142 972 4215 γὰρ
1014 4140 1218 4210 ἔλεγον,
1249 4138 1426 4198 Οὗτοι
1469 4145 1520 4196 οἱ
1554 4142 1850 4212 ἄνθρωποι

266 4228 485 4282 δοῦλοι
506 4227 613 4282 τοῦ
643 4226 791 4281 Θεοῦ
831 4227 935 4281 τοῦ
954 4226 1219 4295 ὑψίστου
1243 4228 1383 4292 εἰσὶ,
1412 4225 1853 4294 καταγγέλλω-η

264 4328 375 4376 τες
393 4308 538 4378 ὑμῖν
562 4308 707 4363 ὁδὸν
737 4310 1052 4377 σωτηρίας,
1096 4307 1439 4377 διαπονηθεὶς
1466 4308 1544 4378 τῷ
1580 4307 1850 4377 πνεύματι

262 4393 578 4464 ἐπετίμησε
606 4390 684 4462 τῷ
725 4391 960 4456 Πύθωνι,
1003 4391 1097 4444 καὶ
1148 4390 1381 4458 ἐξελθεῖν
1424 4390 1697 4444 ἐκέλευσε’
1731 4392 1852 4444 καί-

263 4493 426 4545 τοιγε
454 4475 507 4528 τί
541 4473 778 4545 πονηρὸν
809 4472 1027 4541 ἐλεγον;
1057 4469 1233 4528 Οὗτοι
1280 4476 1336 4526 οἱ
1373 4473 1674 4541 ἄνθρωποι
1712 4468 1853 4527 δοῦ-

260 4565 374 4615 λοι
419 4557 528 4612 τοῦ
562 4558 710 4612 Θεοῦ
752 4556 860 4611 τοῦ
912 4558 1180 4625 ὑψίστου
1240 4557 1418 4610 εἰσίν.
1481 4557 1619 4610 Ἀλλ’
1665 4557 1851 4629 ἐπειδὴ

263 4643 463 4698 πολλοὶ
487 4641 596 4696 τῶν
622 4653 649 4684 ι
679 4640 1058 4711 ἀφελεστέρων
1102 4641 1190 4694 ἀεὶ
1219 4638 1516 4712 διακρίνειν
1557 4642 1657 4695 οὐκ
1706 4642 1851 4695 ἴσασι

260 4727 345 4781 τά
380 4726 529 4797 παρὰ
554 4725 664 4779 τῶν
713 4725 981 4797 δαιμόνων
1032 4724 1332 4795 λεγόμενα,
1381 4723 1634 4790 καθάπαξ
1670 4726 1852 4789 αὐτοῖς

260 4811 573 4868 ἀπέκλεισε
592 4810 655 4863 :6
669 4808 1037 4864 πιστεύεσθαι.
1060 4808 1181 4863 Τῶν
1197 4810 1559 4880 ἠτιμωμένων
1575 4806 1643 4873 εἴ,
1664 4812 1846 4880 φησὶν,

262 4894 727 4968 ἀπαρρησίαστος
760 4888 830 4961 εἴ,
861 4893 1060 4961 σιώπα,
1106 4893 1414 4963 πεφίμωσο·
1448 4892 1550 4945 οὑκ
1594 4892 1709 4947 ἐστι
1759 4893 1851 4946 σὺν

259 4981 329 5033 τὸ
363 4978 680 5051 κηρύττειν,
708 4977 1020 5032 ἀποστόλων
1063 4977 1181 5030 ἐστὶ
1212 4976 1371 5031 τοῦτο
1413 4977 1475 5031 τὸ
1519 4976 1753 5049 ἀξίωμα.
1786 4977 1852 5030 Τί

258 5059 552 5132 ἀρπάζεις
582 5060 646 5113 τὸ
690 5060 766 5132 μὴ
812 5060 935 5126 σόν;
974 5061 1131 5128 Σίγα,
1172 5059 1463 5130 ὴτίμωσαι.
1509 5060 1666 5114 Οὑτω
1706 5061 1853 5115 καὶὸ

257 5144 515 5218 Χριστὸς
571 5144 795 5213 ἐποίησε
825 5160 841 5176 ο
896 5143 1146 5213 λέγουσιν
1197 5142 1346 5214 αὑτῷ
1391 5147 1505 5208 τοῖς
1558 5144 1811 5216 δαίμοσιν
1834 5186 1849 5211 ,

255 5230 516 5300 υῐδαμέν
548 5245 606 5281 σε
632 5228 717 5292 τίς
746 5222 816 5292 εἴ,
851 5228 1183 5299 ἐπετίμησεν
1235 5229 1435 5292 αὐτοῖςι
1464 5229 1602 5299 μετά
1652 5229 1853 5300 πολλῆς

251 5315 373 5386 τῆς
407 5311 784 5384 σφοδρότητος,
810 5310 1073 5364 διδάσκων
1099 5312 1245 5382 ήμᾶς
1271 5312 1321 5376 b,
1353 5311 1602 5383 μηδαμοῦ
1638 5312 1854 5383 δαίμονι

329 5483 364 5545 Ρ
388 5481 515 5531 Tres
536 5493 650 5545 mss.
690 5486 743 5545 _et
785 5479 901 5545 Sav,
934 5480 1135 5545 ὑψίστου
1158 5479 1268 5545 εἰσὶ,
1312 5484 1703 5545 καταγγέλλοντες,
1743 5483 1855 5545 ἡμῖν

253 5544 384 5607 όδὸν
407 5542 663 5607 σωτηρίας,
678 5541 986 5607 διαπονηθεὶς
1009 5543 1078 5603 τῷ
1100 5541 1347 5607 πνεύματι,
1372 5541 1629 5607 ἐπετίμησε
1659 5547 1729 5607 τῷ
1752 5541 1853 5607 Πύ-

251 5606 402 5661 ϐωνι,
426 5605 508 5651 καὶ
527 5602 720 5666 ἐξελθεῖν
758 5605 1006 5666 ἐκελευσεζ
1031 5602 1186 5666 καίτοι
1203 5602 1249 5666 τί
1286 5605 1489 5666 πονηρὸν
1507 5602 1853 5666 ’ἔλεγον;ὀὺτοι

253 5670 301 5714 οἱ
329 5666 578 5727 ἄνθρωποι
598 5663 758 5727 δοῦλοι
779 5662 865 5712 τοῦ
888 5661 1012 5712 Θεοῦ
1033 5662 1118 5710 τοῦ
1138 5663 1340 5727 ὑψίστου
1362 5661 1492 5714 εἰσίν.
1542 5661 1669 5717 Ἀλλ’
1688 5661 1851 5727 ’ἐπειδή

254 5728 354 5775 πο)
364 5724 440 5774 λοὶ
464 5728 576 5774 τῶν.
606 5725 723 5774 Haec
744 5738 860 5773 vero
885 5727 1093 5775 deerant
1114 5727 1164 5774 in
1187 5724 1359 5776 Morel.

320 5788 356 5829 δ
381 5786 483 5839 Alii
503 5788 768 5849 νομοθετῶν
786 5787 910 5851 ἡμῖν.

1523 363 1611 418 DE
1650 361 1927 417 LAZARO
1970 361 2220 418 CONCIO
2258 361 2317 417 11.

1933 477 2240 543 πείθεσθαι,
2275 478 2409 550 μηδέ
2439 478 2503 533 άν
2544 496 2627 533 σοι
2658 478 2806 547 ὑγιές
2836 495 2890 531 τι
2917 477 3050 548 λέγῃ
3109 477 3281 548 "Amp
3311 454 3374 549 δή
3416 480 3511 533 καὶ

1934 559 2196 631 μαθόντες
2225 562 2300 634 μὴ
2346 560 2665 632 πειθώμεθα
2711 561 2926 632 δαίμονι
2956 561 3205 625 καθόλου,
3240 560 3376 614 ἀλλὰ
3410 561 3512 615 κᾶν

1930 643 2131 715 ἀληθές
2180 661 2235 697 τι
2292 645 2637 716 φθέγγηται,
2679 643 2968 714 φεύγωμεν
3019 644 3181 697 αὑτὸν
3234 645 3328 697 καὶ
3376 646 3512 697 ἀπο-
3552 634 3559 657 ξ

1934 726 2297 799 στρεφώμεθα
2316 745 2331 760 ο
2358 728 2426 780 τὰ
2454 731 2563 798 γάρ
2590 728 2717 798 ὑγιῆ
2752 727 2999 798 δόγματα
3036 728 3131 781 καὶ
3176 728 3421 799 σωτήρια
3451 728 3511 780 οὐ

1933 812 2085 884 παρὰ
2130 812 2419 882 δαιμόνων,
2458 811 2594 864 ἀλλὰ
2639 811 2790 883 παρά
2836 812 2936 881 τῆς
2970 810 3116 875 θείας
3143 811 3366 883 Γραφῆς
3400 814 3525 864 ἐστι.

1938 894 2054 967 μετ’
2087 893 2372 966 ἀκριϐείας
2409 895 2753 966 μαθεῖν.’¹οτι
2782 896 2889 967 γὰρ
2925 895 3025 948 οὑκ
3056 895 3172 948 ἐστι
3211 894 3386 966 ψυχὴν
3419 890 3512 947 τοῦ

1938 979 2188 1050 σώματος
2218 977 2543 1044 ἐξελθοῦσαν
2573 979 2677 1032 ὑπὸ
2705 981 2803 1050 τὴν
2839 979 2946 1032 τῶν
2967 979 3237 1050 δαιμόνων
3261 975 3525 1047 γενέσθαι

1908 1130 1911 1135 Ι
1934 1061 2246 1134 τυραννίδα,
2269 1062 2500 1116 ἄκουσον
2522 1065 2577 1114 τί
2604 1079 2766 1132 φησιν
2794 1064 2822 1115 6
2854 1062 3066 1135 Παῦλος
3085 1078 3099 1092 ο
3147 1062 3199 1114 Ὁ
3228 1061 3337 1130 γὰρ
3368 1062 3519 1116 dato-

1936 1132 2134 1198 θανὼν
2177 1143 2546 1198 δεδικαίωται
2587 1145 2696 1197 ἀπὸ
2741 1145 2840 1215 τῆς
2893 1132 3187 1217 άμαρτίας,
3219 1144 3516 1204 τουτέστιν,

1935 1228 2039 1281 οὐκ
2067 1228 2145 1281 ἔτι
2182 1227 2506 1299 ἁμαρτάνει.
2540 1227 2603 1279 EE
2629 1225 2736 1299 γὰρ
2764 1228 2821 1279 ἐν
2848 1225 2927 1297 τῷ
2957 1228 3171 1299 σώματι
3197 1228 3422 1299 οἰκούσῃ
3449 1228 3517 1296 τῇ

1934 1313 2083 1383 ψυχῇ
2116 1310 2236 1381 βίαν
2262 1311 2561 1379 ἐπαγαγεῖν
2590 1309 2649 1362 οὐ
2683 1309 2971 1381 δυνήσεται
3001 1312 3030 1363 6
3062 1310 3325 1374 διάϐολος,
3363 1308 3521 1380 εὑδη-

1937 1393 2030 1448 λον
2053 1395 2134 1447 ὅτι
2168 1393 2287 1448 οὐδὲ
2318 1392 2647 1466 ἀπελθούσῃ.
2683 1392 2809 1457 Πῶς
2849 1388 2943 1446 οὖν
2985 1395 3384 1466 ἁμαρτάνουσι,
3417 1411 3521 1464 φη-

1940 1477 2042 1542 σὶν,
2072 1479 2121 1531 εἰ
2159 1478 2231 1548 μὴ
2268 1476 2387 1547 βίαν
2415 1477 2732 1547 πάσχωσιν;
2771 1474 3024 1530 Ἑκοῦσαι
3050 1478 3145 1530 καὶ
3173 1475 3516 1547 βουλόμεναι,

1938 1561 2033 1614 καὶ⁵
2083 1560 2231 1633 [729]
2278 1562 2478 1624 ἑαυτὰς
2530 1558 2857 1624 ἐκδιδοῦσαι,
2906 1561 3007 1614 οὑκ
3054 1559 3517 1631 ἀναγκαζόμεναι,

1938 1645 2056 1698 οὐδὲ
2081 1662 2142 1697 τυ
2155 1644 2532 1715 ραννούμεναι.
2568 1645 2677 1699 Καὶ
2711 1644 2870 1698 τοῦτο
2901 1644 3176 1716 ἐδήλωσαν
3205 1644 3445 1708 ἅπαντες
3469 1646 3520 1697 οἰ

1941 1729 2354 1800 περιγενόμενοι
2400 1729 2509 1784 τῶν
2553 1729 2761 1783 ἐκείνου
2795 1728 3223 1801 μηχανημάτων.
3262 1729 3365 1782 Τὸν
3389 1726 3521 1797 γοῦν

1954 1811 2074 1865 Ἰὼϐ
2124 1813 2292 1884 μυρία
2328 1813 2576 1884 κυκήσας
2611 1813 2709 1865 οὑκ
2741 1810 2929 1883 ἴσχυσε
2966 1815 3152 1867 πεῖσαι
3201 1811 3522 1885 βλάσφημόν

1939 1912 1992 1949 τι
2025 1898 2177 1967 ῥῆμα
2211 1896 2540 1964 ἐξενεγκεῖν.

2012 1976 2175 2031 Ὅθεν
2204 1978 2362 2049 δῆλον
2392 1979 2475 2032 ὅτι
2506 1977 2716 2032 καὶτοῦ
2742 1978 3025 2033 πείθεσθαι
3056 1979 3151 2032 καὶ
3174 1978 3272 2032 ,τοῦ
3302 1977 3377 2049 μὴ
3406 1977 3525 2032 πεί-

1942 2058 2130 2113 θεσθαι
2158 2062 2282 2124 ταῖς
2313 2062 2520 2115 ἐκείνου
2568 2060 2898 2131 συμϐουλαῖς
2932 2064 3092 2133 ἡμεῖς
3124 2063 3291 2132 ἐσμεν
3319 2061 3522 2132 κύριοι,

1941 2145 2037 2198 καὶ
2088 2144 2334 2214 ἀνάγκην
2370 2144 2645 2216 οὐδεμίαν,
2678 2144 2798 2197 οὑδέ
2842 2146 3134 2217 τυραννίδα
3182 2145 3526 2214 ὑφιπάμεθα

1943 2229 2071 2299 παρ’
2099 2228 2329 2282 ἐκείνου.
2361 2229 2474 2282 υὺκ
2517 2230 2582 2282 ἐκ
2623 2229 2730 2282 τῶν
2761 2230 3063 2300 εἰρημένων
3092 2230 3148 2283 δέ
3179 2222 3360 2300 μόνον,
3391 2229 3527 2285 ἀλλὰ

1944 2311 2036 2362 καὶ
2066 2312 2129 2363 ἐκ
2160 2311 2261 2381 τῆς
2293 2313 2662 2383 προκειμένης
2702 2313 3016 2385 παραϐολῆς
3048 2313 3290 2385 εὔδηλον,
3322 2315 3402 2367 ὅτι
3431 2314 3525 2368 τοῦ

1945 2393 2194 2462 σώματος
2219 2395 2274 2446 αἱ
2307 2393 2476 2464 ψυχαὶ
2514 2392 2849 2459 ἐξελθοῦσαι,
2876 2397 2975 2450 οὑκ
3014 2398 3094 2450 ἐτι
3136 2396 3368 2451 ἐνταῦθα
3406 2396 3524 2449 δια-

1942 2476 2241 2547 τρίϐουσιν,
2283 2477 2399 2530 ἀλλ’
2425 2477 2629 2543 εὐθέως
2678 2480 2983 2550 ἀπάγονται
3006 2497 3020 2510 ·
3067 2482 3160 2535 καὶ
3191 2480 3353 2535 ἄκουε
3386 2479 3529 2545 πῶς.

1957 2559 2224 2628 Ἐγένετο
2260 2560 2369 2632 γάρ
2402 2561 2612 2626 αὐτὸν,
2649 2563 2834 2632 φησὶν,
2876 2564 3223 2630 ἀποθανεῖν,
3271 2565 3369 2619 καί
3413 2566 3528 2619 άπ-

1942 2640 2261 2711 ενεχθῆναι
2308 2642 2427 2698 ὑπὸ
2472 2642 2591 2699 τῶν
2620 2644 2910 2716 ἀγγέλων.
2940 2648 3051 2718 Οὐχ
3081 2649 3137 2702 αί
3167 2647 3275 2702 τῶν
3305 2648 3530 2702 δικαίων

1944 2725 2000 2779 δὲ
2032 2725 2212 2796 μόνον,
2248 2725 2384 2779 άλλά
2410 2728 2505 2781 καὶ
2531 2726 2640 2781 τῶν
2673 2730 2731 2782 ἐν
2766 2731 3002 2803 πονηρίᾳ
3040 2730 3257 2796 ζώντων
3289 2732 3532 2800 ἀπάγον-

1944 2824 2035 2860 ται
2058 2810 2174 2861 ἐκεί
2192 2810 2249 2861 αἱ
2269 2809 2437 2880 ψυχαί
2459 2828 2471 2841 ’
2499 2811 2773 2865 καὶτοῦτο
2799 2813 2856 2866 δὲ
2879 2814 3040 2868 πάλιν
3068 2814 3127 2879 ἐξ
3148 2815 3336 2887 ἐτέρου
3365 2815 3532 2868 πλου-

1948 2891 2062 2944 σίου
2091 2891 2270 2962 δῆλον.
2288 2893 2504 2964 Ἐπειδὴ
2531 2894 2643 2966 γὰρ
2671 2895 2973 2966 εὐφόρησεν
3000 2897 3033 2968 ἡ
3062 2896 3215 2969 χώρα
3239 2897 3424 2962 αὐτοῦ,
3455 2893 3531 2951 εἷ-

1947 2992 2046 3029 πεν
2084 2976 2140 3027 ἐν
2175 2974 2383 3045 ἐαυτῷ·
2435 2977 2497 3030 Τί
2536 2977 2801 3043 ποιήσω;
2834 2978 3066 3034 καθελῶ
3085 2997 3204 3050 μου
3242 2980 3349 3047 τὰς
3380 2981 3551 3043 ἀπτο-¹

1948 3061 2159 3127 θήκας,
2200 3060 2301 3113 καὶ
2337 3059 2613 3128 μείζονας
2641 3061 3036 3132 οἰκοδομήσω.
3072 3063 3237 3117 Οὐδὲν
3277 3063 3537 3117 ἀθλιώτε-

1950 3159 2042 3214 ρον
2067 3142 2167 3213 τῆς
2192 3141 2446 3213 τοιαύτης
2478 3143 2945 3215 γνώμης.Ὅντως
2970 3146 3218 3200 καθεῖλεν
3238 3146 3404 3201 αὐτοῦ
3430 3147 3531 3210 τὰς

1950 3222 2265 3296 ἀποθήκαςο
2297 3224 2573 3297 ἀποθήκαι
2605 3228 2715 3298 γὰρ
2747 3226 2934 3282 ἄσυλοι
2982 3228 3081 3300 οὑχ
3113 3230 3163 3281 οἱ
3193 3232 3383 3300 τοῖχοι,
3415 3229 3530 3284 ἀλλ’

1950 3308 2009 3361 αί
2043 3307 2152 3361 τῶν
2196 3309 2447 3379 πενήτων
2494 3310 2602 3363 εἰσὶ
2638 3309 2904 3382 γαστέρες
2927 3325 2940 3339 ·
2972 3311 3001 3364 6
3027 3311 3084 3364 δὲ
3108 3312 3323 3376 ἐκείνας
3351 3313 3531 3382 ἀφεὶς,

1954 3391 2083 3461 περὶ
2131 3391 2345 3461 τοίχους
2388 3391 2689 3463 ἠσχολεῖτο.
2720 3392 2788 3446 Τί
2833 3387 2927 3447 οὖν
2974 3410 3107 3464 φησι
3153 3394 3290 3466 πρὸς
3316 3394 3476 3449 αὐτὸν
3503 3396 3530 3445 6

1951 3472 2117 3539 Θεός;
2150 3474 2386 3543 Ἅφρον,
2407 3475 2592 3544 ταύτῃ
2626 3473 2702 3544 τῇ
2729 3475 2900 3530 νυκτὶ
2927 3477 3245 3532 ἀπαιτοῦσι
3270 3477 3387 3543 τὴν
3410 3481 3531 3547 ψυ-

1953 3558 2074 3629 χήν
2112 3571 2229 3613 σου
2252 3558 2371 3614 ἀπὸ
2399 3559 2534 3613 σοῦ.
2567 3561 2678 3613 Καὶ
2711 3560 2844 3630 ὅρα·
2874 3559 3107 3615 ἐνταῦθά
3136 3579 3298 3632 φησιν
3330 3563 3529 3616 ἀπενε-

1952 3642 2148 3713 χθῆναι
2199 3641 2304 3695 ὑπὸ
2347 3642 2457 3696 τῶν
2484 3643 2754 3712 ἀγγέλων,
2792 3646 2911 3698 ἐκεῖ
2945 3645 3269 3700 ἀπαιτοῦσι⁸
3302 3646 3397 3699 καὶ
3441 3647 3531 3699 τὸν

1950 3728 2054 3796 μὲν
2079 3727 2154 3790 ώς
2175 3724 2458 3797 δεσμώτην
2488 3727 2701 3798 ἐξῆγον,
2732 3728 2822 3782 τὸν
2852 3728 2909 3782 δὲ
2933 3729 3010 3792 ὡς
3052 3729 3377 3801 στεφανίτην
3420 3731 3534 3784 ἐδο-

1958 3811 2245 3884 ρυφόρουν.
2275 3811 2385 3864 Καὶ
2417 3811 2667 3884 καθάπερ
2703 3814 2761 3866 ἐν
2790 3812 2869 3884 τῷ
2899 3814 3184 3885 σκάμματι
3214 3814 3385 3868 πολλά
3413 3833 3541 3869 τινα.

1951 3896 2244 3966 τραύματα
2292 3894 2524 3949 λαϐόντα
2576 3897 2673 3950 καὶ
2718 3898 2910 3968 αἵματι
2967 3899 3495 3971 κατερῤαντισμένον
3514 3941 3529 3960 ,

1953 3975 2072 4033 εἶτα
2099 3978 2198 4050 τὴν
2225 3978 2469 4050 κεφαλὴν
2503 3978 2913 4050 ἀναδησάμενον
2936 3982 2984 4034 οί
3019 3982 3124 4052 πρὸ
3149 3980 3244 4034 τοῦ
3275 3981 3536 4052 σκάμμα-

1952 4080 2044 4127 τος
2071 4062 2301 4126 ἑστῶτες
2326 4062 2714 4133 ὑποδεξάμενοι
2746 4065 2883 4135 μετὰ
2909 4063 3109 4135 πολλῆς
3131 4068 3232 4138 τῆς
3258 4066 3546 4136 εὐφημίας,

1952 4145 2135 4199 οἴκαδε
2171 4144 2363 4214 ἄγουσι
2407 4146 2749 4217 κροτοῦντες,
2784 4146 3178 4218 εὐφημοῦντες,
3224 4148 3534 4218 θαυμάζον-

1952 4246 2045 4293 τες
2063 4245 2078 4260 ⁶
2109 4228 2251 4282 οὑτω
2276 4229 2369 4283 καὶ
2393 4229 2485 4282 τὸν
2511 4228 2758 4301 Λάζαρον
2801 4229 3019 4299 ἄγγελοι
3048 4231 3168 4284 τότε
3202 4232 3489 4303 ἀπήγαγον
3514 4247 3529 4262 ’

1954 4310 2165 4366 ἐκείνου
2211 4310 2271 4364 δὲ
2295 4311 2396 4382 τὴν
2425 4312 2607 4383 ψυχὴν
2637 4313 2878 4384 ἀπῄτουν
2913 4313 3142 4384 φοϐεραί
3187 4331 3331 4377 τινες
3377 4315 3535 4368 δυνά-

1958 4411 2098 4466 μεις,
2130 4395 2261 4459 ἴσως
2291 4394 2699 4466 ἀπεσταλμέναι
2748 4397 2841 4450 ἐπὶ
2885 4396 3094 4467 τούτῳ*
3140 4399 3201 4452 οὐ
3232 4398 3341 4471 γὰρ
3374 4400 3532 4453 αὐτό-

1958 4495 2126 4548 ματος
2167 4480 2201 4548 ἡ
2257 4478 2403 4550 ψυχὴ
2451 4479 2588 4551 πρὸς
2628 4478 2844 4550 ἐκείνην
2893 4481 3167 4554 ἀναχωρεῖ
3210 4482 3308 4553 τὴν
3353 4482 3531 4554 ζωὴν,

1956 4560 2146 4631 ἐπειδὴ
2188 4561 2324 4631 μηδέ
2364 4560 2608 4617 δυνατόν.
2638 4563 2701 4616 Εἰ
2728 4562 2838 4634 γὰρ
2863 4563 3017 4618 πόλιν
3047 4565 3113 4618 ἐκ
3139 4565 3346 4630 πόλεως
3378 4566 3535 4636 ἀμεί-

1956 4644 2163 4709 ϐοντες,
2194 4645 2289 4697 τοῦ
2314 4645 2784 4719 χειραγωγοῦντος
2820 4647 3073 4719 δεόμεθα,
3107 4648 3288 4720 πολλῷ
3333 4650 3532 4720 μᾶλλον

1955 4729 1989 4796 ἡ
2022 4727 2169 4799 ψυχὴ
2191 4727 2293 4798 τῆς
2320 4729 2523 4800 σαρκός
2551 4730 2950 4802 ἀπορραγεῖσα,
2987 4734 3082 4786 καὶ
3116 4733 3252 4803 πρὸς
3278 4732 3376 4804 τὴν
3408 4733 3535 4804 μὲλ-

1953 4811 2153 4863 λουσαν
2200 4810 2568 4884 μεθισταμένη
2604 4812 2772 4881 ζωὴν,
2811 4814 2918 4868 τῶν
2960 4816 3337 4889 ὁδηγησόντων
3364 4817 3533 4887 αὐτὴν

1954 4893 2225 4963 δεήσεται.
2250 4892 2350 4947 Διά
2380 4892 2540 4947 τοῦτο
2561 4896 2822 4961 πολλάκις
2851 4898 3158 4966 ἀναδύεται,
3196 4900 3291 4953 καὶ
3316 4898 3453 4971 πρὸς
3472 4901 3535 4952 :6

1957 4976 2119 5047 βάθος
2140 4977 2290 5031 κάτω
2321 4980 2508 5050 χωρεῖ,
2535 4980 2629 5032 καὶ
2657 4980 2861 5035 δέδοικε
2891 4982 2986 5036 καὶ
3005 4983 3240 5054 φρίττει,
3267 4982 3535 5054 μέλλουσα

1953 5061 2054 5132 τῆς
2104 5060 2305 5132 σαρκὸς
2352 5062 2711 5130 ἀφίπτασθαι.
2731 5064 2843 5119 Ἀεὶ
2883 5065 2984 5136 μὲν
3021 5066 3131 5138 γάρ
3176 5069 3324 5140 ἡμᾶς
3357 5069 3537 5122 κεντεῖ

1954 5144 2064 5197 τῶν
2082 5144 2497 5227 ἁμαρτημάτων
2516 5146 2578 5200 :6
2606 5149 2867 5213 συνειδὸς,
2900 5150 3134 5221 μάλιστα
3164 5151 3222 5204 δέ
3249 5153 3371 5204 κατ’
3392 5150 3534 5206 ἐκεί-

1954 5242 2052 5296 νην
2088 5225 2187 5296 τὴν
2217 5226 2388 5298 ὥραν,
2423 5225 2552 5283 ὅταν
2601 5230 2889 5301 μέλλωμεν
2935 5232 3186 5287 ἐντεῦθεν
3227 5234 3533 5304 ἀπάγεσθαι

1955 5307 2092 5379 πρὸς
2117 5308 2217 5371 τὰς
2243 5308 2469 5375 εὐθύνας
2510 5312 2612 5375 τὰς
2655 5314 2771 5365 ἐκεῖ
2802 5315 2895 5368 καὶ
2928 5316 2988 5368 :6
3019 5316 3245 5385 φοϐερὸν
3272 5317 3533 5388 δικαστή-

1956 5407 2092 5459 ριον.
2120 5391 2275 5456 Τότε,
2300 5393 2410 5447 εἴτε
2438 5393 2658 5465 ἦρπασέ
2678 5412 2780 5462 τις,
2812 5397 2922 5450 εἴτε
2950 5398 3395 5471 ἐπλεονέκτησεν,
3422 5402 3536 5470 εἴτε,

1954 5473 2079 5553 τινὰ
2124 5476 2454 5547 ἐπηρέασεν,
2489 5477 2598 5531 εἴτε
2641 5479 2785 5543 τινὸς
2817 5482 3038 5551 γέγονεν
3086 5483 3279 5555 ἐχθρὸς
3310 5485 3530 5552 ἀδίκως,

1955 5560 2065 5611 εἴτε
2092 5559 2219 5645 ἀλλο
2240 5560 2417 5614 ὁτιοῦν
2447 5561 2617 5617 δεινὸν
2642 5564 2954 5635 εἰργάσατο,
2982 5566 3126 5631 ἅπας
3156 5571 3185 5623 6
3216 5572 3323 5624 τῶν
3352 5572 3533 5645 ἀμαρ-

1957 5644 2217 5715 τημάτων
2246 5644 2413 5717 ἐσμὸς
2449 5647 2768 5703 ἀνανεοῦται
2793 5661 2815 5690 ο
2850 5653 2944 5706 καὶ
2973 5654 3077 5725 πρὸ
3104 5654 3212 5710 τῶν
3240 5644 3532 5730 ὀφθαλμῶν

2025 5801 2046 5831 ε
2068 5798 2190 5853 Tres
2214 5815 2328 5853 mss.
2357 5805 2705 5868 ἁμαρτημάτων
2730 5807 2869 5873 χορὸς
2893 5810 3030 5859 ἀναν.
