4046 6146
544 358 646 413 985

543 466 777 530 ἵσταται,
805 467 899 520 καὶ
931 466 1032 537 τὴν
1060 467 1298 521 διάνοιαν
1325 468 1522 519 κεντεῖ.
1552 465 1662 518 Καί⁸
1687 464 1939 536 καθάπερ
1970 465 2020 516 οἰ
2058 463 2119 516 τὸ

541 549 912 620 δεσμωτήριον
941 549 1237 614 οἰκοῦντες,
1261 550 1349 603 ἀεὶ
1377 549 1477 619 μὲν
1504 550 1561 602 ἐν
1593 549 1869 621 κατηφείᾳ
1893 549 1988 602 καί
2011 546 2127 601 ὀδύ-

542 647 658 693 ναις
693 633 818 694 εἰσὶ,
844 632 1080 701 μάλιστα
1106 631 1162 685 δέ
1194 632 1334 686 κατά
1365 630 1464 703 τὴν
1493 631 1701 702 ἡμέραν
1727 632 1970 701 ἐκείνην,
2001 628 2124 683 καθ’

541 714 610 783 ἢν
646 713 710 766 ἂν
747 712 1012 784 μέλλωσιν
1040 715 1351 785 ἐξάγεσθαι,
1378 715 1474 768 καὶ
1520 717 1650 786 παρ’
1677 713 1846 778 αὐτὰς
1884 714 1984 777 τάς
2029 712 2124 766 106

542 797 853 860 δικάζοντος
898 798 1136 868 ἄγεσθαι·
1179 797 1370 868 θύρας,
1401 798 1495 851 καὶ
1542 797 1649 868 πρὸ
1693 797 1801 851 τῶν
1837 796 2126 866 κιγκλίδων

541 880 798 944 ἑστῶτες,
820 882 912 935 καὶ
936 882 1032 952 τῆς
1055 882 1148 935 τοῦ
1172 882 1452 953 κρίνοντος
1475 881 1658 950 φωνῆς
1679 879 1888 934 ἔνδοθεν
1909 879 2126 934 ἀκούον-

540 979 650 1026 τες,
695 965 1107 1035 ἀποπήγνυνται
1136 965 1211 1035 τῷ
1251 965 1414 1035 φόϐῳ.
1448 964 1540 1016 καὶ
1588 962 1694 1016 τῶν
1727 963 1936 1034 νεκρῶν
1974 962 2126 1016 οὐδὲν

541 1047 762 1116 ἄμεινον
810 1048 1148 1102 διάκεινται·
1191 1047 1334 1102 οὕτω
1378 1047 1470 1100 καὶ
1519 1048 1552 1117 ἠ
1586 1046 1730 1118 ψυχὴ
1761 1047 1992 1116 μάλιστα
2029 1047 2125 1117 μὲν

543 1131 638 1182 καί⁵
680 1132 736 1184 ἐν
781 1131 930 1203 αὐτῷ
971 1132 1050 1202 τῷ
1098 1131 1276 1203 καιρῷ
1322 1131 1421 1200 τῆς
1456 1129 1728 1201 ἁμαρτίας
1757 1130 2005 1184 όδυνᾶται
2030 1130 2126 1183 καί⁹

543 1217 980 1287 στενοχωρείται,
1009 1215 1192 1287 πολλῷ
1236 1215 1293 1269 δέ
1333 1215 1496 1268 πλέον
1541 1216 1669 1270 ὅταν
1701 1215 1948 1270 ἐντεῦθεν
1982 1216 2126 1282 ,ἀπο-

542 1299 845 1351 σπασθεῖσα
877 1299 1185 1367 ἀπάγεσθαι
1225 1299 1414 1373 μέλλῃ.

614 1379 765 1452 [750]
805 1382 874 1449 γ’.
906 1383 1104 1450 Σιγᾶτε
1151 1381 1325 1436 ταῦτα
1369 1381 1693 1447 ἀκούοντες;
1748 1382 1952 1452 Πολλὴν
1997 1385 2124 1455 ὑμῖν

542 1461 651 1532 ἔχω
687 1464 850 1536 χάριν
875 1464 975 1534 τῆς
1007 1465 1168 1535 σιγῆς
1203 1463 1404 1534 ταύτης
1431 1464 1651 1536 μᾶλλον,
1678 1463 1710 1536 ἢ
1743 1465 1849 1519 τῶν
1876 1465 2084 1536 κρότων
2107 1483 2120 1498 '

541 1548 590 1600 οἰ
626 1546 724 1617 μὲν
767 1546 875 1620 γάρ
912 1547 1095 1620 κρότοι
1135 1549 1229 1601 καὶ
1263 1549 1312 1600 οἰ
1346 1548 1558 1602 ἔπαινοι
1603 1547 1978 1620 λαμπρότερον
2025 1550 2125 1620 ἐμὲ

541 1629 807 1688 ποιοῦσιν.
846 1631 878 1701 ἡ
912 1629 1037 1702 σιγὴ
1069 1630 1126 1684 δὲ
1158 1630 1296 1701 αὐτη
1350 1631 1828 1703 σωφρονεστέρους
1857 1633 2000 1703 ὑμᾶς
2036 1636 2126 1703 ἐρ-

541 1712 788 1780 γάζεται.
820 1710 951 1768 Οἶδα
979 1714 1060 1768 ὃτι
1082 1714 1244 1768 λυπεῖ
1269 1714 1336 1768 τά
1359 1714 1648 1786 λεγόμενα,
1675 1703 1808 1768 ἀλλά
1838 1715 1973 1768 πολύ
1999 1716 2122 1787 κέρ-

540 1797 628 1861 δος
663 1795 773 1866 ἔχει
798 1797 892 1851 καὶ
917 1798 1144 1866 ἄφατον.
1163 1799 1220 1854 '0
1252 1798 1506 1862 πλούσιος
1535 1801 1764 1863 ἐκεῖνος,
1789 1798 1844 1852 εἴ
1867 1816 1988 1854 τινα
2012 1795 2125 1871 εἶχε

499 1948 503 1950 _
540 1879 762 1934 τοιαῦτα
804 1880 952 1952 αὐτῷ
985 1880 1376 1954 παραινοῦντα,
1419 1881 1554 1936 ἀλλά
1604 1882 1680 1955 μὴ
1720 1882 1958 1946 κόλακας
2002 1883 2126 1946 τοὺς

542 1964 678 2034 πρὸς
709 1964 868 2036 χάριν
889 1964 1108 2020 ἅπαντα
1141 1964 1630 2036 συμϐουλεύοντας,
1665 1966 1760 2019 καὶ
1785 1955 1879 2030 ἐἰς
1914 1966 2125 2038 τρυφὴν

540 2046 820 2111 ἕλκοντας,
847 2048 946 2102 οὐκ
971 2050 1036 2103 ἂν
1065 2049 1146 2113 εἰς
1187 2049 1283 2121 τὴν
1314 2050 1534 2118 γέενναν
1564 2045 1730 2120 ἦλθεν
1763 2048 1998 2121 ἐκείνην,
2025 2051 2126 2103 οὐκ

541 2130 610 2184 ἂν
655 2131 754 2194 τὰς
803 2131 1070 2201 βασάνους
1102 2131 1364 2204 ὑπέμεινε
1409 2132 1510 2194 τάς
1561 2132 1887 2204 ἀφορήτους,
1922 2133 2022 2186 οὐκ
2059 2132 2124 2187 ἂν

541 2213 938 2286 ἀπαρηγόρητα
965 2213 1103 2285 μετά
1125 2215 1300 2268 ταῦτα
1329 2215 1652 2286 μετενόησεν
1672 2231 1685 2245 ⁸
1712 2214 1828 2270 ἀλλ’
1849 2216 2038 2288 ἐπειδὴ
2057 2216 2126 2271 τά

542 2297 680 2367 πρὸς
701 2297 860 2368 χάριν
894 2297 1134 2360 ἅπαντες
1162 2297 1483 2367 διελέγοντο,
1514 2297 1837 2369 παρέδωκαν
1865 2298 2026 2352 αὐτὸν
2048 2299 2127 2369 τῷ

543 2381 695 2451 πυρί.
727 2378 854 2435 Εἴθε
877 2378 945 2454 ῆν
969 2383 1054 2436 ἀεὶ
1077 2383 1170 2436 καὶ
1190 2381 1455 2454 διηνεκῶς
1477 2380 1650 2436 ταῦτα
1681 2381 2010 2451 φιλοσοφεῖν,
2035 2383 2127 2436 καὶ

541 2465 672 2536 περὶ
705 2465 930 2538 γεέννης
965 2465 1322 2536 φθέγγεσθαι.
1341 2466 1444 2520 Ἑν
1475 2464 1627 2521 πᾶσι
1656 2465 1786 2538 γάρ,
1815 2467 1971 2536 φησί,
2002 2465 2128 2532 τοῖς

541 2549 746 2619 λόγοις
781 2563 897 2604 σου
934 2549 1286 2620 μιμνήσκου
1339 2549 1409 2604 τὰ
1458 2547 1690 2616 ἐσχατὰ
1720 2563 1861 2613 σου,
1890 2549 1988 2603 καὶ
2041 2551 2128 2615 εἰς

542 2635 650 2689 τὸν
683 2632 869 2688 αἰῶνα
894 2636 966 2688 οὐ
997 2634 1084 2704 μὴ
1113 2633 1403 2704 ἁμάρτῃς.
1444 2633 1558 2687 Καὶ
1591 2633 1752 2687 πάλιν
1772 2647 1787 2664 ⁸
1830 2633 2129 2704 Ἑτοίμαζε

541 2720 630 2783 εἰς
667 2717 783 2786 τὴν
822 2717 1038 2782 ἔξοδον
1075 2717 1147 2770 τὰ
1175 2719 1319 2786 ἔργα
1363 2730 1503 2782 σου,
1543 2716 1640 2770 καὶ
1673 2716 2128 2785 παρασκευάζου

544 2800 696 2868 πρὸς
728 2801 844 2868 τὴν
876 2801 1080 2856 ὀδόνι.
1115 2802 1195 2854 ΕΓ
1217 2817 1362 2865 τινος
1391 2798 1646 2870 ἥρπασάς
1686 2817 1761 2865 τι,
1790 2799 2006 2865 ἀπόδος,
2036 2801 2128 2854 καὶ

543 2885 665 2936 εἰπὲ
711 2883 851 2938 κατά
894 2885 984 2937 τὸν
1037 2885 1331 2955 Ζακχαῖον·
1379 2883 1592 2952 Δίδωμι
1647 2883 2130 2951 τετραπλασιόνα

543 2965 616 3018 τὰ
652 2967 992 3038 ἁρπαγέντα
1013 2984 1026 2997 ·
1059 2968 1112 3020 εί
1139 2967 1280 3029 τινός
1314 2984 1366 3020 τι
1397 2965 1862 3036 ἐσυκοφάντησας,
1897 2965 1953 3018 εἴ
1984 2984 2130 3030 τινος

542 3049 773 3118 γέγονας
803 3050 1018 3122 ἐχθρὸς,
1049 3048 1422 3120 καταλλάγηθι
1455 3050 1563 3122 πρὸ
1609 3049 1704 3102 106
1750 3049 2122 3120 δικαστηρίου.

545 3128 728 3186 Πάντα
781 3125 1014 3187 ἐνέαῦθα
1063 3133 1333 3200 διάλυσαι,
1365 3133 1452 3186 ἵνα
1487 3132 1657 3203 χωρὶς
1686 3132 2028 3203 πραγμάτων
2070 3134 2129 3186 τὸ

546 3217 612 3288 βῆ
621 3234 698 3286 μα
728 3217 843 3292 ἴδῃς
873 3220 1066 3274 ἐκεῖνο.

618 3302 766 3365 ’Ἐως
794 3301 860 3354 ἂν
892 3300 1126 3356 ἐνταῦθα
1149 3297 1319 3373 ὦμεν,
1359 3301 1582 3365 ἐλπίδας
1614 3299 1808 3372 ἔχομεν
1850 3300 2092 3372 χρηστάς
2112 3317 2125 3330 ·

544 3385 763 3440 ἐπειδάν
797 3385 852 3438 δὲ
893 3385 1217 3456 ἀπέλθωμεν
1251 3387 1387 3450 ἐκεῖ,
1422 3385 1600 3457 κύριοι
1629 3385 1812 3439 λοιπὸν
1841 3384 2129 3454 μετανοίας

545 3472 647 3525 οὐκ
676 3472 864 3542 ἐσμὲν,
891 3471 1011 3524 οὐδὲ
1048 3471 1142 3523 106
1189 3470 1258 3524 τά
1306 3469 1670 3540 ἡμαρτημένα
1702 3471 1834 3540 ἡμῖν
1860 3467 2127 3539 ἀπονίψα-

548 3557 694 3610 σθαι.
727 3556 817 3608 Διὸ
863 3555 970 3626 χρὴ
1018 3553 1537 3626 παρασκευάζεσθαι
1570 3552 1810 3623 συνεχῶς
1852 3551 1988 3624 πρὸς
2030 3553 2129 3622 τὴν

547 3639 758 3693 ἐνθένδε
785 3637 984 3702 ἔξοδον.
1013 3637 1077 3690 Τί
1111 3637 1220 3708 γὰρ
1246 3636 1339 3689 ἐὰν
1362 3637 1601 3706 ἑσπέρας
1629 3637 1756 3708 δόξῃ
1783 3635 1858 3707 τῷ
1883 3637 2131 3708 Δεσπότῃ

547 3722 774 3778 καλέσαι
823 3722 1010 3790 ἡμᾶς;
1060 3719 1111 3772 τί
1159 3719 1216 3772 δὲ
1251 3719 1344 3771 ἐάν
1379 3717 1606 3788 αὐριον;
1639 3718 1865 3789 Ἀδηλον
1913 3718 2021 3792 γάρ
2069 3720 2130 3772 τὸ

549 3803 768 3875 μέλλον,
804 3803 890 3856 ἵνα
920 3801 1203 3872 ἐναγώνιοι
1237 3801 1500 3872 διηνεκῶς
1527 3794 1699 3872 ὦμεν,
1741 3801 1833 3853 καὶ
1864 3801 1997 3872 πρὸς
2031 3801 2130 3873 τὴν

546 3886 856 3958 ἀποδημίαν
890 3887 1175 3959 εὐτρεπεῖς
1215 3885 1452 3954 ἐκείνην,
1485 3885 1736 3957 καθάπερ
1779 3881 1872 3939 οὖν
1921 3881 2075 3948 οὗτος
2102 3887 2130 3938 6

547 3974 797 4045 Λάζαρος
824 3972 1115 4035 διαπαντὸς
1145 3966 1214 4044 ἦν
1242 3972 1300 4024 ἐν
1325 3970 1569 4041 ὑπομονῇ
1597 3970 1693 4022 καὶ
1727 3970 2019 4042 καρτερίᾳο
2050 3969 2131 4024 διὸ

548 4059 643 4111 καὶ
694 4055 832 4128 μετά
880 4057 1150 4126 τοσαύτης
1178 4056 1425 4126 ἀπήγετο
1449 4052 1635 4124 τιμῆς.
1656 4053 1921 4107 Ἀπέθανε
1954 4054 2010 4108 δὲ
2039 4055 2133 4107 καὶ

545 4145 574 4194 6
602 4139 872 4204 πλούσιος,
914 4139 1007 4193 καί¹
1037 4138 1231 4209 ἐτάφη,
1267 4136 1517 4208 καθάπερ
1553 4137 1610 4189 ἐν
1645 4137 1886 4207 μνήματι
1915 4137 1994 4208 τῷ
2025 4136 2134 4190 σώ-

552 4241 680 4294 ματι
727 4224 826 4294 τῆς
868 4221 1045 4293 ψυχῆς
1089 4221 1254 4276 αὐτοῦ
1289 4219 1808 4292 κατορωρυγμένης,
1839 4222 1932 4274 καὶ
1958 4221 2132 4289 τάφον

548 4305 951 4378 περιφερούσης
983 4306 1082 4378 τὴν
1109 4305 1526 4378 σάρκα.⁶Ὥσπερ
1555 4303 1663 4375 γάρ
1696 4303 1885 4358 ἁλύσει
1914 4305 2039 4370 τινὶ,
2064 4308 2130 4378 τῇ

552 4391 690 4462 μέθῃ
747 4389 843 4443 καὶ
906 4392 972 4462 τῇ
1032 4387 1448 4460 γαστριμαργία
1501 4387 1910 4459 πεπεδημένος,
1959 4387 2132 4452 οὕτως

547 4475 829 4546 ἄπρακτον
881 4471 1050 4544 αὐτὴν
1093 4472 1186 4524 καὶ
1227 4472 1426 4542 νεκράν
1465 4471 1778 4542 εἰργάσατο.
1806 4471 1898 4542 Μὴ
1946 4472 2131 4536 ἁπλῶς

549 4556 936 4628 παραδράμῃς,
969 4555 1245 4627 ἁγαπητὲ,
1277 4555 1357 4619 τὸ,
1387 4554 1576 4625 ἐτάφη
1597 4571 1612 4586 ’
1643 4554 1757 4609 ἀλλ’
1782 4555 2017 4610 ἐνταῦθά
2041 4574 2132 4626 μοι

549 4641 659 4695 νόει
685 4639 786 4704 τάς
811 4638 1088 4710 τραπέζας
1107 4637 1207 4702 τὰς
1228 4638 1773 4709 περιηργυρωμένας,
1799 4637 1898 4702 τάς
1923 4638 2129 4704 κλίνας,

547 4729 676 4790 τοὺς
705 4724 974 4796 τάπητας,
1009 4722 1079 4777 τὰ
1107 4721 1476 4793 ἐπιϐλήματα,
1504 4720 1574 4774 τά
1597 4721 1731 4777 άλλα
1767 4721 1835 4776 τά
1863 4722 2004 4777 κατά
2034 4724 2133 4794 τὴν

549 4810 728 4864 οἰκίαν
777 4808 1010 4872 ἅπαντα,
1052 4805 1122 4860 τὰ
1176 4805 1344 4877 μύρα,
1375 4804 1445 4859 τὰ
1491 4805 1782 4878 ἀρώματα,
1819 4805 1911 4859 τὸν
1965 4806 2133 4861 πολὺν

551 4894 814 4964 ἄκρατον,
841 4891 947 4945 τῶν
975 4889 1287 4960 ἐδεσμάτων
1312 4890 1410 4954 τάς
1445 4889 1738 4955 ποικιλίας,
1769 4889 1838 4944 τά
1864 4891 2135 4962 καρυκεύ-

555 4994 720 5050 ματα,
751 4977 878 5040 τοὺς
924 4973 1239 5046 μαγείρους,
1279 4974 1401 5039 τοὺς
1454 4974 1710 5040 κόλακας,
1743 4974 1870 5038 τοὺς
1905 4974 2134 5046 δορυφό-

553 5079 703 5134 ρους,
759 5062 884 5126 τούς
935 5060 1172 5124 οἰκέτας,
1208 5059 1307 5130 τὴν
1354 5057 1521 5128 ἄλλην
1567 5058 1784 5113 ἃπασαν
1834 5060 2133 5127 φαντασίαν

551 5145 994 5215 κατεσϐεσμένην
1038 5147 1132 5199 καὶ
1180 5142 1716 5214 καταμαρανθεῖσαν.
1770 5142 1956 5196 Πάντα
1999 5159 2134 5196 σπο-

548 5230 700 5293 δδςι),
735 5228 911 5282 πάντα
959 5228 1131 5300 τέφρα
1168 5227 1263 5280 καί
1306 5225 1474 5289 κόνις,
1521 5225 1708 5296 θρῆνοι
1753 5225 1846 5278 καὶ
1887 5225 2132 5297 ὀδυρμοὶ,

549 5312 763 5376 οὐδενὸς
791 5311 1089 5381 δυναμένου
1124 5309 1388 5380 βοηθῆσαι
1417 5308 1621 5371 λοιπὸν,
1655 5306 1764 5360 οὐδ’
1795 5304 2134 5363 ἀπελθοῦσαν

554 5397 917 5464 ἐπαναγαγεῖν
939 5393 1034 5466 τὴν
1063 5393 1413 5465 ψυχήν.Τότε
1441 5393 1474 5466 ἡ
1502 5391 1730 5463 δύναμις
1757 5391 2018 5462 ἠλέγχετο
2040 5392 2130 5446 τοῦ

552 5474 924 5549 χρυσίουζκαὶ
955 5479 1052 5548 τῆς
1086 5478 1284 5549 πολλῆς
1312 5476 1644 5548 περιουσίας.
1664 5476 1758 5529 Ἐκ
1786 5475 1894 5548 γὰρ
1936 5475 2132 5530 τοσαύ-

615 5675 640 5739 f
667 5673 802 5739 [Inus
826 5687 916 5720 ms.
939 5681 992 5721 el.
1018 5674 1149 5739 mm,
1166 5672 1524 5739 παρασκευάζου
1550 5671 1613 5725 εἰς
1632 5670 1711 5739 τὸ]
1732 5668 1891 5739 ἀγρόν.

619 5735 646 5805 ξι
677 5735 915 5802 Duqmss.
945 5736 1168 5808 PlNSavil.
1197 5732 1247 5784 ili
1276 5748 1440 5808 Δφεμ-ιζ.
1468 5732 1711 5808 πανταχοῦ
1737 5732 1933 5808 ρποδός,
1955 5746 2134 5778 παντα-

555 5797 663 5862 χοῦ,
685 5806 736 5846 Cl
756 5795 823 5844 sic
853 5799 972 5860 legit
993 5797 1238 5847 Erasmus.
1263 5791 1544 5847 Aliio'mnes
1564 5791 1716 5843 πάντα
1737 5791 1828 5842 bis.

1217 364 1273 418 s.
1313 363 1595 418 JOANNIS
1631 361 2112 417 cumsoswm
2156 361 2478 416 ARCIIIEP.
2515 340 3086 417 CONSTANTINOP;
3695 351 3784 403 986

2228 481 2328 534 της
2372 463 2665 534 θεραπείας
2689 466 2893 537 γυμνὸς
2939 467 3035 520 καί,
3068 466 3230 537 μόνος
3256 463 3519 534 ἀπήγετο,
3549 463 3693 521 οὐδέν
3729 465 3783 519 ἐκ

2225 547 2323 618 τῆς
2350 547 2614 619 τοσαύτης
2641 549 2901 620 εὐπορίας
2934 551 3258 620 ἀπενεγκεῖν
3300 547 3546 604 ἐντεῦθεν
3576 548 3783 623 δυνάμε-

2227 649 2334 696 νος,
2359 631 2472 686 ἀλλ’
2493 631 2591 703 ἐρη
2601 651 2719 704 μος,
2743 635 3181 705 ἀπροστάτευτος
3204 633 3447 704 ἀπήγετο
3463 647 3477 661 ⁸
3501 632 3670 697 οὐδεὶς
3692 637 3785 690 τῶν

2227 713 2702 785 θεραπευσάντων,
2733 716 2906 779 οὐδεὶς
2935 718 3043 771 τῶν
3087 715 3462 787 βοηθησόντων
3501 716 3679 787 παρῆν
3709 717 3783 783 ἐξ·

2225 796 2588 868 αιρησόμενος
2611 808 2632 836 ε
2662 798 2761 870 τῆς
2793 799 3066 862 κολάσεως
3098 798 3192 852 καὶ
3223 797 3324 868 τῆς
3347 796 3635 868 τιμωρίας,
3669 799 3786 852 ἀλλὰ

2228 879 2444 932 πάντων
2492 880 2715 934 ἐκείνων
2765 881 3166 944 ἀποσπασθεὶς,
3201 881 3360 950 μόνον
3396 879 3786 950 ἀπελαμϐάνετο

2225 960 2325 1024 τὰς
2366 962 2674 1035 ἀφορήτους
2723 964 3013 1035 ὑπομένειν
3063 962 3354 1034 τιμωρίας.
3387 963 3594 1026 Ὄντως
3631 963 3787 1019 Πᾶσα

2228 1044 2384 1113 σὰρξ
2425 1047 2506 1113 ὡς
2543 1048 2776 1116 χόρτος,
2810 1048 2909 1101 καί
2953 1047 3122 1103 πᾶσα
3159 1047 3312 1110 δόξα
3357 1046 3690 1115 ἀνθρώπου,
3719 1050 3786 1116 ὡς

2225 1129 2410 1197 ἄνθος
2457 1131 3044 1200 χόρτου.Ἑξηράνθη
3079 1135 3111 1186 ό
3145 1130 3295 1203 [751]
3327 1133 3565 1201 χόρτος,
3602 1131 3694 1186 καί
3732 1134 3782 1187 τό

2225 1210 2409 1277 ἄνθος
2436 1213 2622 1270 αὐτοῦ
2649 1213 2903 1279 ἐξέπεσε
2928 1231 2942 1245 ·
2984 1215 3048 1268 τὸ
3092 1214 3160 1268 δὲ
3187 1212 3355 1285 ῥῆμα
3392 1217 3615 1282 Κυρίου
3640 1216 3787 1287 μένει

2225 1296 2312 1360 είς
2337 1294 2445 1348 τὸν
2470 1293 2884 1352 αἰῶνα.’Ἦλθεν
2909 1299 2936 1351 6
2972 1297 3218 1364 θάνατος,
3251 1299 3346 1351 καὶ
3383 1299 3564 1352 πάντα
3591 1298 3788 1352 ἔσϐεσεν

2227 1378 2438 1432 ἐκεῖνα·
2481 1380 2576 1433 καὶ
2623 1379 2876 1450 καθάπερ
2901 1380 3246 1451 αἰχμάλωτον
3272 1379 3477 1446 λαϐὼν,
3505 1381 3672 1446 οὕτως
3697 1383 3786 1436 ἁπ-

2227 1461 2402 1532 ήγαγε
2435 1462 2586 1516 κάτω
2624 1463 2916 1528 κύπτοντα,
2955 1463 3217 1535 αἰσχύνης
3259 1465 3525 1537 γέμοντα,
3557 1465 3785 1538 ἀπαρρη-

2229 1544 2466 1612 σίαστον,
2501 1547 2794 1618 τρέμοντα,
2827 1547 3100 1602 δεδοικότα
3123 1548 3312 1620 ὥσπερ
3341 1552 3400 1604 ἐν
3428 1549 3655 1621 ὀνείροις
3673 1554 3788 1606 ἀπο-

2226 1626 2502 1683 λαύσαντα
2546 1630 2644 1700 τῆς
2681 1632 2892 1703 τρυφῆς
2927 1633 3142 1702 ἐκείνης
3187 1633 3440 1705 ἀπάσης·
3485 1635 3580 1688 καὶ
3625 1633 3787 1688 λοιπὸν

2230 1714 2418 1783 ἰκέτης
2447 1715 2475 1767 6
2503 1714 2758 1779 πλούσιος
2785 1715 2881 1770 τοῦ
2918 1717 3148 1788 πένητος
3181 1717 3409 1786 ἐγίνετο,
3436 1719 3532 1772 καί¹
3560 1717 3653 1788 τῆς
3684 1719 3788 1772 τού-

2228 1813 2320 1849 του
2355 1797 2636 1870 τραπέζης
2665 1798 2853 1863 ἐδεῖτο,
2893 1800 2988 1854 106
3018 1800 3379 1873 λιμῶττοντός
3403 1820 3558 1870 ποτε,
3580 1803 3668 1856 καὶ
3693 1805 3787 1867 τοῖς

2230 1879 2462 1950 στόμασι
2493 1881 2602 1935 τῶν
2632 1883 2808 1936 κυνῶν
2841 1886 3205 1955 προκειμένου
3233 1903 3250 1919 ⁸
3297 1888 3392 1940 καὶ
3419 1885 3491 1940 τά
3519 1887 3787 1958 πράγματα

2233 1963 2610 2033 μετεϐάλλετο,
2641 1965 2733 2018 καὶ
2764 1966 3067 2036 ἐμάνθανον
3097 1968 3356 2032 ἅπαντες,
3390 1969 3479 2032 τίς
3501 1965 3568 2040 ἦν
3595 1972 3622 2023 ό
3645 1970 3786 2024 πλού-

2229 2064 2364 2111 σιος,
2388 2048 2481 2101 καὶ
2509 2047 2591 2111 τίς
2612 2043 2679 2119 ἦν
2707 2049 2736 2101 6
2761 2049 2948 2120 πένης,
2981 2050 3075 2104 καὶ
3103 2051 3186 2104 ὅτι
3209 2053 3237 2104 6
3268 2051 3370 2122 μὲν
3395 2052 3645 2124 Λάζαρος
3668 2054 3786 2107 πάνυ

2227 2147 2335 2184 των
2377 2127 2444 2202 ῆν
2491 2131 2890 2204 εὐπορώτερος,
2933 2128 3088 2199 οὗτος
3117 2135 3173 2189 δὲ
3206 2137 3428 2190 πάντων
3472 2138 3782 2210 πενέστερος.

2228 2214 2495 2285 Καθάπερ
2541 2214 2650 2287 γάρ
2697 2217 2756 2269 ἐν
2812 2220 2985 2289 σκηνῇ
3039 2222 3360 2290 προσωπεῖα
3414 2221 3671 2290 βασιλέων
3710 2225 3787 2277 καὶ

2231 2298 2550 2370 στρατηγῶν
2581 2300 2672 2353 καὶ
2714 2301 2913 2372 ἰατρῶν
2958 2303 3052 2356 καὶ
3103 2303 3348 2374 ῥητόρων
3402 2305 3503 2358 καὶ
3550 2306 3786 2374 σοφιστῶν

2229 2385 2324 2438 καὶ
2357 2384 2704 2455 στρατιωτῶν
2746 2384 3117 2456 λαμϐάνοντες
3146 2387 3489 2459 εἰσέρχονταί
3527 2407 3679 2454 τινες,
3707 2392 3784 2443 οὐ-
3874 2397 3882 2412 ‘

2227 2466 2315 2519 δέν
2345 2466 2551 2520 τούτων
2579 2467 2731 2531 ὄντες
2758 2468 2912 2521 αὐτοί
2935 2485 2950 2500 ο
2979 2468 3121 2522 οὕτω
3147 2469 3213 2541 δὴ
3241 2473 3334 2525 καὶ
3364 2472 3463 2524 ἐπὶ
3495 2472 3584 2526 106
3613 2472 3786 2544 παρόν-

2228 2568 2317 2614 τος
2347 2550 2460 2621 βίου
2491 2551 2587 2604 καὶ
2613 2552 2774 2608 πενία
2803 2552 2897 2606 καὶ
2929 2552 3158 2616 πλοῦτος
3196 2558 3520 2625 προσωπεῖα
3551 2557 3696 2628 μόνον
3719 2557 3785 2609 εἰ-

2231 2634 2556 2706 σίν.Ὥσπερ
2579 2629 2673 2688 οὖν
2701 2636 2759 2688 ἐν
2780 2633 2858 2705 τῷ
2881 2635 3094 2706 θεάτρῳ
3116 2635 3451 2708 καθήμενος,
3473 2639 3538 2694 ἂν
3561 2640 3665 2712 ἴδῃς
3685 2638 3785 2692 τινὰ

2229 2717 2336 2771 τῶν
2379 2719 2530 2772 κάτω
2579 2716 2886 2783 παιζόντων
2932 2722 3275 2789 προσωπεῖον
3304 2721 3502 2792 ἔχοντα
3535 2723 3782 2793 βασιλέως,

2227 2800 2290 2853 οὐ
2342 2800 2669 2872 μακαρίζεις
2714 2801 2896 2866 αὐτὸν,
2925 2801 3046 2854 οὐδὲ
3093 2801 3318 2871 βασιλέα
3371 2801 3515 2861 εἶναι
3555 2807 3782 2876 νομίζεις,

2228 2883 2336 2936 οὐδ’
2359 2883 2425 2938 ἂν
2446 2883 2632 2951 εὔξαιο
2649 2884 2906 2953 γενέσθαι
2938 2883 3178 2950 τοιοῦτος
3199 2904 3212 2918 ·
3248 2887 3364 2941 ἀλλ’
3396 2889 3569 2954 εἰδὼς,
3597 2890 3780 2943 ὅτιτῶν

2229 2965 2507 3036 ἀγοραίων
2545 2967 2628 3032 τίς
2659 2969 2796 3033 ἐστι,
2831 2968 3247 3038 σχοινοστρόφος
3280 2971 3467 3041 τυχὸν,
3498 2972 3782 3043 ἢχαλκοτύ-

2231 3065 2351 3112 πος,
2375 3049 2408 3118 ἢ
2434 3048 2624 3121 ἐτερόν
2655 3067 2704 3103 τι
2727 3049 2992 3116 τοιοῦτον,
3018 3051 3079 3103 οὐ
3105 3052 3438 3124 μακαρίζεις
3466 3054 3549 3109 διὰ
3571 3055 3627 3108 τὸ
3651 3071 3783 3124 προσ-

2228 3136 2428 3187 ωπεῖον
2457 3133 2552 3186 καὶ
2578 3133 2677 3204 τὴν
2717 3133 2929 3204 στολὴν,
2958 3135 3068 3189 οὐδ’
3102 3135 3210 3190 ἀπὸ
3245 3138 3456 3191 τούτων
3492 3137 3646 3192 αὐτοῦ
3679 3138 3781 3208 κρί-

2230 3232 2343 3278 νεις
2365 3214 2464 3287 τὴν
2500 3214 2797 3279 πολιτείαν,
2827 3217 2964 3272 ἀλλὰ
2990 3218 3369 3284 καταπτύειςά
3405 3220 3567 3274 αὐτού
3593 3222 3671 3274 διά
3701 3221 3781 3290 τὴν

2230 3297 2395 3368 ἄλλην
2429 3298 2735 3353 εὐτέλειαν·
2779 3299 2923 3352 οὕτω
2966 3300 3029 3371 δὴ
3073 3302 3164 3355 καί
3190 3300 3450 3366 ἐνταῦθα,
3481 3303 3707 3374 καθάπερ
3733 3305 3780 3354 ἐν

2232 3379 2464 3452 θεάτρῳ,
2495 3381 2573 3452 τῷ
2597 3381 2787 3452 κόσμῳ
2816 3382 3124 3453 καθήμενος
3173 3383 3267 3436 καὶ
3316 3385 3417 3438 ἐπὶ
3464 3386 3653 3458 σκηνῆς
3674 3384 3780 3438 παί-

2232 3462 2423 3527 ζοντας
2454 3463 2686 3535 βλέπων,
2726 3464 2945 3520 ἐπειδὰν
2999 3465 3114 3538 ἴδῃς
3161 3465 3528 3530 πλουτοῦντας
3565 3467 3774 3530 πολλοὺς,

2235 3548 2309 3619 μὴ
2340 3548 2628 3612 πλουσίους
2677 3548 2894 3620 άληθῶς
2939 3543 3079 3603 εἶναι
3126 3549 3339 3621 νόμιζε,
3376 3549 3515 3604 ἀλλὰ
3549 3549 3768 3605 πλουσίω·

2232 3631 2577 3703 περικεῖσθαι
2621 3634 2958 3702 προσωπεῖα.
2997 3631 3264 3703 Καθάπερ
3299 3631 3414 3704 γὰρ
3441 3633 3632 3696 ἐκεῖνος
3655 3633 3680 3684 ὁ
3705 3628 3779 3682 ἐπὶ

2231 3715 2330 3786 τῆς
2357 3715 2561 3786 σκηνῆς
2587 3715 2676 3768 τὸν
2711 3715 2935 3786 βασιλέα
2962 3717 3055 3770 καὶ
3079 3716 3170 3770 τὸν
3198 3716 3508 3788 στρατηγὸν
3537 3713 3778 3784 ὐποκρινό-

2235 3815 2414 3868 μενος,
2443 3796 2701 3860 πολλάκις
2725 3797 2941 3870 οἰκέτης
2965 3797 3039 3851 ὣν
3067 3799 3346 3869 τυγχάνει,
3375 3799 3410 3869 ἢ
3435 3799 3538 3852 τῶν
3564 3798 3686 3858 σῦκα
3703 3795 3778 3847 καὶ

2234 3881 2428 3952 βότρυς
2464 3881 2787 3935 πωλούντων
2833 3883 2920 3936 ἐπ’
2950 3883 3189 3954 ἀγορᾶς·
3215 3881 3361 3936 οὕτω
3385 3883 3450 3955 δὴ
3491 3882 3580 3936 καί
3605 3875 3778 3943 δῦτυςά

2234 3964 2484 4026 πλούσιος
2535 3964 2795 4028 πολλάκις
2835 3965 3053 4018 πάντων
3083 3965 3412 4036 πενέστερος
3437 3965 3510 4019 ὢν
3536 3964 3773 4034 τυγχάνει.

2235 4048 2332 4100 Ἂν
2363 4045 2473 4117 γὰρ
2502 4047 2757 4119 περιέλῃς
2787 4047 2950 4101 αὐτοῦ
2994 4047 3055 4100 τὸ
3085 4050 3451 4118 προσωπεῖον,
3481 4048 3571 4102 καὶ
3592 4047 3646 4099 τὸ
3677 4061 3776 4098 συν-

2232 4129 2370 4193 ειδὸς
2405 4129 2734 4200 ἁναπτύξῃς,
2769 4132 2865 4184 καὶ
2893 4132 2972 4195 εἰς
2998 4131 3095 4202 τὴν
3121 4131 3360 4185 διάνοιαν
3391 4131 3645 4205 εἰσέλθῃς,
3669 4127 3774 4181 πολ-

2232 4213 2329 4284 λὴν
2361 4212 2608 4284 εὑρήσεις
2637 4213 2838 4284 ἀρετῆς
2863 4215 2980 4266 ἐκεῖ
3011 4213 3222 4281 πενίαν,
3259 4213 3353 4267 καὶ
3382 4215 3594 4269 πάντων
3620 4209 3775 4280 ἀτιμό-

2232 4311 2387 4366 τερον
2425 4295 2552 4348 ὅντα
2582 4295 2692 4348 τῶν
2721 4294 3256 4368 ἀνθρώπων.Ὥσπερ
3283 4296 3395 4370 γὰρ
3437 4296 3528 4349 ἐπὶ
3556 4297 3652 4349 τῶν
3677 4293 3773 4346 θεά·

2234 4395 2377 4452 τρων
2406 4379 2505 4450 τῆς
2537 4379 2777 4451 ἑσπέρας
2803 4379 3236 4452 καταλαϐούσης,
3267 4380 3366 4434 καὶ
3399 4380 3506 4434 τῶν
3543 4375 3772 4446 συγκαθηο

2237 4461 2411 4533 μένων
2441 4463 2932 4534 ἀναχωρησάντων,
2953 4461 3260 4528 ἐξελθόντες
3282 4463 3409 4529 ἔξω,
3434 4462 3604 4518 καὶτὸ
3624 4460 3772 4530 σχῆμα

2233 4548 2333 4618 τῆς
2379 4547 2719 4618 ὑποκρίσεως
2757 4559 2781 4586 θ
2811 4547 3158 4619 ἀποθέμενοι,
3187 4549 3234 4602 οἰ
3264 4547 3503 4619 βασιλεῖς
3531 4547 3618 4601 καὶ
3647 4559 3769 4612 στρα-

2234 4631 2393 4702 τηγοί
2428 4632 2596 4684 πᾶσιν
2641 4625 2781 4683 εἶναι
2813 4629 3096 4694 δοκοῦντες
3143 4630 3426 4699 φαίνονται
3458 4629 3632 4684 λοιπὸν
3664 4629 3769 4692 ὅπερ

2235 4715 2371 4767 εἰσίν
2392 4730 2404 4743 ·
2441 4713 2582 4767 οὐτω
2623 4711 2687 4784 δὴ
2717 4714 2811 4766 καί
2848 4712 2942 4766 νῦν
2983 4712 3078 4766 τοῦ
3108 4713 3339 4767 θανάτου
3371 4708 3766 4784 παραγενομένου

2237 4797 2332 4850 καὶ
2349 4796 2442 4850 τοῦ
2468 4796 2697 4868 θεάτρου
2726 4794 2999 4859 λυθέντος,
3029 4796 3099 4850 τά
3126 4797 3219 4850 τοῦ
3243 4795 3477 4851 πλούτου
3497 4792 3766 4866 προσωπεῖα

2236 4881 2332 4935 καὶ
2357 4880 2426 4934 τὰ
2448 4881 2548 4952 τῆς
2577 4879 2765 4944 πενίας
2791 4879 3118 4951 ἀποθέμενοι
3145 4879 3367 4944 πάντες,
3399 4879 3629 4951 ἀπῆλθον
3652 4874 3764 4928 ἐκεῖ’

2237 4964 2328 5018 καὶ
2355 4964 2463 5018 ἀπὸ
2491 4963 2601 5017 τῶν
2623 4963 2798 5035 ἔργων
2831 4962 2990 5035 μόνον
3012 4963 3325 5036 κρινόμενοι
3353 4964 3640 5035 φαίνονται,
3659 4958 3764 5015 τίνες

2240 5049 2339 5119 μὲν
2358 5047 2572 5120 ἀληθῶς
2599 5047 2866 5111 πλούσιοι,
2896 5047 3042 5113 τίνες
3069 5048 3127 5102 δέ
3151 5047 3400 5121 πένητες,
3423 5049 3516 5102 καὶ
3542 5046 3666 5107 τίνες
3689 5039 3765 5111 μὲν

2237 5133 2468 5203 ἔντιμοι,
2500 5131 2642 5195 τίνες
2671 5131 2727 5184 δὲ
2760 5131 2956 5198 ἄδοξοι.

2306 5217 2366 5270 δ’.
2388 5214 2652 5279 Πολλάκις
2676 5214 2805 5283 γοῦν
2829 5215 2934 5268 τῶν
2954 5213 3191 5268 ἐνταῦθά
3215 5232 3300 5279 τις
3325 5211 3673 5267 πλουτούντων
3698 5205 3761 5257 εὖ·

2239 5300 2368 5372 ρέθη
2410 5300 2622 5352 πάντων
2646 5300 2762 5352 ἐκεῖ
2788 5298 3113 5370 πενέστερος
3136 5297 3232 5362 ὣν,
3266 5297 3510 5366 καθάπερ
3539 5291 3622 5347 οὖν
3648 5286 3762 5343 καὶὲ

2238 5384 2488 5445 πλούσιος
2514 5377 2688 5446 οὗτος.
2707 5381 2924 5453 Ἐπειδὴ
2945 5381 3054 5451 γὰρ
3075 5383 3108 5453 ἡ
3133 5381 3340 5452 ἑσπέρα
3360 5376 3629 5436 κατέλαϐε,
3643 5385 3760 5424 τουτο

2237 5469 2385 5522 ἐστιν
2431 5469 2458 5520 6
2505 5467 2750 5532 θάνατος,
2784 5467 2878 5519 καὶ
2910 5468 2974 5519 ἐκ
3007 5465 3102 5520 τοῦ
3134 5465 3358 5539 θεάτρου
3393 5463 3493 5533 τῆς
3530 5455 3759 5530 παρούσης

2286 5599 2322 5682 ’⁸³
2350 5607 2447 5655 Alii
2469 5606 2841 5680 ἐξαιησὸμενος.
2869 5607 3023 5658 Paulo
3062 5612 3172 5671 post
3196 5619 3322 5658 unus
3338 5617 3425 5654 ms.
3450 5601 3581 5666 μόνος
3601 5593 3760 5652 ὓπελθν

2236 5685 2408 5717 πανετο
2429 5685 2529 5723 τας.

2300 5729 2326 5769 ιι
2359 5730 2452 5777 Alii
2476 5727 2726 5783 διαπτύεις.

2307 5799 2323 5816 ⁸
2352 5789 2450 5842 Alii
2476 5797 2556 5850 τῆς
2578 5792 2858 5848 ὑποθέσεως.
