4046 6146
316 250 420 306 985

312 372 553 417 ratorum
598 358 843 416 cumulus
883 363 1198 420 renovatur,
1250 363 1304 410 et
1349 353 1519 410 oculis
1572 353 1880 420 exhibetur,

315 461 653 518 mentemque
690 448 942 503 stimulat.
971 446 1039 501 Et
1066 444 1509 516 quemadmodum
1538 443 1627 514 qui
1650 450 1896 497 tenentur

318 543 369 596 in
387 555 617 601 carcere,
637 554 848 608 semper
871 537 1082 607 quidem
1109 534 1300 604 dejecti
1327 542 1721 603 monentesque
1747 537 1892 599 sunt,

322 633 553 688 maxime
576 641 751 686 tamen
776 630 874 684 sub
899 630 1044 684 illum
1073 627 1213 682 diem
1238 643 1343 696 quo
1362 635 1486 680 sunt
1517 623 1806 690 educendi,
1842 630 1896 677 et

317 727 382 779 ad
423 726 564 793 ipSas
600 723 796 794 judicis
837 720 980 776 fores
1021 718 1393 790 pertrahendi,
1436 732 1498 772 ac
1524 730 1620 786 pro
1643 713 1894 770 cancellis

318 811 417 870 fori
438 822 640 868 stantes
660 812 851 882 judicis
872 825 1056 866 vocem
1085 809 1226 864 intus
1251 809 1488 872 audiunt,
1521 807 1892 862 exanimantur

272 972 276 977 _
318 903 492 971 metu,
535 903 805 975 nihiloque
849 902 1038 956 melius
1085 899 1420 966 afficiuntur,
1455 912 1611 968 quam
1651 893 1891 950 mortui:
1966 893 1970 916 ι

317 998 395 1052 sic
419 1003 472 1050 et
510 997 686 1052 anima
712 1034 728 1058 ,
777 992 1009 1048 maxime
1037 991 1246 1062 quidem
1293 990 1343 1043 in
1382 991 1496 1058 ipso
1523 986 1722 1058 peccati
1757 995 1895 1040 tem-

319 1105 449 1159 pore
491 1089 756 1144 cruciatur
788 1095 842 1141 et
879 1085 1087 1162 angitur
1108 1124 1124 1151 ,
1170 1083 1338 1138 multo
1371 1091 1543 1136 tamen
1583 1079 1748 1150 magis
1773 1091 1894 1132 cum

322 1177 446 1235 hinc
471 1181 650 1234 avulsa
679 1176 985 1232 abducenda
1019 1184 1121 1230 est.

393 1273 447 1327 3.
473 1271 743 1326 Silentium
769 1267 955 1322 mavult
982 1266 1366 1335 Cltrysostomus
1393 1279 1544 1334 quam
1572 1262 1799 1332 plausus.
1828 1289 1899 1300 -—-

320 1360 532 1434 Ergone
579 1362 800 1427 tacetis,
832 1359 956 1414 dum
995 1357 1221 1411 auditis?
1268 1356 1428 1410 Multo
1456 1354 1710 1424 majorem
1745 1353 1895 1408 vobis

323 1453 495 1509 habeo
535 1453 756 1524 gratiam
803 1466 900 1520 pro
940 1450 1151 1504 silentio
1175 1491 1190 1515 ,
1233 1463 1388 1518 quam
1433 1461 1530 1517 pro
1578 1445 1898 1516 plausibus:

324 1555 601 1617 propterea
626 1543 765 1614 quod
793 1543 1005 1613 plausus
1035 1541 1244 1611 quidem
1279 1555 1342 1595 ac
1369 1525 1550 1594 laudes
1591 1553 1675 1594 me
1703 1537 1903 1593 faciunt

323 1635 769 1706 Splendidiorem,
798 1633 1063 1688 silentium
1094 1647 1223 1686 vero
1248 1631 1349 1686 hoc
1387 1647 1480 1685 vos
1519 1630 1691 1685 reddit
1718 1629 1900 1684 mode-

324 1733 537 1785 stiores.
582 1727 714 1781 Novi
756 1725 895 1795 quod
936 1724 1049 1778 haec
1076 1739 1194 1793 qua:
1223 1723 1470 1777 dicuntur
1502 1722 1726 1776 molesta
1758 1729 1898 1787 sunt,

325 1819 507 1873 verum
545 1818 765 1871 multem
811 1815 941 1870 lucri
976 1823 1030 1868 et
1074 1806 1478 1868 inenarrabilem
1525 1811 1750 1866 fructum
1777 1810 1904 1865 alica

325 1921 470 1966 runt.
531 1909 687 1963 Dives
737 1907 825 1963 ille
866 1907 908 1961 si
942 1921 1098 1978 quem
1149 1904 1459 1969 habuisset,
1506 1903 1595 1972 qui
1643 1901 1740 1972 ipsi
1781 1900 1903 1954 talia

325 2005 525 2057 monita
551 2001 821 2064 dedisset,
856 2013 917 2053 ac
948 2013 1050 2051 non
1080 1996 1253 2066 potius
1290 1994 1592 2048 adulatores
1631 1993 1808 2047 omnia
1835 1990 1901 2045 ad

325 2093 548 2160 gratiam
576 2089 913 2145 consulentes
931 2129 946 2152 ,
976 2097 1133 2156 atque
1153 2085 1216 2139 ad
1243 2084 1458 2139 delicias
1486 2071 1775 2147 trahentes,
1804 2096 1902 2135 ne-

325 2191 590 2253 quaquam
619 2182 852 2236 venisset
895 2178 959 2233 ad
1003 2179 1144 2233 illam
1186 2178 1480 2247 gehennam
1509 2216 1522 2241 ,
1563 2188 1896 2244 nequaquam

328 2274 581 2343 supplicia
622 2287 808 2341 passus
845 2278 987 2325 esset
1027 2267 1371 2322 intolerabilia
1397 2307 1412 2330 ,
1462 2280 1792 2336 nequaquam
1819 2265 1903 2318 in-

328 2364 721 2420 consolabiliter
759 2378 876 2417 eum
918 2369 1100 2429 postea
1148 2358 1502 2428 pmnituisset.
1548 2356 1743 2410 Verum
1775 2369 1908 2424 quo-

330 2458 470 2511 niam
519 2470 705 2510 omnes
751 2453 815 2508 ad
869 2451 1089 2522 gratiam
1138 2449 1521 2518 loquebantur,
1579 2444 1910 2501 tradiderunt

329 2545 478 2599 illum
509 2543 774 2598 incendio.
801 2533 1014 2596 Utinam
1040 2540 1224 2593 liceret
1253 2537 1367 2592 hinc
1393 2545 1600 2605 semper
1625 2544 1909 2605 perpetuo-

333 2645 438 2703 que
467 2633 820 2702 philoSophari
838 2672 854 2698 ,
885 2645 948 2686 ac
974 2619 1040 2685 de
1067 2628 1304 2700 gehenna
1333 2625 1495 2696 loqui.
1554 2624 1620 2679 In
1657 2625 1904 2692 omnibus,

333 2727 520 2795 inquit,
549 2725 694 2779 dictis
721 2725 817 2778 tuis
843 2731 1085 2778 memento
1109 2721 1374 2775 novissima
1392 2729 1498 2786 tua,
1525 2719 1644 2773 etin
1664 2723 1904 2772 aeternum

330 2823 435 2870 'non
475 2816 698 2886 peccabis
719 2813 904 2886 (Eccli.
933 2807 987 2868 Ἰ.
1010 2811 1120 2884 40).
1163 2813 1238 2865 Ac
1278 2825 1459 2864 rursus
1493 2828 1505 2863 :
1541 2799 1680 2861 Para
1709 2807 1776 2860 ad
1803 2807 1912 2860 exi-

337 2915 442 2962 tum
468 2915 619 2978 opera
643 2918 730 2961 tua
750 2948 765 2972 ,
806 2915 856 2960 et
895 2922 1090 2976 appara
1134 2912 1180 2958 te
1210 2903 1278 2956 ad
1315 2903 1444 2956 viam
1468 2893 1641 2970 (Prov.
1673 2900 1762 2953 2i.
1791 2897 1907 2970 27).

333 2998 390 3056 Si
432 3001 555 3070 quid
595 2997 678 3053 cui
732 3000 986 3067 rapuisti,
1040 2987 1237 3061 redde,
1285 3006 1340 3050 et
1384 2995 1547 3048 dicito
1581 2994 1730 3062 juxta
1773 2991 1907 3072 Zac-

333 3092 541 3144 ‘clneum
578 3108 589 3143 :
618 3072 698 3143 Do
721 3087 1059 3158 quadruplum
1080 3128 1094 3153 ,
1127 3088 1171 3141 si
1201 3086 1322 3156 quid
1354 3085 1500 3156 rapui
1535 3083 1684 3158 (Luc.
1717 3083 1802 3140 i9.
1832 3081 1908 3153 8).

334 3171 392 3236 Si
447 3191 602 3250 quem
652 3179 1003 3234 calumniatus
1048 3178 1141 3241 es,
1199 3175 1242 3230 Si
1285 3176 1370 3232 cui
1410 3174 1580 3229 factus
1619 3189 1677 3229 es
1723 3173 1904 3228 inimi-

337 3281 433 3325 ("us
456 3313 471 3337 ,
506 3271 848 3325 reconciliare
868 3311 883 3336 ,
915 3269 1220 3338 priusquam
1251 3268 1494 3321 veniatur
1535 3265 1598 3319 ad
1637 3264 1912 3335 judicium.

338 3363 528 3419 Omnia
559 3363 644 3416 hic
682 3361 914 3416 dissolve
938 3400 953 3425 ,
995 3369 1054 3414 ut
1083 3360 1212 3414 citra
1247 3355 1546 3413 molestiam
1574 3356 1702 3412 illud
1734 3355 1916 3411 videas

339 3454 591 3509 it'ibunal.

411 3544 712 3600 Pwnitentia
731 3543 843 3598 sera
866 3553 979 3614 post
997 3552 1225 3597 mortem.
1241 3572 1314 3620 έ-
1327 3525 1505 3596 Donec
1526 3540 1611 3596 hic
1633 3539 1912 3606 fuerimus,

338 3649 464 3707 spes
485 3633 741 3692 habemus
769 3635 1052 3706 prwclaras
1076 3653 1088 3688 :
1117 3633 1272 3690 simul
1315 3644 1474 3702 atque
1497 3648 1625 3688 vero
1652 3632 1914 3686 discesse-

339 3732 509 3786 rimus
537 3731 682 3795 illuc,
710 3745 818 3785 non
839 3737 922 3785 est
947 3737 1129 3799 postea
1158 3728 1210 3783 in
1242 3726 1397 3782 nobis
1425 3727 1585 3782 situm
1612 3725 1875 3796 paenitere
1897 3762 1915 3790 ,

341 3833 517 3891 neque
543 3820 824 3877 eomr‘niSsa
850 3819 1072 3875 diluere.
1106 3809 1440 3888 Quapmpt‘er
1463 3810 1673 3886 oportet
1701 3829 1800 3870 nos
1826 3826 1916 3866 as-

343 3911 495 3966 Sidue
537 3909 820 3982 prmpar'ari
858 3909 924 3964 ad
953 3911 1224 3980 egressum
1265 3905 1388 3962 hinc
1430 3905 1750 3961 faciendum.
1783 3903 1917 3970 Quid

342 4004 483 4057 enim
505 4003 547 4055 si
576 4001 797 4056 Demino
821 4000 993 4056 visum
1015 3999 1173 4054 fuerit
1195 3986 1300 4053 hoc
1321 4012 1542 4066 vespere
1566 4010 1756 4050 vocare
1785 3993 1916 4048 nos?

341 4092 481 4160 Quid
507 4091 550 4146 si
570 4094 730 4147 cras?
755 4091 1015 4147 incertum
1042 4091 1181 4146 enim
1207 4088 1332 4159 quid
1359 4089 1588 4143 futurum
1609 4087 1697 4151 sit,
1728 4097 1780 4140 ut
1803 4101 1919 4156 per-

345 4191 505 4253 pctuo
532 4183 698 4236 simus
737 4181 788 4235 in
831 4181 1152 4247 certamine,
1181 4178 1236 4234 et
1274 4179 1339 4233 'ad
1370 4175 1512 4232 illam
1541 4175 1920 4248 prefectionem

343 4271 623 4336 instructi,
652 4269 1093 4340 quemadmodum
1118 4269 1202 4324 hic
1230 4266 1460 4324 Lazarus
1485 4267 1698 4338 semper
1723 4276 1836 4322 erat
1865 4267 1920 4321 in

351 4362 634 4419 tolerantia
664 4361 1039 4430 patientiaque,
1069 4363 1389 4430 quapropter
1411 4363 1554 4414 t'anto
1573 4363 1692 4414 cum
1720 4359 1924 4414 honore

344 4451 603 4510 deductus
628 4460 728 4508 est.
775 4450 1010 4505 Mortuus
1037 4457 1118 4504 est
1154 4451 1330 4504 autem
1361 4435 1510 4505 dives
1530 4490 1544 4514 ,
1589 4458 1642 4504 et
1686 4449 1924 4518 sepultus

346 4553 452 4611 est,
477 4542 722 4597 nimirum
749 4541 924 4596 anima
949 4539 1088 4594 illius
1118 4540 1168 4593 in
1192 4543 1434 4608 Corpore,
1457 4540 1703 4608 tanquam
1732 4539 1785 4592 in
1807 4553 1926 4592 mo-

346 4645 602 4692 numento
626 4633 855 4700 defossa,
894 4637 957 4687 ae
989 4627 1289 4702 sepulcrum
1315 4629 1717 4685 circumferente
1737 4645 1927 4698 nempe

345 4742 584 4784 carnem.
615 4725 730 4780 Non
761 4729 914 4780 secus
945 4723 1086 4778 enim
1131 4722 1218 4777 ille
1240 4763 1256 4787 ,
1305 4727 1460 4790 quam
1488 4720 1534 4775 si
1575 4723 1757 4774 “catena
1794 4736 1925 4790 qua-

346 4821 491 4884 dam,
522 4817 828 4872 temulentia
850 4856 865 4882 ,
911 4829 974 4870 ac
996 4815 1198 4870 ventris
1237 4811 1466 4883 ingluvie
1517 4812 1723 4866 vinctus
1753 4814 1923 4875 eSs‘et,

347 4911 428 4966 sic
457 4910 683 4964 otiosam
714 4906 852 4962 illam
881 4913 944 4961 ac
971 4909 1234 4961 mortuam
1263 4899 1586 4960 reddiderat.
1631 4899 1707 4959 Ne
1734 4905 1925 4959 leviter

348 5001 757 5072 praetereuntis,
787 4993 1016 5064 dilecte,
1057 4995 1219 5061 illud,
1262 4996 1487 5066 sepultus
1527 5004 1617 5050 est.
1666 4985 1761 5051 Hic
1800 4996 1926 5050 mihi

350 5089 631 5148 considera
655 5086 868 5142 mensas
896 5097 1112 5157 argento
1135 5087 1503 5143 circumtectas
1520 5127 1536 5154 ,
1563 5086 1747 5150 lectos,
1778 5095 1927 5158 tape-

352 5187 434 5234 tes
453 5221 468 5242 ,
504 5181 815 5232 ornamenta
835 5218 849 5242 ,
875 5191 992 5245 quae
1018 5183 1124 5230 tota
1155 5175 1208 5229 in
1237 5173 1396 5230 domo
1428 5183 1552 5229 sunt
1578 5176 1751 5229 omnia
1771 5216 1787 5240 ,
1827 5191 1928 5229 un-

350 5273 566 5342 guenta,
596 5275 854 5334 aromata,
879 5266 988 5321 vini
1013 5267 1148 5322 meri
1174 5267 1401 5337 copiam,
1431 5266 1728 5321 eduliorum
1754 5267 1929 5321 varie-

354 5369 512 5426 tates,
539 5359 778 5415 ciborum
805 5357 1022 5414 delicias
1041 5397 1057 5424 ,
1086 5370 1303 5426 coquos,
1352 5357 1674 5424 adulatores,
1707 5357 1928 5428 stipato-

353 5465 464 5520 res,
491 5451 740 5516 famulos,
766 5459 829 5505 ac
852 5449 1106 5520 reliquam
1128 5451 1423 5505 universam
1447 5465 1711 5520 pompam,
1740 5453 1928 5521 strepi-

358 5554 572 5614 tumque
620 5542 974 5607 exStinetum,
1025 5542 1423 5612 marcidnmque
1476 5544 1689 5598 factum.
1741 5545 1927 5600 Omnia

357 5635 508 5703 cinis,
537 5632 716 5691 Omnia
743 5629 916 5689 favilla
943 5639 995 5689 ct
1021 5630 1219 5704 pulvis.
1263 5632 1488 5689 lamenta
1530 5643 1582 5690 et
1606 5635 1805 5702 htctus,
1835 5653 1928 5692 ne-

1551 242 1636 297 DE
1675 239 1946 297 LAZABO
1983 239 2226 298 CONCIO
2266 240 2327 296 ll.

3465 247 3570 302 986

2001 353 2145 408 mine
2178 362 2558 422 succurrente,
2611 366 2782 426 neque
2827 356 2990 412 semel
3022 371 3291 427 egressam
3339 357 3572 417 animam

2002 456 2181 517 postea
2211 457 2529 507 revocante:
2569 456 2691 504 tunc
2726 447 3090 504 deel'arabatur
3112 448 3238 519 quid
3279 450 3446 519 possit
3472 464 3572 503 au-

2001 556 2148 606 rum,
2181 539 2304 610 quid
2333 541 2536 610 possint
2568 541 2797 610 copiosas
2828 541 3043 596 divitiae.
3075 540 3346 610 Siquidem
3371 556 3440 595 ex
3464 549 3570 594 tam

2000 628 2261 699 frequenti
2293 628 2547 685 famulitio
2572 630 2745 685 nudus
2771 630 3025 685 abductus
3052 640 3135 686 est
3162 639 3215 686 et
3234 631 3380 684 solus
3399 672 3414 695 ,
3441 629 3582 686 nihil

2001 735 2068 776 ex
2097 728 2238 775 tanta
2264 720 2533 776 affluentia
2558 736 2737 775 secum
2764 720 2902 777 ferre
2927 722 3140 786 valens,
3172 721 3268 778 sed
3292 722 3534 777 desertus
3555 762 3571 786 ,

2001 810 2340 877 indefensus,
2383 825 2447 866 ac
2489 810 2797 881 neglectus:
2829 812 3005 866 nullus
3031 827 3248 877 eorum,
3291 813 3381 882 qui
3427 817 3574 882 prius

2000 915 2122 956 eum
2149 901 2395 957 colebant
2415 944 2429 964 ,
2457 903 2544 972 qui
2570 903 2976 970 auxiliabantur,
3003 903 3216 969 aderat,
3241 912 3520 972 erepturus
3545 919 3575 957 a

2003 1009 2157 1064 poena
2183 1009 2246 1048 ac
2273 994 2562 1064 supplicio,
2593 994 2685 1050 sed
2711 995 2781 1048 ab
2819 996 2922 1050 illis
2946 994 3188 1050 omnibus
3213 995 3471 1060 divulsus,
3499 1010 3577 1050 so-

2001 1086 2085 1141 lus
2110 1087 2430 1156 interceptus
2450 1096 2551 1152 est,
2576 1096 2632 1141 ut
2654 1087 2737 1140 illa
2766 1103 2870 1141 non
2900 1086 3113 1143 ferenda
3142 1088 3398 1157 supplicia
3420 1088 3578 1142 susti-

2003 1187 2175 1234 neret.
2207 1178 2341 1233 Vere
2379 1177 2555 1232 Omnis
2589 1195 2706 1232 caro
2739 1183 2927 1249 [cenam
2956 1188 3002 1233 et
3035 1180 3195 1233 omnis
3230 1178 3394 1250 gloria
3419 1179 3578 1232 homi-

2007 1268 2088 1322 nis
2112 1277 2365 1339 tamquam
2391 1270 2489 1339 ﬂos
2513 1269 2632 1337 freni
2657 1285 2675 1324 :
2703 1270 2895 1324 exaruit
2920 1286 3155 1340 gramen,
3182 1278 3226 1323 et
3247 1271 3345 1339 ﬂos
3371 1269 3577 1334 decidit,

2004 1360 2093 1414 sed
2115 1360 2315 1414 verbum
2351 1359 2558 1415 Domini
2584 1369 2748 1415 manet
2774 1360 2826 1414 in
2853 1369 3092 1415 aeternum
3119 1359 3270 1432 (Isai.
3300 1360 3387 1415 40.
3417 1359 3470 1416 6.
3499 1358 3578 1430 8).

2006 1451 2160 1507 Venit
2189 1467 2332 1506 mors
2359 1461 2412 1507 et
2435 1453 2690 1507 exstinxit
2713 1453 2800 1506 illa
2841 1453 3040 1508 omnia.
3081 1451 3192 1506 Nec
3226 1451 3381 1506 aliter
3423 1465 3580 1520 quam

2007 1543 2268 1613 captivum
2293 1553 2561 1613 arreptum
2591 1544 2736 1598 illum
2762 1542 2980 1598 abduxit
3001 1541 3249 1598 demissis
3269 1543 3460 1608 oculis,
3487 1556 3583 1611 pu-

2006 1632 2136 1688 dore
2157 1634 2400 1703 plenum,
2435 1649 2538 1688 non
2567 1633 2848 1688 audentem
2877 1632 3103 1699 hiscere,
3134 1640 3472 1697 trementem,
3496 1645 3584 1700 pa-

2007 1725 2207 1790 vidum,
2237 1725 2456 1793 perinde
2475 1726 2623 1795 quasi
2649 1726 2700 1780 in
2720 1726 2946 1780 somniis
2965 1725 3229 1781 universis
3251 1725 3355 1780 illis
3379 1724 3585 1781 deliciis

2008 1814 2196 1868 fruitus
2226 1815 2426 1870 fuisset.
2458 1815 2536 1869 Ae
2562 1825 2680 1884 post
2721 1813 2835 1870 haec
2879 1815 3100 1884 supplex
3129 1815 3278 1870 dives
3307 1812 3479 1869 factus
3505 1823 3586 1870 est

2010 1907 2246 1974 pauperi,
2276 1913 2435 1982 atque
2474 1920 2615 1960 nunc
2660 1905 2800 1959 illius
2841 1914 2961 1976 eget
3004 1919 3221 1970 mensa,
3267 1905 3360 1975 qui
3387 1905 3584 1960 dudum

2009 1995 2272 2050 esuriebat
2293 2036 2308 2062 ,
2339 1997 2478 2059 illius
2518 1997 2606 2066 qui
2636 2011 2826 2051 canum
2856 1997 3043 2050 rostris
3085 1995 3324 2068 obiectus
3357 1997 3586 2066 iacebat.

2008 2085 2115 2139 Res
2135 2094 2470 2139 commutatae
2491 2096 2634 2152 sunt,
2661 2087 2887 2141 universi
2909 2096 3271 2156 cognoverunt
3288 2095 3407 2142 uter
3430 2087 3589 2145 fuerit

2009 2177 2179 2245 dives,
2209 2186 2325 2232 uter
2349 2192 2567 2247 pauper,
2591 2177 2838 2248 quodque
2862 2177 3091 2238 Lazarus
3114 2178 3328 2249 quidem
3353 2179 3594 2234 omnium

2012 2269 2171 2326 fuerit
2213 2268 2645 2337 opulentissimus
2664 2309 2678 2335 ,
2709 2269 2799 2322 ille
2833 2278 3015 2324 contra
3041 2269 3278 2324 omnium
3307 2269 3588 2339 pauperri-

2011 2376 2150 2416 mus.
2181 2360 2635 2428 Quemadmodum
2663 2360 2806 2415 enim
2833 2368 3042 2416 actores
3071 2361 3123 2415 in
3151 2375 3322 2417 scena
3341 2400 3356 2426 ,
3398 2375 3583 2430 regum

2011 2468 2075 2508 ac
2097 2453 2288 2507 ducum
2328 2466 2617 2521 personas,
2651 2451 2777 2505 item
2818 2451 3144 2507 medicorum
3172 2467 3237 2508 ac
3275 2451 3550 2508 rhetorum
3575 2494 3594 2518 ,

2012 2542 2514 2614 sopbistarum,pae
2563 2543 2788 2598 militum
2835 2552 3166 2599 assumentes
3206 2543 3593 2614 ingrediuntur.

2011 2648 2131 2688 cum
2163 2633 2260 2702 ipsi
2309 2632 2441 2687 nihil
2488 2632 2674 2688 horum
2719 2633 2862 2689 sint:
2891 2635 2967 2688 sic
2996 2648 3124 2688 sane
3149 2642 3204 2689 et
3249 2634 3302 2689 in
3345 2633 3598 2703 praesenti
3655 2673 3662 2685 .

2014 2707 2116 2777 vita
2145 2731 2424 2792 paupertas
2466 2737 2526 2777 ac
2551 2722 2748 2778 divitia:
2777 2724 2907 2778 nihil
2933 2723 3073 2778 aliud
3103 2732 3260 2790 sunt,
3289 2739 3447 2795 quam
3473 2739 3597 2794 per-

2018 2825 2219 2874 sonatae
2246 2808 2426 2872 larvai.
2453 2817 2600 2872 Sicut
2625 2817 2783 2888 igitur
2807 2818 2858 2872 in
2887 2817 3094 2873 theatro
3119 2818 3332 2885 sedens,
3363 2820 3410 2874 si
3436 2834 3594 2889 quem

2013 2891 2243 2973 videris,
2274 2921 2338 2961 ex
2369 2907 2432 2960 iis
2457 2907 2542 2976 qui
2587 2906 2806 2961 inferius
2837 2906 3041 2973 ludunt,
3073 2923 3352 2976 personam
3378 2917 3595 2980 gestan-

2017 3009 2123 3057 tem
2152 2997 2291 3071 regis
2313 3042 2328 3066 ,
2377 3015 2483 3054 non
2521 2998 2731 3069 judicas
2775 3015 2897 3054 eum
2927 2999 3172 3064 beatum,
3219 3015 3392 3069 neque
3417 3015 3595 3070 regem

2017 3093 2135 3147 esse
2163 3090 2335 3146 credis
2359 3131 2374 3156 ,
2404 3090 2512 3144 imo
2539 3103 2638 3144 nec
2665 3089 2778 3159 ipse
2802 3090 3000 3158 optaris
3029 3104 3148 3143 esse
3173 3089 3292 3144 talis
3316 3106 3329 3142 :
3361 3088 3456 3143 sed
3477 3104 3596 3143 cum

2018 3181 2154 3236 scias
2177 3180 2316 3250 quod
2344 3180 2413 3234 sit
2439 3180 2700 3250 quispiam
2730 3195 2795 3236 ex
2824 3180 2886 3235 iis
2925 3180 3016 3250 qui
3041 3189 3322 3234 versantur
3347 3181 3401 3235 in
3447 3179 3562 3235 foro
3581 3222 3598 3247 ,

2020 3270 2221 3326 funium
2251 3270 2428 3341 opifex
2453 3279 2545 3344 aut
2562 3269 2716 3326 faber
2742 3271 2962 3326 :erarius
2985 3312 3000 3336 ,
3030 3280 3121 3326 aut
3145 3271 3289 3326 aliud
3312 3271 3598 3344 quidquam

2019 3363 2126 3417 tale
2145 3403 2159 3428 ,
2191 3377 2294 3417 non
2319 3362 2526 3433 judicas
2555 3361 2701 3417 illum
2729 3362 2940 3417 beatum
2966 3361 3035 3417 ob
3058 3377 3339 3431 personam
3361 3404 3376 3427 ,
3418 3369 3511 3417 aut
3531 3364 3602 3418 ob

2020 3460 2256 3519 vestem,
2307 3437 2478 3522 neque
2506 3468 2571 3507 ex
2599 3453 2743 3507 hisce
2785 3451 2945 3506 rebus
2971 3453 3202 3506 aestimas
3231 3452 3372 3507 illius
3396 3453 3557 3511 vitam
3581 3491 3599 3518 ,

2022 3542 2115 3598 sed
2143 3541 2354 3612 despuis
2383 3543 2554 3611 potius
2580 3541 2726 3597 illum
2762 3542 2829 3596 ob
2855 3543 3010 3596 aliam
3038 3543 3292 3597 vilitatem
3320 3561 3333 3598 :
3364 3543 3442 3598 sic
3463 3557 3593 3598 sane

2022 3640 2076 3686 et
2097 3631 2182 3686 hic
2210 3632 2350 3687 velut
2373 3633 2424 3686 in
2457 3633 2685 3698 theatro,
2717 3631 2961 3687 videlicet
2987 3633 3038 3686 in
3071 3633 3270 3687 mundo
3294 3633 3511 3701 sedens,
3543 3642 3601 3688 et

2027 3723 2078 3776 in
2107 3738 2262 3777 scena
2291 3722 2531 3777 ludentes
2560 3732 2827 3793 spectans,
2862 3724 2951 3778 ubi
2977 3723 3172 3779 videris
3193 3725 3498 3796 complures
3520 3725 3601 3780 di-

2025 3807 2180 3880 vites,
2208 3828 2274 3868 ne
2297 3822 2445 3882 putes
2471 3805 2592 3868 vere
2617 3813 2806 3868 divites
2831 3829 2971 3880 esse,
2996 3815 3089 3869 sed
3113 3814 3334 3889 divitum
3362 3815 3604 3873 obtectas

2025 3900 2285 3972 personis.
2331 3901 2462 3956 Nam
2490 3902 2937 3971 quemadmodum
2980 3890 3088 3968 ille,
3120 3905 3209 3973 qui
3248 3905 3300 3958 in
3329 3919 3488 3959 scena
3515 3921 3603 3960 re-

2024 4008 2142 4063 gem
2168 4001 2260 4047 aut
2284 3991 2408 4048 belli
2433 3975 2623 4047 ducem
2649 3992 2776 4061 agit,
2807 3991 3114 4062 frequenter
3141 4004 3225 4048 est
3253 3993 3481 4048 famulus
3508 4009 3600 4048 eo-

2029 4099 2164 4148 rum,
2197 4084 2288 4154 qui
2329 4083 2460 4138 ﬁcus
2484 4092 2574 4137 aut
2600 4083 2782 4137 botros
2807 4067 3046 4137 vendunt
3073 4082 3124 4136 in
3152 4083 3268 4138 foro
3291 4099 3304 4137 :
3339 4084 3522 4140 itidem
3549 4095 3604 4140 et

2029 4173 2114 4229 hic
2139 4174 2286 4229 dives
2314 4174 2503 4230 crebro
2532 4168 2814 4245 pauperior
2852 4182 2934 4228 est
2963 4174 3224 4228 omnibus.
3268 4175 3419 4240 Quod
3447 4177 3489 4229 si
3509 4176 3605 4230 de-

2030 4264 2251 4319 traxeris
2277 4265 2349 4318 illi
2376 4279 2676 4333 personam,
2707 4263 2752 4319 si
2779 4263 3156 4318 conscientiam
3186 4265 3420 4332 explices
3441 4275 3494 4320 et
3527 4267 3606 4320 in-

2029 4353 2284 4423 grediaris
2333 4354 2564 4407 animum
2588 4393 2601 4417 ,
2642 4353 2859 4408 multam
2895 4353 3003 4408 illic
3029 4352 3263 4409 oll‘endes
3289 4356 3496 4409 virtutis
3524 4357 3606 4410 iu-

2029 4445 2241 4514 opiam,
2286 4440 2688 4515 comperiesqne
2733 4445 2969 4500 omnium
3010 4443 3282 4500 hominum
3310 4448 3606 4517 abjectissi-

2033 4541 2195 4588 mum.
2225 4535 2680 4600 Quemadmodum
2710 4535 2850 4591 enim
2879 4537 3110 4591 instante
3136 4552 3379 4608 vespera,
3407 4526 3608 4610 digres-

2031 4625 2210 4695 sisque
2232 4628 2318 4695 qui
2347 4626 2720 4692 consederant,
2756 4627 2841 4681 ubi
2873 4626 3072 4682 fuerint
3092 4643 3120 4681 e
3153 4627 3360 4682 theatro
3385 4629 3607 4698 egressi,

2033 4715 2376 4786 habitumque
2418 4716 2610 4770 fabulae
2633 4711 2974 4787 deposuerint
3005 4736 3018 4772 :
3063 4718 3153 4788 qui
3199 4719 3342 4788 prius
3368 4735 3519 4790 reges
3543 4737 3606 4774 ae

2035 4807 2196 4862 duces
2224 4824 2342 4862 esse
2367 4809 2697 4875 videbantur,
2729 4818 2848 4879 post
2867 4807 3126 4880 apparent
3149 4807 3250 4865 hoc
3273 4811 3412 4881 quod
3442 4823 3563 4865 sunt
3587 4831 3599 4865 :

2035 4901 2104 4954 ita
2126 4914 2254 4954 sane
2273 4909 2324 4955 et
2347 4917 2503 4967 nunc,
2527 4911 2806 4973 postquam
2828 4918 2972 4957 mors
2993 4903 3057 4958 ad
3067 4905 3292 4972 venerit,
3319 4904 3608 4960 theatrum--

2035 5005 2138 5060 que
2160 4990 2435 5045 dimissum
2464 4991 2652 5057 fuerit,
2697 5009 2816 5047 cum
2845 4993 3148 5050 divitiarum
3180 4997 3606 5065 paupertatisque

2038 5097 2294 5152 personas
2323 5083 2686 5152 deposuerint,
2711 5100 2898 5140 omnes
2925 5084 3049 5140 illuc
3075 5084 3292 5156 profecti
3317 5129 3330 5150 ,
3360 5096 3517 5156 atque
3541 5103 3609 5141 ex

2037 5173 2163 5229 solis
2185 5176 2431 5245 operibus
2452 5177 2690 5246 judicati,
2716 5175 2987 5231 declarant
3006 5179 3094 5248 qui
3118 5194 3242 5233 vere
3267 5181 3375 5232 sint
3394 5179 3606 5246 divites,

2035 5267 2125 5337 qui
2157 5283 2281 5322 vere
2309 5259 2563 5338 pauperes
2592 5287 2604 5323 :
2638 5270 2725 5339 qui
2755 5270 3019 5335 honorati,
3052 5280 3105 5324 et
3126 5272 3214 5341 qui
3237 5272 3471 5327 obscuri.

2105 5359 2159 5416 ι.
2194 5361 2368 5414 Divitis
2407 5371 2594 5428 quanta
2639 5362 2790 5428 fuerit
2845 5372 3138 5430 paupertas.
3172 5363 3441 5432 —ltaque
3498 5362 3601 5418 fre-

2035 5465 2262 5523 quenter
2305 5453 2393 5515 fit,
2436 5461 2490 5505 ut
2536 5452 2622 5520 qui
2675 5451 2761 5504 hie
2803 5451 2851 5505 iu
2905 5452 3125 5506 divitum
3176 5463 3397 5508 numero
3435 5454 3610 5521 fuerit,

2038 5543 2144 5598 illic
2194 5540 2488 5612 reperiatur
2539 5537 2773 5592 omnium
2818 5536 3203 5612 pauperrimus,
3251 5543 3301 5597 id
3339 5547 3478 5614 quod
3522 5561 3582 5598 ac

2037 5635 2164 5690 cidit
2185 5635 2304 5690 huic
2331 5631 2496 5688 diviti.
2530 5629 2660 5686 Nam
2688 5631 3004 5703 simulatque
3044 5629 3352 5691 incubuerat
3374 5653 3612 5704 vespera.
