4046 6146
533 271 631 325 937

535 391 634 441 hoc
660 395 741 441 est
785 399 928 438 mors
951 426 964 453 ,
1009 398 1159 453 mque
1207 381 1482 451 prmsentis
1509 379 1628 433 vitae
1660 378 1870 433 theatro
1915 390 2106 448 egres-

537 494 628 533 sus
673 485 794 540 est,
825 488 1214 545 personamque
1238 473 1522 542 deposuit,
1553 471 1698 525 visus
1735 479 1816 524 est
1860 468 1964 523 illic
1991 483 2110 522 om-

535 571 678 622 nium
719 582 838 622 esse
867 565 1232 634 pauperrirnus
1265 580 1276 615 :
1310 562 1446 616 adeo
1492 575 1620 615 vero
1673 573 1904 630 pauper,
1937 566 1994 612 ut
2047 571 2113 612 ne

536 671 736 728 guttam
768 659 979 730 quidem
1006 673 1158 728 aqua:
1208 657 1429 712 haberet
1474 655 1527 711 in
1566 670 1660 711 sua
1689 663 1948 724 potestate
1974 694 1988 719 ,
2019 653 2112 708 sed

537 771 634 824 pro
685 756 784 806 hac
826 761 1076 822 rogaret,
1118 765 1288 820 neque
1335 749 1476 820 quod
1553 749 1811 820 petebat,
1861 748 2112 817 consequi

541 847 788 916 puluerit.
817 845 952 912 Quid
979 845 1079 901 hac
1126 852 1434 915 paupertate
1460 843 1742 914 pauperius
1767 856 1885 896 esse
1909 839 2115 912 posset?

536 939 764 993 Sublatis
777 939 916 993 enim
930 938 1097 993 oculis
1108 938 1317 1002 suis,ait
1328 937 1392 991 ad
1407 935 1694 991 Abraham:
1706 933 2115 1000 Pater,miserere

537 1032 651 1095 mei,
677 1041 723 1084 et
749 1032 888 1083 mitte
915 1029 1185 1094 Lazarum,
1210 1038 1263 1083 ut
1288 1029 1504 1099 intingat
1523 1043 1771 1082 summum
1791 1026 1936 1096 digiti
1959 1027 2040 1079 sui
2064 1025 2116 1077 in

535 1138 760 1191 «quam,
812 1131 859 1176 et
908 1122 1114 1175 instillat
1184 1121 1262 1174 ori
1311 1136 1420 1174 meo
1471 1119 1619 1192 (Luc.
1671 1118 1757 1174 ‘16.
1788 1119 1904 1189 24).
1956 1116 2117 1172 Vides

535 1221 734 1281 quanta
776 1227 863 1267 res
892 1212 961 1266 sit
1011 1211 1269 1267 afﬂictio?
1297 1211 1428 1266 Cum
1460 1211 1736 1279 proximus
1779 1219 1924 1265 esset
1953 1210 2119 1263 Laza-

538 1318 627 1356 rus
648 1345 662 1370 ,
698 1303 1002 1373 praeteribat
1035 1321 1047 1357 :
1077 1317 1218 1357 nunc
1246 1317 1367 1357 cum
1417 1302 1598 1371 procul
1641 1302 1810 1366 absit,
1861 1302 2070 1356 invocat
2101 1319 2113 1354 :

537 1409 696 1462 quem
749 1393 1054 1463 frequenter
1080 1392 1381 1463 ingrediens
1423 1401 1477 1447 et
1512 1391 1791 1462 egrediens
1839 1406 1945 1446 non
1971 1391 2120 1446 vide-

541 1485 663 1551 bat,
696 1484 837 1538 hunc
887 1484 1068 1553 procul
1119 1491 1381 1538 semotum
1428 1482 1710 1553 diligenter
1751 1483 1957 1552 aspicit.
2011 1482 2120 1539 Sed

541 1589 698 1641 quam
747 1573 816 1628 ob
859 1589 1074 1628 causam
1121 1574 1270 1627 illum
1318 1572 1597 1628 intuetur?
1642 1573 1969 1643 Frequenter
2008 1571 2119 1627 for-

543 1677 682 1719 tasse
710 1665 916 1720 dixerat
943 1666 1091 1720 dives
1131 1665 1230 1719 iste
1251 1707 1266 1732 ,
1299 1680 1551 1735 quorsum
1593 1665 1722 1720 mihi
1759 1679 1892 1736 opus
1924 1665 2122 1736 pietate

501 1821 505 1828 η
539 1771 602 1808 ac
630 1755 867 1810 virtute?
893 1755 1088 1810 Cuncta
1120 1754 1250 1809 mihi
1275 1755 1417 1809 velut
1452 1770 1483 1810 e
1510 1755 1655 1810 fonte
1683 1754 1924 1822 afﬂuunt,
1955 1755 2120 1808 multa

542 1846 688 1899 fruor
732 1846 1117 1916 prosperitate,
1178 1845 1362 1899 multis
1410 1846 1644 1915 opibus,
1699 1845 1835 1900 nihil
1883 1845 2122 1902 sustineo

543 1953 718 1992 rerum
749 1939 1137 2006 inopinatarum
1174 1955 1185 1990 :
1228 1952 1386 2006 quam
1417 1938 1488 1992 ob
1513 1951 1626 1992 rem
1680 1944 1924 2006 expetam
1953 1937 2121 1991 virtu-

542 2030 694 2083 tem?
721 2029 818 2084 Hic
864 2043 1064 2098 pauper
1088 2029 1175 2099 qui
1203 2028 1344 2097 juste
1391 2029 1582 2099 pieque
1621 2029 1794 2093 vivit,
1845 2029 2122 2083 innumera

542 2122 738 2190 patitur
785 2122 945 2176 mala.
997 2121 1123 2176 Haec
1160 2136 1301 2176 nunc
1353 2135 1564 2191 quoque
1613 2121 1762 2174 multi
1815 2119 2122 2190 frequenter

540 2216 743 2269 dicunt.
773 2213 843 2269 Ut
893 2213 1052 2282 igitur
1075 2212 1331 2267 radicitus
1360 2211 1456 2266 has
1481 2226 1672 2282 pravas
1704 2213 1988 2268 revelleret
2015 2215 2124 2282 opi-

541 2309 726 2361 niones
755 2346 771 2370 ,
803 2305 1132 2359 demonstrat
1183 2305 1296 2370 illi,
1348 2304 1487 2375 quod
1537 2305 1755 2360 malitize
1793 2305 2024 2375 reposita
2055 2307 2124 2360 sit

543 2398 672 2451 ultio
701 2414 716 2452 :
745 2405 929 2451 contra
977 2395 1151 2450 honor
1191 2406 1243 2451 et
1271 2411 1468 2451 corona
1507 2395 1777 2452 laboribus
1804 2412 1900 2466 pro
1928 2400 2122 2468 pietate

539 2490 818 2558 susceptis.
857 2487 972 2543 Non
1000 2497 1219 2557 propter
1244 2488 1346 2542 hoc
1374 2488 1546 2543 solum
1573 2499 1750 2543 autem
1780 2489 1910 2543 vidit
1950 2489 2120 2554 illum,

541 2582 631 2637 sed
677 2591 734 2636 ut
781 2596 900 2650 quae
929 2595 1117 2650 passus
1160 2581 1346 2635 fuisset
1369 2596 1586 2651 pauper,
1622 2581 1735 2636 hinc
1774 2596 1916 2636 nunc
1960 2591 2012 2637 et
2041 2582 2122 2636 di-

541 2689 633 2729 ves
660 2681 934 2742 pateretur
986 2673 1152 2726 multo
1203 2672 1436 2740 gravius.
1467 2672 1924 2738 Quemadmodum
1977 2673 2120 2728 enim

542 2767 614 2819 illi
662 2763 1024 2818 molestiorem
1072 2762 1303 2816 reddidit
1351 2763 1676 2828 cruciatum,
1731 2762 1872 2832 quod
1917 2763 1971 2818 in
2027 2778 2122 2818 ve-

541 2857 736 2911 stibulo
759 2855 936 2910 divitis
955 2855 1180 2925 jaceret,
1201 2855 1341 2925 quod
1373 2856 1577 2910 videret
1603 2856 1772 2910 aliena
1799 2857 2077 2912 commoda
2103 2875 2117 2910 :

547 2949 622 3003 sic
653 2958 705 3002 et
746 2947 870 3002 huic
919 2947 1217 3017 graviorem
1256 2947 1482 3002 reddidit
1532 2948 1820 3003 cruciatum
1847 2990 1862 3014 ,
1898 2949 2037 3019 quod
2069 2950 2118 3003 in

541 3040 782 3107 gehenna
806 3039 1006 3109 jaceret
1031 3082 1044 3106 ,
1075 3038 1214 3109 quod
1246 3038 1431 3093 Lazari
1472 3039 1674 3094 videret
1709 3040 1927 3095 delicias
1950 3082 1965 3108 ,
2015 3056 2120 3110 quo

543 3147 649 3186 non
697 3133 868 3186 solum
902 3140 1087 3184 natura
1123 3130 1502 3201 suppliciorum
1530 3173 1544 3194 ,
1573 3146 1760 3186 verum
1798 3131 1957 3186 etiam
1983 3146 2122 3186 com-

539 3224 811 3292 paratione
839 3222 1058 3276 honoris
1083 3222 1220 3276 illius
1252 3222 1722 3278 intolerabiliorem
1756 3222 1976 3278 haberet
1995 3239 2118 3278 cru-

535 3318 750 3368 ciatum.
781 3315 849 3369 Et
869 3313 1312 3385 quemadmodum
1337 3314 1507 3368 Adam
1535 3328 1565 3368 e
1592 3313 1837 3383 paradiso
1865 3315 2116 3385 ejectum,

537 3426 565 3460 e
597 3407 812 3477 regione
843 3407 1073 3476 paradisi
1120 3405 1360 3461 habitare
1380 3405 1540 3476 jussit
1572 3406 1711 3460 Deus
1735 3448 1749 3472 ,
1779 3415 1836 3460 ut
1875 3407 2120 3462 assiduus

536 3509 852 3570 conspectus
890 3515 1154 3554 renovans
1179 3500 1477 3554 molestiam
1501 3542 1516 3568 ,
1543 3501 1865 3555 exactiorem
1890 3501 1961 3554 illi
1985 3517 2120 3568 prte-

538 3595 684 3648 beret
728 3607 941 3647 sensum
987 3591 1314 3660 expulsionis
1346 3607 1376 3646 e
1402 3592 1558 3646 bonis
1586 3610 1599 3646 :
1624 3592 1696 3645 ita
1740 3606 1868 3646 sane
1897 3602 1950 3647 et
1979 3593 2120 3648 hunc

535 3701 564 3736 e
597 3683 812 3752 regione
863 3683 1048 3736 Lazari
1075 3682 1367 3747 constituit,
1391 3696 1496 3751 quo
1521 3682 1726 3736 videret
1747 3682 1937 3751 quibus
1967 3683 2119 3739 bonis

537 3777 770 3844 seipsum
818 3774 1099 3843 privasset.
1135 3773 1252 3827 Misi
1297 3773 1424 3838 tibi,
1478 3773 1678 3842 inquit,
1758 3774 1809 3826 in
1858 3776 2120 3830 vestibulo

534 3869 791 3922 Lazarum
821 3880 1104 3936 pauperem
1129 3907 1143 3932 ,
1169 3872 1226 3919 ut
1251 3865 1344 3919 tibi
1370 3864 1436 3924 ad
1458 3863 1705 3918 virtutem
1729 3863 1917 3919 doctor
1941 3875 2114 3930 esset,

531 3979 594 4017 ac
622 3961 960 4031 benignitatis
979 3959 1195 4014 materia
1215 3974 1228 4011 :
1246 3957 1610 4027 contempsisti
1639 3959 1843 4013 lucrum
1865 3974 1878 4009 :
1904 3959 2116 4012 noluisti

529 4055 594 4108 ad
620 4054 760 4124 quod
786 4053 1018 4122 oportuit
1053 4051 1128 4104 uti
1156 4050 1338 4104 salutis
1369 4049 1654 4104 occasione
1680 4090 1694 4112 ,
1720 4057 1869 4104 utere
1894 4048 2117 4117 posthac

531 4147 619 4201 illo
662 4145 727 4200 ad
770 4143 986 4214 majoris
1007 4142 1272 4197 cruciatus
1293 4140 1646 4211 suppliciique
1677 4139 1978 4194 materiam.
2022 4139 2105 4192 Ex

530 4240 611 4292 bis
655 4237 938 4301 discimus,
965 4235 1106 4305 quod
1151 4249 1336 4291 omnes
1387 4233 1531 4304 quia
1581 4232 1737 4287 nobis
1778 4242 1902 4288 sunt
1928 4241 2118 4287 contu-

533 4331 704 4385 ntcliis
733 4339 788 4383 et
831 4329 1038 4395 injuriis
1067 4326 1276 4389 affecti,
1325 4335 1450 4380 tunc
1475 4337 1598 4380 ante
1640 4325 1828 4380 faciem
1876 4333 2112 4378 nostram

529 4431 846 4477 statuentur.
876 4420 1207 4490 Quamquam
1255 4417 1342 4472 hic
1370 4416 1499 4472 nihil
1537 4432 1568 4470 a
1611 4416 1774 4488 divite
1796 4416 2000 4485 accepit
2030 4417 2113 4469 in-

533 4515 683 4582 juriae
710 4530 723 4565 :
748 4527 922 4581 neque
947 4511 1088 4566 enim
1116 4510 1259 4565 illius
1275 4509 1528 4579 pecunias
1543 4515 1825 4577 usurparat
1844 4505 2113 4572 dives,sed

530 4619 654 4659 suas
683 4618 786 4658 non
817 4603 1166 4673 impartierat.
1202 4600 1353 4668 Quod
1392 4600 1437 4656 si
1462 4600 1505 4654 is
1535 4599 1624 4669 qui
1668 4613 1762 4654 sua
1793 4614 1897 4652 non
1920 4599 2116 4668 impar-

527 4700 627 4764 tiit,
683 4705 1048 4752 accusatorem
1077 4694 1236 4749 habet
1264 4708 1384 4748 eum
1411 4734 1426 4758 ,
1453 4691 1539 4747 cui
1569 4691 1779 4761 negavit
1807 4690 2112 4744 misericor-

531 4791 714 4844 diam:
749 4787 839 4858 qui
892 4785 1065 4840 aliena
1117 4799 1329 4854 quoque
1385 4782 1654 4852 rapuerit,
1709 4796 1866 4851 quam
1901 4779 2108 4834 veniam

525 4887 914 4950 consequetur,
970 4875 1203 4945 undique
1243 4874 1413 4944 ipsum
1465 4870 1933 4926 circumstantibus
1977 4886 2111 4940 quos

527 4974 708 5028 alTecit
737 4971 929 5040 injuria
951 4971 974 5024 ?
996 4969 1110 5024 Non
1139 4967 1282 5023 enim
1313 4965 1420 5020 illic
1447 4979 1582 5034 opus
1605 4964 1707 5019 erit
1735 4965 1987 5030 testibus,
2017 4979 2111 5019 ne-

523 5083 629 5136 que
665 5063 1100 5129 accusatoribus,
1153 5073 1327 5130 neque
1371 5056 1770 5126 probationibus
1793 5096 1809 5122 ,
1836 5070 2006 5125 neque
2033 5056 2107 5110 si-

519 5162 660 5231 gnis,
690 5172 873 5213 verum
904 5154 1034 5226 ipsa:
1065 5167 1161 5222 per
1190 5167 1248 5204 se
1289 5164 1379 5205 res
1405 5148 1570 5214 tales,
1601 5147 1786 5218 quales
1811 5159 1904 5202 eas
1934 5145 2104 5217 gessi-

526 5267 666 5316 mus,
698 5260 822 5304 ante
851 5249 1038 5304 oculos
1070 5253 1285 5300 nostros
1311 5239 1659 5312 apparebunt.
1916 5241 1966 5270 "'

587 5343 790 5414 Rapina
820 5350 890 5395 est
916 5355 1017 5392 non
1045 5335 1414 5390 communicare
1445 5329 1746 5402 pauperibus
1775 5327 2108 5384 sum—Ecce

523 5437 687 5502 enim,
717 5433 921 5502 inquit,
952 5429 1112 5484 homo
1139 5437 1192 5481 et
1220 5439 1383 5495 opera
1422 5423 1576 5493 ejus:
1608 5418 1870 5490 siquidem
1912 5428 1966 5474 et
2005 5419 2107 5473 hoc

525 5529 709 5594 rapina
736 5532 854 5588 est,
898 5535 1005 5576 non
1056 5517 1314 5588 impartiri
1351 5515 1418 5570 de
1473 5513 1576 5568 tuis
1621 5511 1979 5567 facultatibus.
2031 5512 2107 5564 Ae

513 5619 765 5672 fortassis
793 5616 944 5670 vobis
973 5612 1167 5668 mirum
1195 5609 1406 5665 videtur
1431 5621 1550 5662 esse
1577 5604 1716 5676 quod
1746 5604 1885 5670 dico,
1917 5618 2102 5657 verum

515 5726 583 5769 ne
621 5707 887 5766 miremini
916 5724 926 5760 :
952 5701 1313 5763 testimonium
1340 5700 1483 5759 enim
1514 5698 1665 5757 vobis
1691 5714 1721 5756 c
1746 5697 1938 5754 divinis
1965 5695 2103 5752 Scri-

1205 264 1259 319 S.
1301 259 1575 317 JOAN'NIS
1609 257 2073 314 CIIRYSOSTOMI
2117 254 2425 313 ARCIIIEP.
2467 256 2995 313 CONSTANTINOP.

3669 265 3754 320 988

2217 377 2385 446 pturis
2438 377 2739 448 proferam,
2785 380 3001 446 dicens,
3039 379 3180 451 quod
3225 395 3341 437 non
3392 382 3554 438 solum
3601 399 3751 456 rapere

2218 467 2387 522 aliena
2415 510 2430 534 ,
2459 484 2642 525 verum
2669 470 2828 525 etiam
2873 481 2959 525 tua
3002 486 3108 525 non
3159 471 3434 542 impertire
3460 477 3678 540 caneris,
3701 487 3744 532 et

2218 558 2401 628 rapina
2430 559 2530 626 sit,
2563 571 2615 616 et
2640 559 2898 616 fraudatio
2923 603 2937 627 ,
2968 571 3024 616 et
3057 562 3320 632 spoliatio.
3365 564 3624 630 Quodnam
3643 567 3743 623 illud

2217 660 2299 705 est
2323 650 2347 704 ἲ
2377 650 2634 706 Dominus
2657 652 2868 710 Judazos
2894 670 3148 710 accusans
3177 671 3270 724 per
3297 657 3591 728 praphetam
3613 661 3744 718 dixit:

2218 738 2471 795 Produin
2500 753 2632 797 terra
2652 757 2940 814 prouentum
2962 763 3130 813 suum,
3146 758 3305 802 etnon
3322 750 3528 804 intulisti
3547 753 3745 820 decimas,

2217 833 2308 886 sed
2333 833 2516 904 rapina
2542 837 2777 906 pauperis
2796 845 2867 891 est
2895 839 2946 891 in
2967 839 3196 892 domibus
3223 841 3398 895 vestris
3425 841 3570 909 (Mal.
3594 845 3748 918 3.10).

2219 924 2501 994 Quoniam,
2543 927 2729 998 inquit,
2761 929 3054 986 oblationes
3084 932 3263 986 solitas
3297 949 3402 987 non
3431 934 3630 991 dedistis
3650 978 3663 1002 ,
3686 954 3751 993 ra-

2221 1018 2409 1087 puistis
2447 1034 2507 1074 ea
2542 1036 2660 1090 quae
2706 1029 2831 1076 sunt
2872 1023 3132 1092 pauperis.
3159 1023 3271 1079 Hoc
3309 1034 3482 1080 autem
3519 1026 3650 1092 dicit,
3675 1029 3751 1085 de-

2222 1109 2432 1164 clarans
2474 1109 2766 1178 divitibus,
2816 1113 2956 1183 quod
3002 1127 3088 1168 res
3125 1129 3410 1184 pauperum
3458 1117 3750 1188 possideant,

2223 1203 2430 1257 etiamsi
2469 1213 2684 1273 paterna
2715 1205 3010 1263 hereditate
3038 1207 3370 1276 obvenerint,
3399 1211 3591 1266 etiamsi
3619 1213 3752 1268 unde-

2223 1306 2450 1363 cumque
2501 1295 2714 1351 aliunde
2778 1298 3089 1370 collegerint
3137 1301 3408 1369 pecunias.
3460 1302 3532 1356 Ae
3583 1319 3751 1359 rursum

2225 1383 2350 1437 alibi
2381 1384 2509 1439 dicit
2542 1405 2557 1439 :
2586 1385 2670 1441 Ne
2707 1387 2897 1457 spolies
2938 1390 3089 1443 vitam
3120 1392 3356 1460 pauperis
3407 1391 3578 1462 (Eccli.
3604 1394 3646 1448 4.
3677 1395 3751 1465 l):

2225 1477 2313 1544 qui
2345 1491 2474 1532 vero
2514 1479 2750 1548 spoliat,
2791 1481 2963 1536 aliena
3017 1483 3172 1537 tollit.
3209 1483 3344 1537 Nam
3387 1485 3614 1555 spoliatio
3637 1502 3754 1557 qum-

2226 1567 2346 1621 dam
2378 1568 2603 1637 dicitur,
2645 1586 2766 1625 cum
2795 1573 2964 1628 aliena
2992 1584 3206 1644 accepta
3233 1576 3545 1632 detinemus.
3575 1579 3756 1648 Propter

2228 1661 2330 1715 hoc
2378 1661 2537 1731 igitur
2594 1663 2898 1733 discamus,
2967 1667 3108 1737 quod
3160 1669 3370 1735 quoties
3419 1669 3755 1741 eleemosynam

2228 1766 2332 1805 non
2383 1754 2808 1824 przestiterimus,
2834 1759 2946 1825 pari
2977 1799 2992 1824 ,
3042 1774 3163 1813 cum
3195 1760 3264 1814 iis
3290 1761 3379 1830 qui
3405 1761 3633 1831 spoliant,
3658 1778 3756 1832 sup-

2227 1843 2387 1912 plicio
2433 1845 2745 1902 afficiemur.
2776 1848 2982 1905 lleriles
3021 1850 3162 1905 enim
3213 1852 3453 1922 pecunia:
3495 1862 3608 1906 sunt
3631 1853 3758 1908 unde-

2229 1952 2456 2008 cumque
2482 1954 2576 1995 eas
2603 1941 2964 2011 colligerimus
2994 1960 3006 1995 :
3038 1959 3174 2013 quos
3201 1943 3246 1997 si
3277 1944 3328 1998 in
3356 1959 3543 2014 egenos
3559 1959 3639 2000 eas
3662 1961 3757 2000 ero-

2225 2030 2567 2096 gaverimus,
2623 2031 2808 2086 multa:
2854 2033 3008 2088 nobis
3046 2047 3178 2103 Opes
3229 2049 3298 2089 ac
3327 2034 3586 2091 facultates
3631 2036 3758 2090 obve-

2230 2119 2397 2173 nient.
2429 2119 2657 2190 Ideoque
2701 2122 2793 2177 tibi
2825 2123 2974 2193 plura
3024 2125 3307 2194 possidere
3349 2128 3595 2182 concessit
3633 2129 3759 2190 Deus,

2230 2225 2335 2265 non
2383 2220 2440 2265 ut
2474 2213 2527 2266 in
2571 2215 2950 2280 scortationes,
2981 2218 3347 2272 temulentiam
3373 2261 3385 2283 ,
3410 2219 3662 2289 ingluviem
3685 2261 3697 2284 ,
3722 2221 3760 2274 in

2227 2313 2404 2358 vestes
2440 2314 2810 2375 sumptuosas,
2840 2307 3105 2379 aliamque
3134 2309 3412 2365 mollitiem
3450 2327 3758 2375 eousumeres,

2231 2394 2326 2449 sed
2375 2404 2431 2449 ut
2499 2411 2561 2451 ea
2606 2396 2951 2454 distribueres
3006 2400 3311 2470 egentibus.
3365 2402 3760 2470 Quemadmodum

2227 2487 2368 2541 enim
2420 2496 2637 2543 exactor
2663 2489 2924 2558 quiSpiam
2968 2491 3057 2560 qui
3086 2491 3266 2561 regias
3303 2483 3541 2560 pecunias
3577 2494 3758 2562 accepit.

2227 2579 2270 2632 si
2302 2579 2601 2648 neglexerit
2627 2581 2712 2646 iis,
2759 2581 2953 2650 quibus
2977 2581 3160 2651 jussus
3187 2593 3314 2652 est,
3343 2584 3670 2649 distribuere,
3697 2586 3760 2639 iu-

2227 2685 2330 2740 que
2387 2671 2632 2740 proprias
2683 2673 3076 2742 consumpserit
3124 2673 3386 2742 delicias,
3431 2677 3588 2746 poenis
3637 2685 3759 2746 atquo

2227 2761 2391 2814 exitio
2442 2761 2667 2815 traditur
2697 2779 2711 2816 :
2744 2763 2816 2816 ita
2856 2779 2985 2818 sane
3008 2772 3063 2818 et
3100 2764 3254 2821 dives
3284 2776 3515 2836 receptor
3546 2766 3759 2837 qui5piam

2227 2861 2308 2906 est
2338 2852 2683 2920 pecuniarum
2710 2895 2726 2919 ,
2753 2869 2870 2922 quae
2897 2856 3216 2924 pauperibus
3249 2857 3482 2913 distribui
3523 2858 3758 2913 debebant.

2229 2941 2409 3012 itaque
2455 2957 2574 2997 cum
2604 2944 2655 2996 in
2690 2945 2950 3000 mandatis
2975 2945 3201 3013 habeat,
3251 2964 3342 3004 eas
3369 2948 3654 3004 distribuere
3676 2950 3760 3002 suis

2225 3034 2497 3090 conservis
2521 3036 2796 3103 egentibus
2815 3077 2829 3100 ,
2887 3038 2930 3090 si
2957 3037 3084 3108 quid
3109 3041 3344 3108 amplius
3363 3082 3377 3106 ,
3408 3056 3552 3112 quam
3576 3040 3760 3110 postulet

2226 3127 2517 3182 necessitas
2537 3168 2552 3193 ,
2588 3127 2640 3182 in
2671 3129 2906 3198 seipsum
2935 3130 3285 3202 insumpserit
3308 3175 3322 3198 ,
3349 3135 3655 3204 gravissimas
3677 3133 3760 3186 illic

2223 3215 2444 3270 daturus
2472 3225 2554 3271 est
2580 3232 2785 3287 poenas.
2810 3219 2922 3273 Non
2950 3221 3092 3276 enim
3120 3232 3249 3278 sunt
3301 3224 3460 3294 ipsius
3484 3240 3591 3296 qua:
3624 3223 3758 3294 possi-

2224 3304 2356 3372 det,
2407 3307 2501 3362 sed
2529 3323 2908 3365 conservorum
2935 3312 3095 3368 illius.

2297 3399 2352 3454 5.
2374 3397 2576 3454 Divitiae
2605 3411 2711 3454 tum
2736 3402 2936 3457 demum
2961 3414 3149 3460 nostra:
3171 3407 3305 3472 ﬁunt
3330 3423 3440 3460 cum
3464 3408 3631 3461 dantur
3653 3422 3755 3476 pau-

2227 3490 2524 3560 peribus.-—
2543 3492 2832 3548 Parcamus
2882 3495 3040 3565 igitur
3079 3497 3142 3550 iis
3175 3506 3443 3569 tamquam
3471 3500 3634 3555 alienis
3656 3539 3669 3562 ,
3713 3507 3756 3550 ut

2227 3581 2356 3637 flant
2386 3593 2589 3638 nostra.
2632 3585 2910 3651 Quomodo
2957 3597 3132 3643 autem
3184 3591 3296 3648 illis
3337 3607 3596 3662 parcemus
3641 3602 3749 3645 tam-

2225 3687 2385 3742 quam
2423 3675 2646 3729 alienis?
2676 3675 2732 3730 Si
2765 3677 2880 3732 illas
2932 3693 3039 3733 non
3085 3681 3135 3734 in
3177 3697 3309 3738 usus
3346 3696 3667 3753 supervacuos
3691 3682 3755 3734 in-

2225 3767 2611 3837 sumpserimus
2631 3812 2645 3836 ,
2684 3785 2855 3839 neque
2893 3770 3030 3826 adeo
3060 3772 3111 3827 in
3143 3785 3362 3830 nostros
3395 3785 3578 3830 tantum
3612 3789 3714 3829 usus
3737 3813 3751 3837 ,

2223 3860 2318 3914 sed
2359 3875 2649 3930 pauperum
2678 3862 2921 3918 manibus
2952 3863 3420 3934 impartiverimus.
3450 3866 3643 3922 Etiamsi
3665 3865 3752 3918 fue-

2223 3952 2298 4006 ris
2327 3951 2639 4021 opulentus,
2675 3952 2768 4008 sed
2795 3953 2913 4023 plus
2953 3969 3112 4024 quam
3141 3971 3279 4026 opus
3325 3967 3406 4013 est
3436 3955 3748 4026 insumpseris,

2222 4043 2482 4098 rationem
2542 4043 2733 4100 reddes
2783 4046 3126 4115 pecuniarum
3177 4049 3273 4104 tibi
3310 4049 3626 4106 creditarum.
3665 4046 3750 4101 Hoc

2223 4134 2365 4190 idem
2424 4134 2481 4188 fit
2529 4134 2581 4188 in
2610 4136 2925 4205 optimatum
2954 4137 3176 4193 adibus.
3220 4140 3367 4195 Multi
3394 4156 3512 4196 suas
3559 4140 3746 4208 ipsorum

2221 4225 2511 4296 apothecas
2527 4225 2738 4282 famulis
2759 4229 2869 4283 suis
2885 4229 3288 4299 commiserunt,
3311 4248 3485 4288 verum
3511 4232 3575 4285 illi
3598 4229 3748 4300 quibus

2221 4318 2523 4374 commissae
2580 4329 2737 4387 sunt,
2787 4331 3002 4376 servant
3069 4339 3188 4393 qua:
3238 4326 3425 4381 tradita
3467 4335 3609 4389 sunt,
3671 4336 3746 4376 nec

2220 4411 2510 4465 abutuntur
2553 4412 2854 4468 commissis
2882 4432 2896 4466 :
2920 4429 3106 4470 verum
3149 4419 3343 4487 quibus
3375 4428 3428 4473 et
3456 4418 3537 4473 ubi
3568 4415 3746 4486 jusserit

2220 4501 2498 4567 dominus,
2545 4501 2893 4559 distribuunt.
2919 4504 3035 4562 Hoc
3060 4517 3114 4562 tu
3143 4523 3354 4579 quoque
3381 4510 3549 4564 facito.
3577 4506 3741 4562 Etenim

2219 4593 2469 4662 accepisti
2515 4593 2670 4664 plura
2697 4595 2908 4652 cmteris
2929 4638 2944 4661 ,
2991 4611 3099 4652 non
3133 4607 3192 4652 ut
3230 4614 3295 4654 ea
3324 4600 3464 4656 solus
3487 4609 3741 4659 consumas,

2167 4726 2173 4735 .
2218 4687 2311 4741 sed
2343 4698 2400 4740 ut
2446 4702 2632 4747 eorum
2675 4688 2884 4744 caeteris
2923 4689 3094 4744 bonus
3141 4691 3236 4746 fias
3263 4691 3598 4761 dispensator.

2286 4779 2514 4835 Lazarus
2541 4797 2696 4850 quare
2738 4782 2789 4836 in
2825 4784 2940 4836 sinu
2981 4783 3216 4839 Abrahaz.
3246 4814 3318 4825 ——-
3341 4785 3519 4854 Opera:
3557 4779 3739 4853 pretium

2215 4884 2392 4929 autem
2424 4874 2579 4929 fuerit
2613 4883 2668 4929 et
2704 4873 2835 4929 illud
2863 4858 3230 4941 considerare,
3261 4892 3414 4948 quam
3458 4875 3660 4930 tamdem
3690 4870 3741 4923 ob

2215 4981 2428 5021 causam
2455 4981 2558 5019 non
2589 4965 2728 5036 apud
2752 4965 2912 5021 alium
2938 4966 3138 5037 justum
3168 4967 3441 5032 Lazarum,
3471 4965 3555 5022 sed
3581 4964 3624 5017 in
3649 4961 3738 5016 sinu

2215 5058 2406 5114 viderit
2448 5056 2693 5112 Abrahae.
2728 5057 3015 5126 Hospitalis
3043 5069 3156 5113 erat
3191 5058 3489 5118 Abraham;
3527 5065 3578 5110 ut
3618 5051 3742 5118 igitur

2215 5150 2560 5219 rcdarguatur
2583 5148 2760 5202 divitis
2785 5148 3204 5218 inhospitalitas,
3234 5159 3502 5219 propterea
3527 5146 3736 5200 Lazarum

2213 5256 2334 5296 cum
2363 5240 2452 5294 illo
2478 5239 2640 5295 videt.
2678 5238 2771 5293 lllc
2808 5239 2966 5293 etiam
2998 5248 3376 5308 praetereuntes
3404 5236 3674 5294 venabatur,
3695 5236 3740 5279 et

2214 5331 2267 5385 in
2305 5330 2518 5386 domum
2569 5328 2908 5399 pertrahebat
2949 5345 3100 5385 suam
3133 5349 3145 5384 :
3181 5332 3263 5385 hic
3304 5346 3426 5385 vero
3453 5328 3594 5383 etiam
3629 5323 3734 5374 intra

2211 5421 2426 5474 domum
2453 5419 2719 5489 jacentem
2746 5419 3018 5488 despexit,
3047 5435 3272 5491 eumque
3301 5420 3452 5476 talem
3479 5417 3732 5471 thesaurum

2214 5510 2450 5575 haberet,
2474 5519 2526 5564 ct
2549 5511 2730 5565 salutis
2753 5511 2999 5580 paranda:
3027 5513 3318 5576 materiam,
3346 5507 3620 5580 prrcteribal
3639 5513 3733 5569 (1υ⁰’

2215 5603 2339 5656 tidie
2359 5645 2372 5667 ,
2407 5617 2502 5655 nec
2531 5602 2581 5654 in
2613 5601 2753 5671 quod
2781 5603 3058 5670 oportebat
3084 5618 3209 5658 usus
3234 5613 3314 5657 est
3341 5599 3567 5672 pauperis
3590 5603 3730 5664 patro-

2215 5693 2372 5749 cinio.
2418 5694 2484 5747 At
2526 5707 2630 5748 non
2665 5693 2732 5747 ita
2774 5691 3069 5763 patriarcha
3090 5735 3106 5764 ,
3135 5695 3224 5752 sed
3252 5692 3422 5749 omnia
3445 5697 3622 5746 contra.
3652 5673 3731 5728 Ρῖο
