4046 6146
323 292 423 350 987

324 406 467 476 ζωῆς
492 401 701 472 ἐξῆλθε,
732 400 823 454 xal
843 399 903 452 τὸ
927 399 1266 470 προσωπεῖον
1299 393 1549 451 ἀπέθετο,
1579 391 1733 476 nigrm
1763 389 1892 476 7:59:-

322 470 437 543 των*
465 470 582 539 ἐκεί
607 484 924 554 πενέστερος
956 481 1052 547 ῶν,
1096 481 1190 534 καὶ
1241 477 1384 531 οὕτω
1428 475 1615 545 πένης,
1654 472 1730 535 ὡς
1761 470 1893 541 μηδὲ

326 569 580 638 σταγόνος
606 567 796 629 ὕδατος
820 563 955 619 εἶναι
977 563 1184 634 κύριος,
1208 561 1322 616 ἀλλ’
1347 561 1485 629 ὑπὲρ
1506 555 1708 624 ταύτης
1726 569 1896 638 προσῖ

325 633 514 711 αιτεῗν,
546 651 642 703 καὶ
691 649 812 719 μηδ’
837 647 1006 716 αὐτῆς
1052 633 1331 714 ἐπιτυχεῖν
1377 642 1475 710 τῆς
1518 640 1803 719 αἰτήσεως.
1830 633 1895 686 Τί

325 734 526 802 ταύτης
552 733 653 800 τῆς
683 718 871 793 πενίας
902 730 1223 800 πενέστερον
1251 726 1445 794 γένοιτ’
1472 722 1569 787 av;
1597 720 1708 773 Kal
1732 718 1895 802 ἄκουε

329 800 490 882 πῶς(
509 816 717 885 ἐπάρας
751 813 858 884 γάρ
892 814 1015 875 τοὺς
1042 811 1353 881 ὀφθαλμοὺς
1385 805 1570 870 αὐτοῦ,
1597 802 1730 875 φησὶ
1761 800 1896 885 πρὸς

325 903 416 953 τὸν
439 883 687 970 Ἀϐραάμ
704 916 716 928 ·
737 883 946 965 Πάτερ,
962 895 1226 962 ἐλεήσόν
1239 910 1335 964 με,
1361 893 1458 945 καὶ
1487 889 1729 958 πέμψον
1745 883 1895 956 [752]

328 983 610 1050 Λάζαρον,
650 983 750 1035 ἵνα
787 979 964 1048 βάψῃ
1006 979 1072 1032 τὸ
1111 978 1298 1046 ἄκρον·
1324 976 1428 1030 τοῦ
1463 974 1764 1028 δακτύλου
1794 971 1899 1026 αὐ-

328 1067 435 1120 τοῦ
467 1065 704 1130 ὕδατος,
739 1065 838 1117 καὶ
877 1061 1174 1130 ἐπιστάξῃ
1202 1059 1280 1124 τῷ
1310 1057 1562 1126 στόματί
1580 1052 1899 1124 μου.Ὀρᾷς

330 1151 494 1202 πόσον
519 1149 664 1201 ἐστὶν
715 1147 748 1215 ἡ
792 1143 1001 1213 θλῖψις;
1031 1143 1267 1214 Πλησίον
1290 1143 1420 1194 ὄντα
1449 1139 1778 1209 παρέτρεχε,
1805 1135 1900 1187 καὶ

329 1234 520 1303 πὸρρω
548 1247 611 1298 γε
641 1230 766 1283 ὄντα
787 1227 940 1281 καλεί
958 1227 1052 1280 νῦν
1071 1243 1087 1258 ·
1127 1226 1186 1278 ὃν
1227 1224 1484 1286 πολλάκις
1505 1220 1687 1274 εἰσιών
1707 1235 1781 1303 τε-
1805 1217 1900 1303 καὶ

331 1300 487 1380 ἐξιών
507 1315 602 1383 οὐχ
629 1312 794 1382 ἑώρα,
817 1310 1003 1363 τοῦτον
1035 1308 1306 1379 μακρόθεν
1332 1306 1462 1360 ὅντα
1486 1305 1602 1374 μετ’
1621 1300 1901 1374 ἀκριϐείας

335 1397 536 1466 βλέπει.
567 1396 720 1457 Τίνος
758 1395 815 1446 δὲ
852 1393 1036 1444 ’ένεκεν
1071 1391 1234 1443 αὐτὸν
1277 1389 1413 1459 όρᾷ;
1461 1385 1725 1447 Πολλάκις
1772 1384 1900 1444 ἴσως

332 1465 484 1534 εἶπεν
513 1483 541 1532 6
572 1478 824 1540 πλούσιος
855 1469 1040 1538 οὗτος·
1062 1473 1116 1526 τί
1148 1490 1236 1544 μοι
1262 1469 1543 1532 εὐλαϐείας
1577 1468 1670 1522 καὶ
1699 1465 1902 1538 ἀρετῆς

332 1563 520 1631 χρείας
546 1561 723 1613 πάντα
753 1575 841 1628 μοι
868 1555 1119 1626 καθάπερ
1143 1557 1206 1607 ἐκ
1231 1554 1420 1625 πηγῶν
1442 1553 1676 1622 ἐπιρρεῖ,
1701 1547 1900 1631 πολλῆς

333 1630 588 1697 ἀπολαύω
616 1643 716 1712 τῆς
745 1639 1026 1710 ἀφθονίας,
1055 1637 1254 1708 πολλῆς
1283 1637 1382 1705 τῆς
1401 1633 1718 1705 εὐημερίας,
1749 1630 1901 1682 οὐδὲν

334 1726 587 1793 ὑπομένω
606 1724 714 1778 τῶν
741 1723 1017 1792 ἀδοκήτων
1037 1737 1051 1750 ·
1079 1720 1222 1782 τίνος
1235 1720 1397 1772 ’ἑνεκα
1420 1716 1752 1787 μετέρχομαι
1773 1713 1901 1780 ἀρε-

334 1811 468 1880 τήν;
499 1802 663 1869 Οὗτος
693 1809 720 1858 6
750 1805 916 1875 πένης
949 1805 1005 1856 ἐν
1033 1801 1345 1871 δικαιοσύνῃ
1375 1799 1467 1852 καὶ
1499 1795 1750 1880 εὐσεϐείᾳ
1771 1793 1899 1880 ζῶν,

340 1877 510 1962 μυρία
535 1890 731 1958 πάσχει
751 1888 917 1942 δεινά.
949 1884 1135 1940 Ταῦτα
1157 1884 1220 1954 δὴ
1250 1882 1436 1936 πολλοὶ
1455 1881 1550 1934 καὶ
1578 1879 1674 1932 νῦν
1707 1877 1919 1962 πολλάξη

335 1958 430 2036 κις
447 1973 708 2040 λέγουσιν.
733 1970 829 2023 ”Ιν’
864 1964 958 2022 οὖν
984 1967 1255 2041 πρόρριζα
1287 1963 1456 2018 ταῦτα
1485 1958 1804 2030 ἀνασπασθῇ
1835 1958 1906 2041 τά

337 2056 483 2107 κακὰ
503 2055 766 2123 δόγματα,
788 2040 1060 2105 δείκνυσιν
1089 2048 1256 2120 αὐτῷ,
1291 2049 1371 2101 ὅτι
1400 2047 1494 2100 καὶ
1513 2048 1582 2116 τῇ
1612 2043 1778 2112 κακίᾳ
1816 2040 1907 2094 κό-

337 2139 490 2200 λασις
517 2139 712 2199 κεῖται,
745 2135 838 2188 καὶ
873 2133 1005 2204 τιμὴ
1034 2134 1126 2186 καὶ
1177 2131 1436 2198 στέφανος
1465 2129 1576 2189 τοῖς
1615 2124 1752 2194 ὑπὲρ
1771 2123 1905 2204 ῌτῆς

338 2219 618 2282 εὐσεϐείας
644 2218 845 2281 πόνοις.
881 2201 954 2271 Οὐ
983 2201 1072 2269 διὰ
1099 2214 1328 2270 τοῦτοδὲ
1369 2211 1528 2282 μόνον
1551 2208 1710 2261 αὑτὸν
1743 2201 1904 2270 εἶδεν,

339 2303 450 2355 ἀλλ’
483 2303 588 2363 ἵνα,
621 2302 760 2371 ὅπερ
783 2299 978 2353 ἔπαθεν
1010 2301 1039 2351 6
1066 2297 1254 2368 πένης,
1275 2293 1434 2347 τοῦτο
1462 2293 1555 2345 καὶ
1590 2293 1618 2344 6
1655 2287 1908 2350 πλούσιος

339 2385 486 2456 πάθῃ
515 2383 609 2437 νῦν
643 2382 779 2454 μετά
832 2381 1076 2452 μείζονος
1121 2380 1220 2450 τῆς
1265 2375 1591 2447 ὑπερϐολῆς.
1645 2371 1906 2456 Καθάπερ

337 2453 660 2537 γὰρ-ἐκείνῳ
688 2464 1072 2535 χαλεπωτέραν
1104 2463 1335 2516 ἐποιεῖτο
1360 2459 1460 2530 τὴν
1497 2457 1726 2527 βάσανον
1763 2453 1832 2537 τὸ
1852 2455 1908 2537 ἐν

338 2535 425 2620 τῷ-
448 2548 650 2602 πυλῶνι
680 2545 771 2600 τοῦ
799 2547 1052 2598 πλουσίου
1085 2543 1320 2607 κεῖσθαι,
1372 2541 1465 2595 καὶ
1493 2541 1624 2611 όρᾷν
1661 2537 1729 2591 τά
1756 2535 1908 2620 ἀλλό-

340 2618 468 2701 τρια
501 2629 698 2699 ἀγαθά,
721 2627 863 2682 οὕτω
889 2628 952 2698 δὴ
981 2628 1074 2681 καὶ
1106 2626 1276 2695 τούτῳ
1313 2621 1700 2696 χαλεπωτέραν
1737 2618 1910 2670 ἐποίει

337 2714 436 2784 τὴν
459 2712 726 2783 τιμωρίαν
759 2712 854 2764 νῦν
879 2710 938 2763 τὸ
967 2712 1024 2764 ἐν
1060 2713 1124 2780 τῇ
1154 2710 1346 2780 γεέννῃ
1387 2706 1622 2769 κεῖσθαι,
1652 2705 1746 2757 καὶ
1779 2701 1910 2774 όρᾷν

339 2797 440 2865 τὴν
469 2793 562 2848 τοῦ
597 2793 850 2865 Λαζάρου
878 2793 1110 2863 τρυφὴν,
1154 2793 1242 2846 ἵνα
1283 2794 1358 2862 μὴ
1387 2792 1452 2862 τῇ
1489 2791 1648 2859 φύσει
1668 2787 1778 2841 τῶν
1819 2787 1912 2858 βα-

343 2880 518 2931 σάνων
546 2878 722 2947 μόνον,
751 2877 888 2930 ἀλλά
927 2877 1021 2928 καὶ
1046 2879 1114 2947 τῇ
1139 2874 1435 2945 παραθέσει
1461 2875 1558 2944 τῆς
1596 2871 1913 2925 ἐκείνουτι-

344 2960 452 3029 μῆς
478 2959 882 3030 ἀφορητοτέραν
907 2958 1003 3028 έχῃ
1025 2959 1124 3028 τὴν
1148 2957 1388 3010 κόλασιν.
1419 2956 1529 3010 Kal
1551 2954 1802 3024 καθάπερ
1823 2953 1912 3005 τὸν

358 3043 527 3112 Ἀδὰμ
562 3041 837 3096 ἐκϐάλλων
872 3053 899 3081 α
929 3041 1021 3094 τοῦ
1055 3041 1405 3111 παραδείσου,
1450 3037 1781 3106 καταντικρὺ
1820 3035 1912 3087 τοῦ

342 3125 674 3195 παραδείσου
701 3122 1004 3193 κατῴκισεν
1051 3125 1080 3175 ό
1108 3122 1261 3184 Θεὸς,
1296 3122 1384 3174 ἵνα
1428 3123 1461 3191 ή
1520 3117 1745 3188 συνεχὴς
1793 3117 1911 3185 ὄψις

343 3208 639 3261 ἀνανεοῦσα
689 3208 750 3260 τὸ
784 3205 979 3269 πάθος,
1024 3204 1418 3276 ἀκριϐεστέραν
1469 3203 1618 3271 αὐτῷ
1655 3203 1916 3273 παράσχῃ

343 3295 444 3361 τῆς
473 3291 798 3354 ἐκπτώσεως
828 3289 937 3342 τῶν
974 3287 1192 3357 ἀγαθῶν
1222 3287 1320 3357 τὴν
1354 3285 1634 3356 αἴσθησιν·
1678 3285 1822 3338 οὕτω
1851 3284 1916 3354 δὴ

347 3376 441 3426 καὶ
488 3374 674 3426 τοῦτον
717 3371 1006 3425 κατέναντι
1051 3371 1147 3422 τοῦ
1179 3369 1428 3439 Λαζάρου
1470 3366 1795 3436 κατῴκισεν,
1829 3367 1916 3419 ἵνα

347 3457 432 3525 ἴδῃ
463 3455 622 3508 τίνων
652 3453 841 3507 ἑαυτὸν
861 3451 1254 3524 ἀπεστέρησεν.
1291 3450 1556 3521 Ἐπεμψά
1586 3468 1688 3517 σοι,
1729 3450 1914 3520 φησὶν,

344 3542 425 3600 εἰς
447 3537 536 3590 τὸν
572 3537 792 3588 πυλῶνα
813 3536 902 3589 τὸν
929 3535 1134 3604 πένητα
1157 3534 1426 3604 Λάζαρον,
1461 3533 1550 3585 ἵνα
1585 3549 1668 3584 σοι
1697 3531 1916 3601 γένηται

345 3620 665 3682 διδάσκαλος
695 3619 919 3690 ἀρετῆς,
943 3618 1035 3671 καὶ
1057 3616 1463 3687 φιλανθρωπίας
1479 3615 1754 3679 ὑπόθεσις·
1775 3634 1917 3688 παρ-

348 3704 488 3765 εῖδες
533 3705 593 3754 τὸ
644 3701 835 3773 κέρδος
857 3742 873 3766 ,
919 3702 1020 3753 οὐκ
1044 3699 1318 3770 ἠθέλησας
1356 3701 1435 3761 είς
1463 3699 1579 3751 δέον
1612 3698 1916 3770 χρήσασθαι

262 3800 266 3806 '
348 3789 414 3857 τῇ
461 3786 560 3856 τῆς
609 3787 882 3858 σωτηρίας
932 3786 1192 3856 ἀφορμῇ·
1229 3785 1409 3856 χρήσῃ
1436 3783 1622 3837 λοιπὸν
1659 3781 1807 3852 αὐτῷ
1839 3785 1918 3846 εἰς

354 3868 573 3935 μείζονα
599 3867 870 3931 κολάσεως
896 3869 990 3921 καὶ
1017 3868 1288 3938 τιμωρίας
1319 3867 1593 3928 ὑπόθεσιν.
1639 3866 1770 3918 Ἀπὸ
1796 3864 1918 3918 τού-

351 3969 456 4004 των
489 3952 847 4022 μανθάνομεν,
875 3952 956 4004 ὄτι
980 3951 1177 4013 πάντες
1202 3952 1250 4004 οί
1278 3951 1406 4021 παρ’
1434 3949 1588 4020 ήμῶν
1617 3947 1918 4019 ἐπηρεαζό-

355 4051 504 4104 μενοι
541 4035 632 4088 καὶ
680 4033 1023 4104 ἀδικούμενοι
1045 4075 1060 4098 ,
1104 4033 1243 4088 κατά
1277 4033 1566 4106 πρόσωπον
1603 4033 1919 4105 ἡμῶνὶστή-

354 4133 536 4169 σονται
585 4116 725 4179 τότε.
767 4115 960 4169 Καίτοι
995 4109 1150 4180 οὗτος
1193 4116 1344 4169 οὐδὲν
1375 4116 1597 4186 ἠδίκητο
1626 4115 1779 4186 παρά
1823 4115 1917 4168 τοῦ

353 4198 606 4250 πλουσίου
623 4213 637 4226 ·
661 4199 720 4249 οὐ
745 4197 852 4268 γάρ
879 4200 948 4252 τά
974 4198 1181 4251 ἐκείνου
1210 4197 1366 4252 ἔλαϐε
1401 4201 1656 4269 χρήματα
1687 4201 1716 4251 6
1755 4196 1920 4250 πλού-

355 4297 492 4345 σιος,
513 4279 646 4332 ἀλλά
663 4281 770 4333 τῶν
786 4277 980 4334 ἑαυτοῦ
1007 4281 1066 4333 οὐ
1094 4281 1414 4350 μετέδωκεν.
1430 4281 1494 4333 Εἰ
1521 4281 1577 4334 δὲ
1597 4281 1704 4334 τῶν
1724 4279 1917 4333 ἑαυτοῦ

358 4364 434 4434 μὴ
465 4361 796 4432 μεταδιδοὺς,
830 4362 1127 4432 κατήγορον
1151 4362 1263 4430 έχει
1304 4363 1394 4415 τὸν
1423 4364 1522 4416 οὐκ
1554 4363 1861 4435 ἐλεηθέντα,
1889 4364 1919 4417 ὁ

355 4446 450 4500 καὶ
474 4444 542 4498 τά
558 4442 809 4514 ἀλλότρια
837 4443 1110 4514 ἀρπάσας,
1133 4444 1288 4507 ποίας
1303 4443 1546 4509 τεύξεται
1567 4445 1916 4516 συγγνώμης,

355 4526 688 4596 πανταχόθεν
722 4526 883 4579 αὐτὸν
918 4525 947 4566 b
981 4525 1358 4596 περιεστώτων
1390 4525 1497 4579 τῶν
1548 4527 1917 4598 ἡδικημένων;

355 4612 432 4664 Οὐ
456 4612 564 4682 γὰρ
589 4608 879 4680 μαρτύρων
906 4610 1024 4661 ἐκεῖ
1056 4609 1236 4678 χρεία,
1269 4609 1389 4662 οὐδὲ
1419 4610 1759 4681 κατηγόρων,
1797 4611 1920 4665 οὐδὲ

354 4694 704 4759 ἀποδείξεων,
729 4693 852 4746 οὐδέ
896 4692 1237 4764 τεκμηρίων·
1274 4691 1390 4744 ἀλλ’
1415 4693 1555 4746 αὐτά
1600 4692 1719 4746 καθ’
1753 4694 1921 4749 ἑαυτά

353 4779 425 4831 τά
477 4778 776 4848 πράγματα
800 4815 816 4841 ,
869 4769 1067 4846 οἷάπερ
1095 4774 1237 4828 αὐτά
1280 4775 1783 4847 κατεσκευάσαμεν,
1816 4778 1922 4847 πρὸ

355 4860 466 4913 τῶν
491 4859 783 4929 ὀφθαλμῶν
814 4859 1062 4928 φαίνεται
1098 4858 1206 4913 τῶν
1232 4860 1536 4932 ἡμετέρων.

359 4933 366 4944 ’
440 4943 569 4996 ’ἰδοὺ
595 4943 703 5014 γάρ
725 4985 739 5010 ,
771 4946 954 5014 φησὶν,
994 4943 1298 5014 ἄνθρωπος,
1327 4945 1421 4998 καὶ
1457 4944 1523 4998 τά
1562 4943 1697 5016 ἔργα
1725 4946 1921 5000 αὑτοῦ·

359 5027 452 5080 καὶ
480 5025 588 5096 γάρ
621 5026 712 5078 καὶ
757 5027 916 5079 τοῦτο
963 5027 1187 5096 ἁρπαγὴ
1236 5027 1296 5079 τὸ
1331 5027 1404 5096 μὴ
1459 5028 1778 5097 μεταδοῦναι
1815 5029 1922 5082 τῶν

355 5112 545 5162 ὅντων.
575 5107 686 5160 Kal
716 5108 855 5178 τάχα
885 5109 1012 5179 ὑμῖν
1034 5108 1343 5178 θαυμαστὸν
1362 5106 1497 5162 εἶναι
1527 5110 1672 5162 δοκεί
1694 5112 1754 5164 τὸ
1777 5112 1926 5181 λεγό-

359 5207 542 5262 μενον,
592 5189 730 5243 ἀλλά
779 5191 854 5260 μὴ
894 5191 1249 5262 θαυμάσητε·
1297 5191 1602 5262 μαρτυρίαν
1656 5192 1765 5264 γάρ
1797 5196 1925 5265 ὐμῖν

359 5273 464 5325 ἀπὸ
487 5271 594 5325 τῶν
615 5272 774 5325 θείων
791 5272 1093 5342 παρέξομαι
1109 5273 1340 5345 Γραφῶν
1367 5274 1649 5342 λέγουσαν,
1670 5277 1752 5328 ὅτι
1776 5279 1836 5330 οὐ
1865 5278 1926 5330 τὸ

369 5357 421 5411 ῑά
441 5355 696 5426 ἀλλότρια
723 5354 991 5425 ἁρπάζειν
1028 5355 1208 5426 μόνον,
1235 5356 1372 5410 ἀλλά
1395 5359 1486 5411 καὶ
1516 5359 1576 5411 τὸ
1593 5357 1699 5413 τῶν
1729 5359 1923 5414 ἑαυτοῦ

435 5571 665 5636 P'Aliquol
683 5590 800 5626 mss.
823 5577 1046 5627 ἐκϐαλών.

417 5639 446 5680 ιδ
472 5642 673 5702 Aliquot
693 5651 806 5687 mss.
833 5639 976 5705 αὐτῷ.

1516 267 1603 322 [.E
1641 264 1914 325 LAZARO
1948 266 2198 329 CONCIO
2235 271 2301 329 Il.

3456 267 3559 322 938

1999 387 2072 458 μὴ
2096 385 2431 458 μεταδιδόναι
2458 383 2682 453 ἑτέροις.
2711 382 2803 435 καὶ
2827 379 2984 434 τοῦτο
3007 377 3232 449 ἁρπαγὴ
3263 379 3356 432 καὶ
3376 378 3563 436 πλεον-

1995 470 2113 533 εξία
2160 469 2255 521 καὶ
2278 465 2643 535 ἀποστέρησίς
2667 461 2804 518 ἑστι.
2840 462 2936 526 Τίς
2953 458 3045 516 οὖν
3063 464 3210 514 ἐστιν
3233 460 3405 532 alim;
3437 461 3564 524 Τοῖς

2007 550 2284 614 Ἰουδαίοις
2310 548 2554 619 ἐγκαλῶν
2576 549 2603 600 6
2633 547 2766 608 Θεὸς
2797 544 2884 598 διά
2912 544 3004 598 τοῦ
3029 545 3329 616 προφήτου,
3364 543 3528 614 φησίν
3549 559 3562 575 ·

2008 633 2362 704 Ἐξήνεγκεν
2396 630 2432 692 ’ἡ
2451 630 2528 700 γῆ
2557 631 2628 684 τὰ
2656 630 2902 698 ἐκφόρια
2934 627 3143 696 αὐτῆς,
3175 627 3272 681 καὶ
3300 628 3410 680 οὐκ
3452 629 3568 680 εἱσ-

1994 716 2288 784 ηνέγκατε
2309 714 2378 767 τὰ
2397 712 2716 774 ἐπιδέκατα
2734 729 2748 745 ·
2785 713 2922 766 ἀλλ’
2945 712 2984 778 ἡ
3016 710 3252 780 ἁρπαγὴ
3282 707 3388 762 τοῦ
3417 707 3566 780 [755]

1997 799 2235 867 πτωχοῦ
2261 799 2329 852 ἐν
2353 797 2478 861 τοῖς
2498 797 2684 862 οἴκοις
2720 795 2907 864 ὑμῶν.
2955 794 3172 866 Ἐπειδὴ
3196 794 3296 858 τὰς
3330 810 3570 864 προσφο-

1999 881 2120 954 ράς,
2152 881 2306 950 φησὶ,
2331 881 2431 943 τάς
2457 879 2709 942 εἰωθυίας
2730 881 2830 933 οὐκ
2866 879 3126 943 ἐδώκατε,
3176 878 3461 948 ήρπάσατε
3499 877 3569 930 τά

1995 965 2090 1017 τοῦ
2120 965 2372 1035 πένητος.
2405 961 2578 1015 Τοῦτο
2604 961 2661 1014 δὲ
2693 962 2862 1030 λέγει,
2888 963 3104 1024 δεικνὺς
3127 964 3240 1025 τοῖς
3274 963 3567 1029 πλουσίοις,

1997 1046 2078 1100 ὅτι
2101 1045 2170 1099 τά
2196 1045 2306 1098 τῶν
2351 1045 2598 1112 πενήτων
2625 1043 2828 1114 ἔχουσι,
2860 1043 2963 1097 κᾶν
2994 1041 3247 1114 πατρῷον
3285 1043 3569 1108 διαδέξων-

1997 1146 2088 1181 ται
2122 1129 2342 1198 κλῆρον,
2370 1126 2473 1181 κᾶν
2497 1126 2822 1197 όθενδήποτε
2861 1126 3154 1190 συλλέξωσι
3189 1126 3258 1179 τὰ
3291 1128 3567 1197 χρήματα.

1999 1212 2109 1264 Kal
2135 1211 2296 1264 πάλιν
2346 1208 2582 1278 ἀλλαχοῦ
2615 1208 2793 1277 λέγει·
2829 1208 2926 1277 Μὴ
2979 1209 3409 1277 ἀποστερήσῃς
3457 1208 3574 1276 τὴν

1999 1294 2152 1362 ζωὴν
2173 1293 2279 1347 τοῦ
2308 1285 2548 1362 πτωχόῦ
2572 1309 2586 1324 ·
2641 1294 2670 1345 6
2695 1293 2753 1346 δὲ
2793 1292 3156 1365 ἀποστερῶν,
3201 1293 3272 1347 τά
3316 1293 3573 1365 ἀλλότρια

1999 1377 2322 1446 ἀποστερεῖ·
2359 1374 2724 1445 άποστέρησις
2754 1374 2864 1445 γάρ
2889 1375 3142 1442 λέγεται,
3171 1376 3299 1429 ὅταν
3319 1376 3390 1428 τά
3415 1377 3571 1430 ἀλλό-

2000 1475 2126 1530 τρια
2154 1457 2408 1521 λαϐόντες
2429 1458 2766 1528 κατέχωμεν.
2791 1459 2899 1510 Kal
2927 1456 3015 1512 διά
3031 1457 3218 1510 τούτου
3248 1459 3429 1511 τοίνυν
3449 1477 3574 1512 παι-

1999 1542 2285 1613 δευόμεθα,
2317 1542 2399 1595 ὃτι
2427 1542 2555 1596 ὅταν
2577 1542 2946 1613 ἐλεημοσύνην
2979 1545 3052 1614 μὴ
3088 1543 3476 1614 παράσχωμεν,
3514 1545 3573 1596 ἐν

2003 1624 2103 1695 ἴσῳ
2136 1627 2249 1687 τοῖς
2273 1624 2634 1695 ἀποστεροῦσι
2668 1625 3008 1695 κολασόμεθα
3040 1636 3086 1678 ο.
3131 1627 3434 1680 Δεσποτικά
3465 1627 3574 1697 γάρ

2002 1709 2118 1760 ἐστι
2141 1707 2209 1760 τά
2231 1708 2511 1778 χρήματα,
2536 1707 2656 1760 ὅθεν
2684 1707 2750 1760 ἂν
2771 1708 2910 1762 αύτά
2937 1709 3276 1778 συλλέξωμεν
3293 1724 3306 1738 ·
3339 1709 3441 1762 κᾶν
3462 1714 3574 1772 τοῖς

2001 1791 2275 1861 δεομένοις
2323 1791 2463 1845 αὐτά
2513 1792 2855 1862 παρέξωμεν,
2926 1792 3126 1859 πολλῆς
3181 1792 3574 1864 ἐπιτευξόμεθα

2003 1875 2102 1943 τῆς
2127 1874 2405 1943 ἀφθονίας.
2431 1874 2541 1926 Kal
2578 1874 2667 1927 διὰ
2692 1874 2852 1928 τοῦτό
2902 1892 2986 1928 σοι
3025 1876 3246 1928 πλείονα
3281 1876 3424 1946 ἔχειν
3453 1894 3576 1930 συν-

2004 1956 2281 2026 εχώρησεν
2307 1958 2336 2008 6
2375 1956 2528 2021 Θεὸς,
2584 1959 2682 2026 οὐχ
2714 1957 2801 2010 ἵνα
2838 1960 2917 2022 εἰς
2949 1959 3222 2030 πορνείαν,
3258 1960 3352 2012 καὶ
3384 1959 3570 2028 μέθην,

2005 2040 2099 2093 καὶ
2123 2039 2450 2108 ἀδηφαγίαν,
2483 2040 2579 2093 καὶ
2599 2041 2827 2110 ἱματίων
2855 2041 3222 2107 πολυτέλειαν,
3256 2043 3348 2095 καὶ
3375 2042 3468 2112 τὴν
3490 2042 3578 2094 ἄλο

2003 2121 2100 2193 λην
2133 2122 2387 2191 βλακείαν
2404 2122 2714 2194 ἀναλώσῃς,
2743 2123 2858 2176 ἀλλ’
2889 2125 2974 2177 ἵνα
2999 2127 3112 2188 τοῖς
3143 2124 3418 2195 δεομένοις
3438 2124 3578 2178 αὐτά

2003 2207 2302 2279 διανείμῃς.
2367 2207 2636 2278 Καθάπερ
2668 2207 2777 2278 γάρ
2833 2209 3133 2280 ὐποδέκτης
3187 2227 3270 2274 τις
3322 2210 3579 2280 βασιλικά

2004 2289 2294 2359 δεξάμενος
2325 2291 2600 2360 χρήματα,
2631 2290 2697 2343 ἂν
2731 2292 2889 2360 ἀφεὶς
2933 2286 3011 2354 οἷς
3039 2291 3104 2345 ἀν
3139 2291 3427 2364 κελεύηται
3466 2295 3580 2346 δια-

2007 2375 2224 2441 νεῖμαι,
2272 2375 2350 2436 εἰς
2399 2373 2603 2426 οἰκείαν
2641 2373 2997 2446 καταναλώσῃ
3037 2374 3314 2444 βλακείαν,
3349 2376 3580 2438 εὐθύνας

2007 2455 2189 2508 δίδωσι
2219 2455 2314 2508 καὶ
2348 2456 2818 2526 προσαπόλλυται·
2843 2457 2986 2512 οῦτω
3011 2459 3074 2530 δὴ
3101 2460 3192 2512 καὶ
3235 2462 3262 2513 ὁ
3289 2460 3538 2526 πλούσιος
3558 2504 3574 2527 ,

2010 2537 2308 2607 ὐποδέκτης
2358 2539 2444 2602 τίς
2491 2542 2608 2592 ἐστι
2635 2539 2746 2594 τῶν
2774 2543 2883 2604 τοῖς
2938 2542 3164 2612 πένησιν
3214 2543 3580 2615 ὀφειλομένων

2008 2621 2306 2693 χρημάτων
2328 2621 2738 2692 διανεμηθῆναι,
2771 2624 3085 2695 ἐπιταχθεὶς
3115 2624 3256 2678 αὐτά
3303 2626 3578 2698 διανέμειν

2009 2705 2116 2758 τῶν
2132 2704 2321 2758 ἑαυτοῦ
2347 2705 2644 2759 συνδούλων
2671 2708 2784 2769 τοῖς
2814 2707 3152 2777 πενομένοις.
3191 2709 3286 2761 Ἂν
3303 2706 3394 2762 οὖν
3422 2711 3580 2763 πλέον

2011 2807 2062 2841 τι
2099 2789 2200 2858 τῆς
2232 2787 2422 2858 χρείας
2479 2789 2559 2851 είς
2607 2789 2798 2842 ἑαυτὸν
2828 2789 3080 2863 ἀναλώσῃ
3125 2792 3224 2861 τῆς
3257 2793 3577 2861 ἀναγκαίας,

2011 2870 2398 2941 χαλεπωτάτας
2427 2872 2542 2922 ἐκεῖ
2576 2870 2739 2923 δώσει
2766 2871 2865 2935 τὰς
2889 2873 3140 2938 εὐθύνας.
3184 2876 3258 2927 Οὐ
3297 2876 3405 2947 γάρ
3434 2879 3581 2929 ἐστιν

2013 2953 2177 3006 αὑτοῦ
2203 2952 2270 3006 τὰ
2292 2950 2454 3006 αὑτοῦ
2482 2990 2496 3014 ,
2531 2952 2668 3006 ἀλλά
2694 2952 2805 3006 τῶν
2838 2954 3134 3009 συνδούλων
3161 2957 3268 3010 τῶν
3295 2959 3508 3012 ἑαυτοῦ.

2084 3064 2146 3114 ε’.
2168 3056 2482 3128 Φειδώμεθα
2505 3057 2683 3110 τοίνυν
2709 3058 2907 3124 αὐτῶν,
2934 3060 3009 3121 ὡς
3033 3061 3345 3133 ἀλλοτρίων,
3379 3064 3462 3115 ἵνα
3491 3064 3582 3132 γέ-

2013 3157 2170 3213 νηται
2197 3140 2463 3211 ἡμέτερα.
2484 3143 2610 3206 Πῶς
2631 3139 2687 3192 δὲ
2723 3141 2902 3195 αὐτῶν
2941 3144 3238 3213 φεισόμεθα
3265 3187 3279 3210 ,
3330 3146 3405 3209 ὼς
3428 3147 3583 3200 ἁλλο-

2016 3223 2211 3294 τρίων;
2253 3223 2422 3275 Ὅταν
2457 3222 2530 3292 μὴ
2588 3223 2667 3286 εἰς
2719 3223 2979 3294 περιττὰς
3016 3226 3156 3279 αὐτά
3206 3229 3583 3299 άναλίσκωμεν

2014 3307 2236 3376 χρείας,
2275 3303 2409 3376 μηδὲ
2460 3307 2536 3369 είς
2581 3306 2860 3376 ἡμετέρας
2891 3307 3071 3376 μόνον,
3123 3311 3258 3364 ἀλλά
3307 3314 3425 3376 ταῖς
3474 3313 3583 3366 τῶν

2016 3390 2264 3468 πενήτων
2306 3387 2447 3443 αὐτά
2493 3389 2921 3460 συμμερίζωμεν
2976 3392 3167 3461 χερσί·
3206 3395 3312 3449 κᾶν
3353 3395 3584 3468 εὔπορος

2015 3467 2102 3545 ᾖς,
2137 3471 2297 3525 πλέον
2328 3471 2386 3524 δέ
2407 3489 2459 3524 τι
2489 3472 2588 3543 τῆς
2629 3473 2819 3544 χρείας
2847 3474 3164 3548 ἀναλίσκῃς,
3205 3478 3362 3546 λόγον
3392 3467 3582 3544 δώσεις

2015 3555 2124 3608 τῶν
2163 3553 2632 3625 ἐμπιστευθέντων
2661 3571 2742 3607 σοι
2779 3556 3094 3628 χρημάτων.
3146 3559 3316 3614 Τοῦτο
3364 3564 3458 3616 καὶ
3487 3565 3580 3616 ἐπὶ

2015 3637 2124 3690 τῶν
2147 3635 2335 3690 οἰκιῶν
2363 3636 2572 3704 γίνεται
2590 3636 2698 3690 τῶν
2721 3641 2990 3709 μεγάλων.
3022 3642 3214 3697 Πολλοὶ
3247 3645 3375 3712 γοῦν
3403 3646 3472 3700 τὰ
3491 3664 3584 3699 τα-

2021 3723 2146 3791 μεῖα
2179 3719 2246 3774 τὰ
2272 3720 2478 3773 ἑαυτῶν
2504 3723 2617 3784 τοῖς
2646 3723 2884 3786 οἰκέταις
2899 3721 3010 3789 τοῖς
3037 3727 3245 3781 ἑαυτῶν
3276 3730 3582 3783 ἐνεπίστευ-

2019 3822 2150 3857 σαν·
2181 3803 2298 3857 ἀλλ’
2326 3804 2474 3874 ὅμως
2501 3805 2552 3856 οί
2596 3807 2975 3871 πιστευθέντες
3015 3811 3212 3866 ἐκεῖνοι
3259 3813 3584 3882 φυλάττουσι

2015 3889 2085 3942 τά
2101 3887 2377 3958 δεδομένα,
2391 3888 2487 3941 καὶ
2507 3891 2606 3942 οὐκ
2628 3890 2973 3960 ἀποχρῶνται
2994 3895 3108 3957 τοῖς
3127 3895 3583 3965 ἐμπιστευθεῖσιν,

2018 3971 2134 4025 ἀλλ’
2176 3967 2257 4035 οἷς
2293 3971 2360 4024 ἂν
2401 3975 2429 4024 6
2455 3971 2749 4042 δεσπότης,
2793 3974 2887 4026 καὶ
2929 3975 3089 4045 ἡνίκα
3129 3978 3378 4050 κελεύσῃ,
3409 3980 3585 4033 διανέ-

2020 4073 2200 4126 μουσι.
2225 4055 2394 4109 Τοῦτο
2425 4055 2519 4108 καὶ
2546 4057 2610 4108 σὺ
2641 4056 2884 4125 ποίησον.
2901 4058 3013 4110 Kal
3039 4059 3148 4130 γάρ
3171 4059 3356 4124 ἔλαϐες
3386 4064 3586 4132 ἑτέρων

2018 4139 2258 4199 πλείονα,
2287 4140 2383 4191 καὶ
2402 4137 2664 4202 ὐπεδέξω,
2696 4139 2794 4210 οὐχ
2821 4139 2908 4192 ἵνα
2927 4139 3064 4193 αὐτά
3092 4141 3372 4215 ἀναλώσῃς
3404 4146 3583 4215 μόνος,

2017 4223 2133 4277 ἀλλ’
2162 4223 2250 4278 ἵνα
2277 4222 2372 4276 καὶ
2413 4223 2622 4293 ἑτέροις
2652 4223 2932 4295 οἰκονόμος
2969 4227 3106 4300 γένῃ
3135 4227 3322 4292 καλός.

2088 4324 2274 4391 Ἀξιον
2293 4325 2350 4378 δέ
2376 4327 2598 4380 κάκεῖνο
2630 4326 2862 4398 ζητῆσαι
2892 4327 2942 4394 ἀ,
2975 4329 3027 4382 τί
3055 4329 3254 4402 δήποτε
3297 4333 3417 4403 οὐχί
3455 4344 3590 4406 παρ’

2020 4408 2190 4481 ἑτέρῳ
2217 4409 2408 4476 δικαίῳ
2436 4409 2528 4463 τὸν
2557 4409 2808 4482 Λάζαρον
2839 4414 2958 4484 ὁρᾷ,
2989 4413 3102 4468 ἀλλ’
3133 4417 3190 4468 ἐν
3225 4418 3337 4480 τοῖς
3365 4417 3584 4481 κόλποις

2019 4490 2128 4546 εἶδε
2159 4491 2253 4545 τοῦ
2299 4491 2573 4564 Ἀϐραάμ.
2603 4492 2879 4559 Φιλόξενος
2905 4491 2973 4566 ἦν
3008 4497 3038 4548 6
3081 4497 3360 4569 Ἀϐραάμ·
3399 4500 3465 4554 ἵν’
3489 4497 3583 4554 οὖν

2019 4577 2114 4630 καὶ
2137 4571 2295 4639 οὗτος
2329 4575 2548 4647 ἐλεγχος
2568 4577 2717 4648 αὐτῷ
2753 4579 2974 4650 γένηται
3005 4580 3102 4652 τῆς
3136 4583 3458 4653 μισοξενίας,
3494 4585 3583 4638 διά

2020 4657 2178 4712 τοῦτο
2197 4657 2360 4713 αὐτὸν
2395 4657 2513 4730 μετ’
2548 4661 2756 4714 ἐκείνου
2791 4661 3002 4732 βλέπει.
3067 4665 3302 4730 Ἐκεῖνος
3353 4668 3462 4738 γὰρ
3490 4668 3583 4721 καὶ

2018 4742 2146 4805 τοὺς
2189 4741 2487 4814 παριόντας
2536 4742 2785 4814 ἐθήρευε,
2826 4744 2921 4800 καὶ
2949 4746 3029 4810 εἰς
3064 4747 3164 4818 τὴν
3202 4745 3376 4804 οἰκίαν
3407 4745 3586 4804 εἷλκεν

2020 4824 2151 4908 εἵσω
2181 4823 2281 4894 τὴν
2301 4822 2495 4908 ἑαυτοῦ
2512 4840 2525 4855 ·
2551 4819 2708 4908 οὗτος
2732 4825 2788 4879 δὲ
2815 4828 3024 4882 καὶτὸν
3047 4829 3155 4884 ἑσω
3171 4834 3419 4901 κείμενον
3449 4852 3590 4908 παρ-

2023 4904 2193 4989 εώρα,
2229 4906 2324 4959 καὶ
2387 4906 2660 4978 θησαυρὸν
2701 4909 2955 4964 τοσοῦτον
3003 4911 3140 4984 έχων
3183 4915 3278 4969 καί⁸
3317 4904 3588 4989 σωτηρίας

2024 4988 2301 5052 ὑπόθεσιν,
2351 4989 2654 5061 παρέτρεχε
2704 4993 2827 5046 καθ’
2858 4993 3092 5064 ἑκάστην
3115 4997 3344 5069 ἡμέραν,
3373 5000 3466 5054 καὶ
3491 5002 3591 5053 οὐκ

2022 5071 2295 5142 ἐχρήσατο
2327 5073 2408 5134 εἰς
2453 5071 2571 5126 δέον
2592 5075 2659 5144 τῇ
2688 5074 2780 5126 τοῦ
2809 5073 3039 5147 πένητος
3079 5081 3404 5152 προστασίᾳ.
3448 5083 3591 5135 Ἀλλ’

2022 5153 2120 5222 οὐχ
2145 5155 2175 5205 6
2203 5153 2550 5226 πατριάρχης
2591 5155 2850 5223 τοιοῦτος,
2887 5157 3024 5212 ἀλλά
3073 5162 3378 5217 τούναντίον
3409 5163 3552 5217 ἀπαν
3575 5180 3588 5191 ⁸

2027 5235 2134 5303 πρὸ
2155 5235 2264 5291 τῶν
2285 5237 2464 5309 θυρῶν
2491 5237 2799 5309 καθήμενος
2819 5243 3116 5313 ἐσαγήνευε
3144 5245 3271 5309 τοὺς
3297 5248 3592 5317 παριόντας

2092 5481 2113 5540 ‘_’
2145 5479 2247 5540 Duo
2265 5490 2392 5540 mss,
2403 5479 2710 5540 κολαζὸμεθα.

2089 5536 2116 5607 ξι
2137 5537 2239 5610 Alii
2259 5538 2448 5610 κάκςίνο
2469 5536 2713 5610 ἐννοῆσαι.⁸
2737 5540 2864 5592 Infra
2888 5545 3070 5610 aliquot
3097 5561 3210 5597 mss.
3243 5553 3322 5600 καὶ
3353 5555 3380 5600 6
3406 5555 3594 5610 Παῦλος

2028 5598 2194 5723 ἶοὲτὲἴ
2220 5600 2420 5709 ἐπαινῶν
2466 5602 2610 5662 ἔλεγε·
2636 5602 2830 5654 διώκετε
2871 5598 3386 5676 τῂ·ι’φιλοεενίανν,ή”διά

2060 5677 2089 5706 α
2179 5677 2218 5708 ,α
2247 5677 2316 5710 ον.
3002 5674 3009 5679 ’

2060 5675 2118 5710 ao
2137 5674 2316 5710 ελαυον.
2905 5674 2908 5675 ⁷
3002 5674 3009 5679 ’
