4046 6146
347 218 456 276 9°9

347 335 550 390 foribus
600 330 794 388 sedens
843 328 1134 386 venabatur
1183 334 1564 398 praetereuntes
1611 337 1833 392 omnes,
1882 329 1938 377 et

347 422 798 496 quemadmodum
845 422 1093 491 piscator,
1133 412 1277 490 iacto
1305 419 1359 472 in
1397 431 1544 472 mare
1575 416 1705 482 reti,
1736 416 1936 486 piscem

346 515 562 586 quidem
607 513 854 580 attrahit,
883 511 1102 566 attrahit
1135 518 1311 566 autem
1343 511 1645 580 frequenter
1673 517 1726 564 et
1749 521 1937 562 aurum

349 619 402 664 et
439 608 752 678 margaritas
783 624 795 659 :
830 605 1010 660 itidem
1051 612 1106 660 et
1149 602 1237 659 hic
1276 603 1375 658 reti
1413 610 1630 672 captans
1659 601 1934 666 homines,

348 702 581 770 piscatus
622 706 702 752 est
747 696 975 751 tamdem
1017 703 1072 750 et.
1117 694 1374 766 angelos,
1413 693 1660 766 quodque
1691 691 1933 758 mireris,

349 792 507 846 etiam
546 790 780 845 insciens
813 787 960 854 (Gen.
994 787 1080 842 18.
1110 787 1191 858 2).

421 881 762 952 Hospitalitas
784 881 837 934 in
863 897 1048 934 omnes.
1071 909 1142 920 —
1165 878 1220 934 Id
1248 877 1388 949 quod
1412 884 1465 933 et
1487 877 1681 932 Paulus
1703 875 1755 930 in
1781 873 1938 944 hujus

349 972 594 1028 laudibus
621 973 756 1026 dixit
785 989 798 1024 :
835 970 1209 1038 Hospitalitatis
1234 969 1387 1024 nolite
1413 966 1635 1022 oblivisci
1657 981 1676 1020 :
1697 981 1786 1036 per
1805 965 1939 1018 hanc

346 1065 480 1116 enim
513 1064 753 1134 quidam,
795 1062 1089 1122 inscientes,
1124 1061 1338 1128 hospitio
1377 1064 1675 1128 exceperunt
1725 1056 1936 1128 angelos

347 1151 364 1217 (
382 1152 539 1206 Hebr.
563 1150 650 1204 15.
670 1147 753 1214 2).
779 1146 855 1202 Ac
874 1146 1188 1212 rectedixit,
1215 1145 1512 1200 inscientes.
1540 1147 1671 1200 Nam
1695 1145 1740 1201 si
1765 1145 1939 1200 sciens

350 1243 472 1297 illos
499 1242 795 1310 excepisset
815 1250 967 1295 tanta
1002 1256 1122 1296 cum
1152 1237 1524 1294 benevolentia
1543 1278 1560 1305 ,
1591 1237 1722 1292 nihil
1761 1236 1937 1306 magni

350 1335 538 1388 mirive
566 1332 797 1388 fecisset.
825 1331 930 1387 Sed
959 1335 1073 1387 haec
1101 1341 1208 1386 tota
1239 1331 1372 1397 laus,
1395 1330 1533 1399 quod
1556 1329 1802 1398 ignorans
1823 1330 1939 1398 qui-

351 1441 473 1478 nam
508 1433 686 1479 essent
725 1425 814 1493 qui
856 1423 1198 1494 prazteribant
1221 1463 1237 1490 ,
1270 1438 1369 1478 nec
1396 1421 1537 1476 aliud
1567 1436 1686 1476 esse
1714 1420 1938 1476 credens

349 1531 508 1585 quam
549 1515 792 1570 homines
821 1516 1081 1581 viatores,
1109 1529 1228 1569 cum
1260 1521 1403 1568 tanta
1430 1513 1702 1567 alacritate
1730 1511 1938 1566 vocavit

352 1607 513 1661 intro.
543 1607 620 1660 Tu
649 1605 862 1675 quidem
896 1605 1053 1674 igitur
1091 1605 1135 1658 si
1169 1620 1324 1674 quem
1359 1604 1588 1658 nobilem
1618 1617 1680 1657 ac
1706 1601 1940 1671 splendi-

349 1698 476 1752 dum
513 1696 818 1766 exceperis,
865 1696 1189 1765 multamque
1231 1695 1540 1765 praaslitcris
1576 1693 1935 1760 alacritatem,

351 1788 426 1842 nil
461 1788 654 1841 mirum
684 1795 784 1841 est.
826 1785 959 1841 Nam
989 1786 1155 1840 virtus
1187 1786 1302 1854 ejus
1331 1785 1420 1855 qui
1456 1785 1744 1853 excipitur,
1778 1784 1939 1837 etiam

352 1880 728 1950 inhospitalem
776 1878 1082 1948 frequenter
1121 1873 1317 1948 adigit,
1349 1886 1406 1932 ut
1441 1892 1654 1932 onmem
1693 1875 1942 1930 exhibeat

350 1970 732 2026 humanitatem
762 1988 777 2023 ε
806 1976 1058 2024 caeterum
1087 1968 1214 2022 illud
1244 1967 1530 2021 maximum
1555 1974 1609 2020 et
1633 1964 1941 2020 admiratio-

350 2079 419 2118 ne
447 2062 699 2130 dignum,
731 2061 939 2130 quoties
973 2069 1022 2116 et
1060 2059 1303 2129 vulgares
1337 2071 1391 2114 et
1429 2059 1662 2129 abjectos
1695 2073 1762 2113 ac
1807 2058 1940 2112 viles

352 2155 519 2208 multa
558 2168 679 2207 cum
730 2151 1097 2206 benevolentia
1137 2150 1448 2220 excipimus.
1491 2150 1775 2220 Propterea
1812 2149 1941 2205 dicit

349 2245 596 2300 Christus
629 2243 937 2299 collaudans
962 2259 1056 2299 eos
1083 2245 1170 2314 qui
1211 2245 1280 2298 ita
1311 2243 1510 2299 faciunt
1541 2260 1553 2296 :
1587 2243 1836 2312 Quicquid
1860 2244 1940 2312 fe-

350 2338 518 2392 ceritis
543 2338 633 2392 uni
657 2353 720 2391 ea:
745 2338 823 2392 bis
848 2337 1068 2390 minimis
1087 2377 1102 2403 ,
1132 2337 1218 2407 qui
1246 2335 1452 2390 credunt
1481 2337 1534 2390 in
1561 2352 1670 2401 me,
1708 2335 1833 2388 mihi
1861 2337 1940 2406 fc-

349 2429 538 2483 ceritis.
582 2429 662 2484 Ac
704 2443 889 2483 rursus
909 2469 925 2496 ,
965 2427 1052 2481 Ita
1087 2444 1190 2481 non
1223 2435 1294 2482 est
1325 2429 1557 2481 voluntas
1592 2443 1760 2481 coram
1789 2427 1943 2482 Patre

353 2529 518 2576 vestro
537 2561 552 2587 ,
581 2529 636 2573 ut
663 2529 837 2591 pereat
865 2535 996 2574 unus
1021 2536 1084 2574 ea:
1114 2519 1310 2589 pusillis
1344 2519 1452 2572 istis
1477 2516 1689 2589 (Matth.
1717 2517 1806 2572 25.
1834 2517 1938 2582 45;

351 2622 400 2666 et
428 2611 517 2666 18.
555 2611 643 2681 ll)
667 2626 682 2674 ;
709 2626 772 2665 ac
812 2611 1001 2665 iterum
1023 2650 1038 2674 ,
1071 2609 1380 2680 Quicumque
1407 2607 1670 2676 o/fenderit
1699 2624 1850 2662 unum
1879 2624 1943 2662 ea;

353 2702 556 2772 pusillis
601 2703 740 2766 istis,
771 2703 974 2772 expedit
1016 2702 1063 2756 ei
1097 2711 1150 2755 ut
1193 2702 1510 2774 appendatur
1547 2701 1682 2755 mola
1719 2700 1942 2755 asinaria

351 2793 492 2848 circa
517 2793 704 2848 collum
730 2793 892 2859 illius,
915 2803 963 2847 et
985 2792 1250 2865 abjiciatur
1275 2793 1328 2846 in
1352 2809 1492 2846 mare
1523 2790 1626 2860 (Ib.
1657 2807 1706 2846 υ.
1739 2791 1814 2861 6).
1844 2791 1943 2845 De-

355 2885 514 2954 nique
551 2885 748 2939 multus
792 2885 986 2954 ubique
1019 2895 1100 2939 est
1127 2885 1338 2939 Christo
1364 2884 1430 2939 de
1466 2884 1676 2954 pusillis
1701 2893 1754 2939 et
1784 2882 1943 2936 mini-

353 2974 458 3030 mis
484 2991 660 3031 sermo
694 2993 711 3031 :
741 2976 881 3046 quod
909 2976 1122 3046 quidem
1149 2975 1416 3031 Abraham
1447 2976 1619 3029 sciens
1647 2990 1752 3029 non
1778 2988 1942 3028 excu-

355 3068 520 3124 tiebat
541 3069 726 3139 quales
749 3078 925 3123 essent
951 3077 1330 3138 przetercuntes
1349 3108 1364 3134 ,
1386 3083 1485 3123 nec
1508 3067 1646 3121 unde
1666 3067 1940 3131 venirent,

353 3159 804 3228 quemadmodum
851 3174 948 3213 nos
985 3173 1127 3213 nunc
1160 3157 1417 3225 facimus,
1453 3157 1547 3213 sed
1584 3157 1699 3211 sine
1736 3156 1943 3212 delectu

356 3259 738 3320 praetereuntes
763 3249 1059 3319 excipiebat
1082 3265 1289 3304 omnes.
1310 3249 1442 3304 Nam
1468 3265 1588 3304 eum
1615 3248 1702 3318 qui
1728 3256 1946 3318 priestat

357 3341 778 3406 humanitatem,
809 3356 914 3395 non
943 3351 1151 3411 oportet
1177 3355 1466 3410 exposcere
1490 3339 1610 3394 vita:
1644 3340 1901 3394 rationem
1925 3379 1941 3406 ,

354 3433 451 3486 sed
480 3431 671 3500 inopia:
697 3430 920 3496 mederi,
950 3431 1358 3500 necessitatique
1385 3429 1680 3500 providere.

433 3523 616 3594 Egenti
653 3523 728 3576 vel
768 3523 1138 3593 improbissimo
1180 3524 1582 3593 impertiendum.
1623 3552 1696 3563 —
1721 3522 1943 3578 Unicum

361 3613 520 3667 habet
541 3613 888 3682 patrocinium
916 3629 1132 3682 pauper,
1159 3622 1445 3684 egestatem
1467 3629 1528 3668 ac
1549 3613 1942 3680 necessitatem,

361 3719 428 3759 ne
457 3704 580 3774 quid
609 3704 677 3758 ab
718 3704 806 3758 illo
834 3705 1332 3774 postuleslamplius
1359 3722 1372 3757 :
1405 3703 1498 3759 sed
1542 3704 1749 3759 etiamsi
1789 3703 1948 3758 fuerit

360 3793 596 3846 omnium
629 3793 1049 3862 improbissimus
1069 3835 1083 3859 ,
1113 3804 1166 3849 et
1194 3793 1400 3864 eguerit
1438 3795 1741 3850 necessario
1768 3794 1942 3860 victu,

361 3882 608 3938 sedemus
651 3884 792 3938 illius
835 3881 1047 3937 famem.
1080 3883 1154 3938 Ita
1182 3893 1235 3938 et
1264 3884 1503 3940 Christus
1541 3884 1657 3939 fieri
1696 3886 1948 3955 prmcepit

364 3973 546 4027 dicens
578 3993 591 4028 :
623 3973 825 4042 Estote,
859 3974 1060 4044 inquit,
1089 3976 1275 4030 similes
1299 3974 1472 4030 Patris
1498 3977 1647 4030 vestri
1677 3977 1762 4047 qui
1795 3985 1866 4031 est
1893 3978 1947 4031 in

363 4064 522 4127 ca'lis,
550 4065 636 4132 qui
665 4065 819 4118 solem
845 4081 993 4118 suum
1022 4066 1146 4119 oriri
1172 4067 1294 4136 facit
1333 4082 1486 4136 super
1509 4065 1665 4122 bonos
1689 4077 1734 4122 et
1763 4069 1942 4134 malos,

362 4165 408 4209 et
435 4154 563 4225 pluit
591 4171 741 4224 super
766 4159 930 4222 iustos
956 4167 1002 4209 et
1031 4157 1246 4227 injustas
1272 4157 1485 4227 (Matth.
1513 4159 1567 4214 5.
1599 4159 1713 4228 45).
1754 4159 1948 4214 Portus

364 4255 448 4302 est
495 4247 548 4300 in
597 4248 913 4303 necessitate
959 4251 1364 4304 constitutorum
1414 4250 1573 4306 homo
1619 4252 1945 4308 misericors.

367 4336 559 4392 Portus
596 4345 770 4391 autem
797 4351 1015 4403 omnes,
1050 4339 1138 4408 qui
1175 4339 1229 4392 in
1268 4339 1591 4409 naufragium
1630 4342 1946 4410 inciderint,

365 4427 562 4498 excipit
591 4426 906 4496 liberalque,
934 4431 1046 4482 sive
1073 4429 1196 4484 mali
1228 4428 1443 4497 fuerint,
1473 4431 1584 4486 sive
1620 4432 1764 4497 boni,
1796 4431 1950 4488 deni-

365 4535 472 4588 que
505 4519 826 4588 quicumque
855 4517 1049 4573 fuerint
1077 4519 1166 4590 qui
1197 4520 1580 4589 periclitantur,
1608 4522 1660 4576 in
1687 4523 1836 4578 sinus
1863 4524 1952 4578 ille

367 4626 495 4667 suos
522 4611 738 4679 excipit.
769 4611 850 4666 Tu
880 4611 1101 4681 proinde
1139 4613 1185 4668 si
1220 4613 1416 4668 videris
1445 4615 1713 4671 hominem
1733 4657 1747 4682 ,
1777 4617 1868 4688 qui
1898 4619 1950 4673 in

367 4702 619 4771 egestatis
655 4701 985 4773 naufragium
1012 4704 1275 4770 inciderit,
1305 4720 1373 4760 ne
1395 4705 1594 4776 judica,
1621 4723 1688 4762 ne
1712 4709 1835 4763 vitae
1859 4725 1950 4778 ge-

367 4800 448 4844 sta
470 4792 710 4846 examina
734 4833 748 4857 ,
776 4793 870 4848 sed
905 4793 1120 4850 medere
1157 4795 1404 4850 miseriae.
1435 4797 1568 4863 Quid
1600 4799 1711 4867 ipse
1738 4799 1827 4854 tibi
1855 4815 1952 4854 ne-

367 4882 568 4951 gotium
604 4884 873 4937 accersis?
909 4885 1179 4941 Liberavit
1207 4895 1258 4941 te
1293 4887 1432 4942 Deus
1464 4889 1610 4942 omni
1637 4891 1724 4944 tali
1752 4891 1951 4945 sollicio

368 4971 580 5039 tudine,
611 4982 666 5028 et
703 4976 1026 5030 curiositate.
1064 4978 1232 5043 Quam
1272 4978 1434 5032 multa
1475 4979 1712 5050 plerique
1746 4980 1955 5037 fuerant

369 5064 592 5130 dicturi,
626 5081 888 5136 quamque
915 5068 1158 5123 difﬁciles
1181 5081 1331 5124 erant
1357 5070 1552 5136 futuri,
1581 5073 1624 5127 si
1653 5073 1793 5129 Deus
1817 5089 1954 5143 prae-

370 5159 622 5228 cepisset,
651 5169 707 5213 ut
731 5161 875 5229 prius
899 5171 1144 5216 accurate
1167 5163 1328 5217 vitam
1361 5165 1599 5234 factaque
1625 5165 1953 5235 singulorum

371 5248 789 5319 disquireremus
808 5292 824 5316 ,
850 5265 912 5304 ac
938 5261 1044 5305 tum
1075 5252 1288 5307 demum
1316 5254 1680 5311 conferremus
1715 5258 1951 5314 eleemo-

369 5355 558 5410 synam
580 5339 603 5392 ‘i
628 5339 778 5395 Nunc
804 5341 903 5397 hac
929 5343 1070 5398 omni
1096 5345 1400 5402 curiositate
1429 5363 1527 5404 nos
1556 5349 1818 5405 liberavit.
1847 5349 1954 5409 Cur

369 5447 500 5502 ergo
521 5447 676 5487 curas
699 5447 1118 5502 supervacaneas
1142 5437 1296 5492 nobis
1315 5441 1669 5497 aceersimus?
1693 5443 1851 5498 Aliud
1871 5453 1954 5500 est

367 5522 554 5593 iudex,
584 5522 726 5577 aliud
757 5525 1108 5597 eleemosynte
1139 5527 1356 5597 largitor
1384 5547 1398 5584 :
1427 5530 1547 5586 ideo
1573 5543 1788 5588 vocatur
1812 5535 1953 5590 elec-

371 5628 612 5686 mUsyua,
639 5613 778 5686 quod
801 5630 918 5672 eam
945 5627 994 5674 et
1021 5616 1247 5689 indignis
1270 5618 1476 5678 damus.
1501 5621 1650 5680 Unde
1676 5633 1728 5682 et
1749 5625 1946 5685 Paulus

1595 209 1684 264 DE
1723 201 1999 262 LAZAllO
2034 201 2278 260 CONCIO
2317 205 2378 260 ll.

3515 205 3618 263 990

2043 318 2374 387 cohortatur,
2403 329 2460 376 ut
2483 321 2555 376 ita
2579 320 2852 388 faciamus,
2883 330 2939 379 et
2965 321 3039 377 ait
3065 339 3080 377 :
3121 321 3222 379 Vos
3243 331 3412 377 autem
3442 323 3624 380 bonum

2042 410 2280 481 facientes
2314 428 2414 466 non
2447 412 2721 482 deﬁciatis,
2765 429 2882 484 erga
2916 430 3120 480 omnes,
3149 413 3238 468 sed
3267 414 3483 468 maxime
3508 431 3626 486 ergo

2041 504 2339 559 domesticos
2367 504 2488 573 ﬁdei
2515 503 2724 576 (Colat.
2756 505 2809 561 6.
2845 505 2898 561 9.
2933 505 3060 576 10).
3099 505 3252 572 Quod
3294 506 3340 560 si
3383 505 3626 576 indignos

2041 598 2251 652 curiose
2278 595 2624 654 discutiamus
2649 598 3126 669 disquiramusque,
3155 615 3222 654 ne
3245 599 3390 669 digni
3413 600 3624 668 quidem

2041 686 2196 742 facile
2234 688 2287 742 in
2317 704 2414 744 nos
2448 688 2701 744 incident.
2729 690 2880 758 Quod
2907 691 2951 744 si
2983 691 3210 759 indignis
3235 706 3446 761 quoque
3486 708 3625 761 prte-

2039 779 2331 834 stiterimus
2360 779 2672 835 beneficium
2692 820 2707 846 ,
2737 781 2987 835 nimirum
3019 787 3076 835 et.
3102 780 3264 852 digni,
3291 782 3487 852 quique
3512 796 3627 837 om—

2041 869 2186 922 nium
2231 869 2442 923 illorum
2481 870 2735 924 malitiam
2780 872 2973 926 virtute
3018 882 3277 942 pensent,
3319 872 3531 927 venient
3568 869 3621 922 in

2040 976 2229 1015 manus
2267 973 2477 1016 nostras
2508 980 2520 1016 :
2553 963 2687 1017 sicut
2714 964 2888 1018 evenit
2917 964 3072 1019 beato
3102 963 3330 1019 Abrahae
3353 1006 3368 1032 ,
3402 965 3484 1019 cui
3525 963 3626 1019 mi-

2041 1051 2185 1105 nime
2210 1051 2452 1118 curioso,
2479 1053 2664 1122 quales
2691 1065 2869 1108 essent
2893 1056 2980 1124 qui
3012 1057 3380 1125 praeteribant,
3411 1057 3626 1126 contigit

2043 1143 2252 1197 tandem
2285 1154 2340 1196 ut
2369 1153 2423 1198 et
2457 1145 2676 1216 angelos
2702 1145 2973 1215 exciperet
3001 1147 3249 1215 hospitio.
3280 1148 3432 1203 Hunc
3471 1149 3628 1216 igitur

2041 1242 2096 1288 et
2126 1249 2223 1288 nos
2255 1235 2518 1290 imitemur
2542 1277 2557 1300 ,
2589 1235 2853 1306 simulque
2895 1251 3014 1290 cum
3063 1238 3162 1292 hoc
3207 1248 3452 1308 nepotem
3487 1240 3626 1294 illius

2039 1325 2160 1381 Job.
2188 1327 2625 1398 Quandoquidem
2651 1337 2706 1382 et
2736 1329 2822 1382 hic
2862 1331 3211 1398 progenitoris
3237 1332 3316 1385 sui
3356 1331 3628 1400 magnani-

2040 1419 2278 1473 mitatem
2317 1434 2522 1473 summa
2566 1435 2686 1474 cum
2725 1419 2995 1488 diligentia
3032 1429 3113 1474 est
3153 1421 3426 1475 imitatus:
3457 1437 3628 1490 eoque

2039 1509 2250 1565 dicebat
2277 1528 2290 1564 :
2321 1511 2517 1566 Ostium
2543 1529 2706 1566 meum
2723 1513 2920 1583 jugiter
2945 1511 3142 1582 patebat
3170 1514 3324 1568 cuivis
3349 1514 3629 1568 advenienti

2042 1601 2170 1671 (Job
2201 1604 2288 1658 51.
2321 1602 2446 1672 5‘2).
2501 1603 2614 1656 Non
2646 1605 2722 1657 sic
2752 1603 2874 1657 huic
2904 1604 3154 1672 patebat,
3195 1613 3253 1658 ut
3293 1605 3446 1660 alteri
3487 1613 3628 1658 esset

2041 1694 2334 1762 occlusum,
2365 1693 2457 1749 sed
2487 1694 2849 1750 indill‘erenter
2877 1705 3117 1764 apertum
3147 1705 3264 1751 erat
3288 1697 3554 1751 omnibus.

2113 1785 2165 1841 6.
2197 1786 2308 1842 lloc
2341 1786 2640 1856 exemplum
2668 1795 2723 1842 et
2751 1803 2848 1841 nos
2867 1828 2881 1852 ,
2911 1803 3090 1857 quzcso
3115 1829 3129 1851 ,
3171 1787 3470 1856 imitemur,
3500 1789 3628 1844 nihil

2041 1878 2378 1947 exquirentes
2402 1879 2535 1932 ultra
2561 1894 2716 1948 quam
2740 1887 2968 1948 oportet.
2991 1878 3122 1933 Nam
3147 1879 3212 1934 ad
3240 1882 3342 1935 hoc
3357 1890 3413 1934 ut
3433 1897 3630 1950 pauper

2040 1967 2231 2038 dignus
2257 1967 2514 2023 habeatur
2538 1969 2875 2038 eleemosyna
2897 2009 2913 2034 ,
2945 1970 3075 2024 satis
3100 1978 3184 2026 est
3221 1981 3448 2041 egestas.
3476 1971 3628 2039 Quod

2041 2060 2086 2114 si
2112 2060 2230 2128 quis
2252 2074 2374 2114 cum
2409 2059 2509 2113 hac
2533 2061 2992 2116 commendatione
3025 2076 3124 2116 nos
3162 2063 3382 2128 adierit,
3411 2079 3478 2119 ne
3503 2066 3630 2134 quid

2041 2151 2268 2219 amplius
2287 2151 2497 2206 curiose
2516 2159 2819 2206 scrutemur
2841 2169 2854 2205 :
2879 2166 2978 2206 nec
2997 2153 3137 2206 enim
3165 2154 3399 2208 moribus
3419 2154 3628 2221 damus,

2041 2241 2136 2296 sed
2176 2240 2376 2296 homini
2411 2260 2424 2297 :
2454 2257 2553 2296 nec
2588 2242 2658 2296 ob
2689 2242 2938 2298 virtutem
2961 2259 3060 2297 nos
3088 2243 3206 2313 ejus
3234 2245 3502 2310 misereat,
3535 2247 3629 2300 sed

2043 2333 2114 2388 ob
2135 2334 2520 2400 calamitatem,
2549 2349 2654 2404 quo
2679 2335 2926 2388 nimirum
2955 2347 3008 2390 et
3042 2335 3139 2404 ipsi
3167 2337 3437 2405 copiosam
3463 2353 3491 2390 a
3521 2339 3629 2392 Do-

2043 2426 2190 2479 mino
2217 2426 2636 2480 misericordiam
2675 2427 2830 2482 nobis
2855 2429 3201 2483 conciliemus
3219 2469 3236 2494 ,
3260 2439 3392 2484 utet
3418 2431 3471 2484 in
3497 2447 3594 2486 nos
3612 2473 3628 2498 ,

2043 2519 2130 2587 qui
2154 2517 2352 2587 indigni
2381 2533 2600 2585 sumus,
2630 2519 2720 2574 ille
2759 2535 2909 2575 suam
2953 2520 3193 2575 conferat
3228 2522 3629 2592 benignitatem.

2042 2609 2174 2666 Nam
2209 2612 2254 2666 si
2284 2611 2336 2665 in
2364 2613 2636 2666 conservis
2665 2613 2862 2667 nostris
2885 2614 3210 2682 cmperimus
3238 2617 3518 2685 exquirere
3547 2617 3630 2670 di-

2043 2704 2319 2771 gnitatem,
2351 2719 2633 2774 moresque
2659 2705 2942 2775 vestigare,
2970 2705 3108 2759 idem
3137 2716 3193 2761 et
3232 2707 3372 2761 Deus
3395 2706 3630 2762 facturus

2045 2792 2204 2847 estin
2233 2793 2384 2846 nobis
2403 2834 2418 2858 ,
2444 2793 2677 2864 dumque
2700 2795 2978 2852 studemus
3002 2811 3032 2850 a
3055 2797 3328 2852 conservis
3347 2813 3631 2867 reposcere

2043 2883 2166 2937 vitae
2191 2898 2377 2938 causas
2400 2925 2416 2950 ,
2448 2885 2544 2954 ipsi
2569 2886 2784 2954 superni
2813 2887 3041 2940 numinis
3069 2887 3444 2957 benignitatem
3472 2890 3625 2942 amit-

2047 2985 2238 3031 tetuus.
2267 2974 2332 3029 In
2356 2993 2454 3045 quo
2483 2977 2634 3042 enim,
2666 2977 2854 3046 inquit,
2873 2977 3072 3047 judicio
3090 2979 3456 3050 judicaveritis,
3487 2981 3626 3042 iudi-

2045 3067 2281 3121 cabimini
2305 3066 2518 3137 (Matth.
2553 3069 2605 3122 7.
2629 3067 2707 3138 2).
2740 3066 2844 3122 Sed
2874 3068 2940 3122 ad
2981 3084 3092 3123 rem
3123 3069 3422 3124 redeamus.
3451 3071 3632 3139 itaque

2046 3174 2167 3215 cum
2197 3158 2398 3213 videret
2437 3159 2584 3212 illum
2622 3159 2673 3212 in
2701 3160 2820 3212 sinu
2850 3158 3078 3213 Abrahae
3097 3199 3111 3222 ,
3139 3160 3213 3213 ait
3244 3177 3257 3213 :
3286 3159 3440 3214 Pater
3471 3163 3632 3214 Abra-

2048 3250 2196 3312 ham,‘
2213 3249 2444 3302 miserere
2469 3249 2587 3312 mei,
2617 3259 2663 3302 et
2693 3249 2831 3302 mitte
2861 3248 3114 3302 Lazarum
3136 3249 3282 3318 (Luc.
3311 3251 3395 3306 l6.
3418 3251 3532 3321 24).

2119 3339 2268 3394 Dives
2304 3355 2394 3393 cur
2422 3340 2678 3393 Abraham
2700 3341 2925 3409 appellat
2962 3341 3125 3410 potius
3162 3358 3315 3411 quant
3355 3340 3630 3396 Lazarum.

2046 3462 2119 3474 -—
2145 3431 2498 3500 Quamobrem
2527 3447 2632 3486 non
2666 3431 2732 3485 ad
2780 3433 2949 3501 ipsum
2993 3432 3248 3486 Lazarum
3287 3433 3481 3488 direxit
3515 3445 3633 3487 ser-

2049 3539 2260 3578 monem
2280 3523 2304 3576 ‘i
2328 3521 2523 3587 Pudor,
2553 3532 2610 3576 ut
2635 3522 2880 3578 existimo
2898 3563 2914 3588 ,
2939 3522 3184 3577 obstabat
3202 3539 3268 3578 ac
3294 3525 3632 3579 verecundia.

2049 3615 2130 3670 Ex
2168 3615 2233 3669 iis
2266 3615 2406 3669 enim
2436 3630 2553 3684 qua:
2580 3616 2632 3669 in
2662 3614 2808 3668 illum
2838 3614 3034 3669 fecerat
3053 3656 3066 3674 .
3097 3615 3455 3672 arbitrabatur
3484 3617 3631 3671 illum

2050 3707 2267 3762 omnino
2303 3706 2609 3760 meminisse
2648 3706 2906 3761 malorum
2937 3709 3343 3776 prteteritorutn.
3373 3709 3632 3775 Quoniam

2049 3799 2093 3853 si
2119 3813 2217 3869 ego
2238 3839 2254 3865 ,
2286 3799 2494 3868 inquit,
2529 3807 2672 3852 tanta
2715 3814 2892 3854 rerum
2931 3799 3155 3855 affluens
3192 3801 3342 3870 copia
3362 3844 3376 3863 ,
3407 3802 3537 3854 nihil
3567 3803 3635 3855 ab

2051 3891 2141 3944 illo
2169 3889 2327 3944 lzesus
2349 3930 2364 3954 ,
2395 3889 2528 3944 adeo
2568 3889 2786 3958 despexi
2828 3891 3096 3944 hominem
3138 3891 3187 3944 in
3221 3901 3298 3945 tot
3331 3894 3484 3946 malis
3509 3909 3634 3947 ver-

2050 3988 2280 4046 santem,
2307 3989 2365 4035 ut
2389 3996 2457 4036 ne
2482 3981 2647 4034 micas
2674 3979 2890 4050 quidem
2915 3981 3282 4051 impertierim,
3305 3993 3502 4052 quamn
3524 4000 3637 4040 ma-

2049 4072 2130 4141 gis
2167 4071 2256 4126 ille
2293 4071 2370 4126 sic
2412 4079 2780 4140 contemptus,
2822 4086 2926 4126 non
2965 4082 3163 4128 annuet
3193 4075 3392 4144 petenti
3430 4076 3634 4131 benefi-

2050 4164 2224 4219 cium?
2245 4163 2369 4219 llazc
2393 4179 2501 4218 non
2527 4172 2587 4218 ut
2610 4163 2868 4219 Lazarum
2894 4178 3223 4231 accusemus,
3245 4165 3473 4222 dicimus
3502 4185 3516 4222 :
3541 4184 3638 4223 ne-

2051 4271 2155 4327 que
2178 4257 2320 4311 enim
2350 4255 2452 4312 hoc
2479 4257 2656 4311 animo
2685 4256 2780 4310 fuit
2807 4255 3055 4322 Lazarus,
3085 4257 3221 4311 absit
3251 4275 3264 4310 :
3293 4257 3388 4312 sed
3417 4273 3633 4320 causam

2053 4349 2433 4414 indicavimus,
2465 4348 2588 4418 quid
2631 4347 2716 4402 hic
2750 4347 2953 4402 veritus
2987 4363 3092 4402 non
3129 4349 3428 4419 implorarit
3462 4351 3634 4420 ipsum

2051 4439 2328 4505 Lazarum,
2362 4440 2455 4494 sed
2487 4439 2662 4508 potius
2690 4438 2958 4494 Abraham
2995 4440 3310 4504 inclamarit,
3337 4457 3495 4512 quem
3523 4443 3635 4497 exi-.

2053 4531 2300 4586 stimabat
2328 4530 2534 4586 nescire
2561 4545 2680 4600 quae
2719 4529 2930 4586 fuerant
2953 4541 3091 4587 acta.
3124 4534 3296 4604 Atque
3322 4534 3470 4589 illius
3495 4535 3634 4604 digiq

2055 4630 2167 4677 tum
2215 4637 2354 4676 nunc
2399 4621 2750 4691 implorabat,
2798 4637 2952 4693 quem
3001 4624 3190 4679 crebro
3241 4640 3424 4692 passus
3464 4625 3635 4686 fuerat

2055 4712 2383 4782 circumlingi
2409 4727 2601 4768 canum
2628 4711 2839 4784 linguis.
2870 4713 3006 4782 Quid
3038 4715 3194 4784 igitur
3224 4715 3354 4770 ille?
3384 4715 3521 4780 Fili,
3549 4733 3623 4770 re.

2055 4803 2230 4874 cepisti
2266 4804 2395 4856 bona
2421 4812 2507 4856 tua
2536 4805 2588 4858 in
2611 4804 2714 4858 vita
2738 4805 2865 4876 tua(
2890 4803 2970 4858 Ib.
3000 4821 3048 4859 ιι.
3078 4804 3150 4861 25
3169 4807 3208 4876 ).
3236 4805 3365 4861 Vide
3392 4806 3632 4876 philosoo

2057 4895 2255 4965 phiam,
2281 4894 2403 4950 vide
2428 4895 2807 4954 humanitatem
2823 4897 2974 4968 justi.
2999 4897 3112 4954 Non
3143 4898 3298 4966 dixit,
3324 4899 3622 4968 inhumane,

2056 4985 2306 5052 crudelis,
2337 4987 2768 5056 sceleratissime,
2801 5005 2922 5044 cum
2951 4999 3055 5043 tam
3089 4991 3250 5044 multa
3279 4990 3413 5043 mala
3440 4990 3629 5045 intule.

2055 5079 2131 5135 ris
2159 5079 2382 5142 homini,
2415 5095 2554 5135 nunc
2581 5083 2901 5137 mentionem
2932 5081 3086 5136 nobis
3115 5081 3244 5136 facis
3269 5081 3631 5149 humanitatis,

2056 5170 2434 5226 misericordiae
2453 5211 2468 5237 ,
2502 5181 2556 5226 et
2583 5173 2786 5226 veniae?
2811 5170 2923 5226 Non
2952 5173 3111 5242 pudet
3136 5215 3152 5240 ,
3191 5187 3293 5228 non
3319 5173 3590 5228 erubescis
3607 5171 3634 5226 ?

2055 5261 2160 5317 Sed
2192 5262 2316 5333 quid
2354 5263 2517 5316 dicit?
2547 5261 2682 5327 Fili,
2723 5263 2913 5332 inquit,
2942 5265 3183 5332 recepisti
3206 5265 3334 5318 bona
3364 5275 3470 5319 tua.
3499 5265 3631 5322 Nam

2056 5353 2256 5417 animae,
2273 5353 2460 5422 inquit,
2491 5353 2696 5422 dejectte
2725 5369 2824 5406 non
2839 5353 2994 5408 addes
3005 5356 3427 5425 perturbationem
3445 5356 3629 5426 (Eccli.

2056 5444 2108 5498 4.
2133 5442 2167 5496 5
2189 5443 2226 5510 ).
2243 5441 2384 5496 Satis
2410 5452 2491 5496 est
2520 5442 2590 5496 illi
2619 5458 2744 5498 suus
2770 5443 3058 5512 cruciatus,
3077 5454 3136 5498 ut
3163 5461 3230 5500 ne
3251 5446 3391 5501 illius
3411 5447 3630 5502 calami-

2062 5543 2253 5588 .allDllS
2280 5533 2613 5587 msultemus.
2647 5535 2723 5588 Ac
2749 5549 2815 5588 ne
2844 5543 3073 5603 putares,
3103 5537 3242 5607 quod
3271 5553 3474 5594 memor
3499 5554 3632 5606 pra:-

2065 5624 2339 5681 teritorum
2390 5623 2648 5681 malorum
2695 5625 2918 5682 vetuerit
2965 5627 3112 5686 abire
3149 5628 3439 5700 Lazarum,
3468 5630 3630 5686 mium
