4046 6146
485 271 581 328 991

493 385 640 441 illum
667 387 899 457 appellat
927 387 1078 458 quasi
1117 403 1236 442 sese
1278 404 1343 442 ex
1389 389 1478 441 tali
1519 387 1869 457 appellatione
1907 401 2069 442 excu-

489 495 635 534 sans.
669 479 820 546 Quod
850 482 902 534 in
933 496 1050 535 mea
1078 522 1091 545 ,
1132 481 1333 551 inquit,
1374 489 1637 550 potestate
1679 488 1757 534 cst
1785 522 1798 546 ,
1828 477 2072 548 impertio

491 570 582 624 tibi
617 577 911 625 :czeterum
955 581 1014 625 ut
1057 571 1181 626 hinc
1228 571 1480 625 abeamus
1511 571 1636 624 illuc
1660 611 1675 636 ,
1705 585 1811 624 non
1849 580 1932 624 est
1961 569 2071 638 jam

490 669 686 712 nostra:
715 659 1004 714 facultatis.
1038 660 1282 731 Recepisti
1310 662 1437 714 bona
1460 671 1567 714 tua.
1590 660 1765 727 Quare
1789 674 1893 713 non
1919 659 2070 724 dixit,

487 748 697 817 cepisti,
729 749 824 802 sed
849 791 864 815 ,
892 751 1166 817 recepisti?
1197 750 1328 805 llinc
1360 749 1518 804 video
1549 765 1793 820 magnum
1823 747 2073 802 conside-

489 839 755 893 rationum
798 854 946 894 mare
976 839 1130 894 nobis
1171 841 1388 909 aperiri.
1431 839 1765 909 Quapropter
1789 854 1906 908 quae
1934 839 2072 893 dicta

487 937 613 982 sunt
637 943 842 984 summa
891 946 1020 986 cura
1067 940 1374 996 servantes,
1411 941 1515 986 tam
1559 947 1677 1002 qua:
1717 931 1873 986 hodie
1913 946 2071 1001 quam

487 1033 608 1086 quae
636 1034 805 1089 nuper
830 1019 1055 1076 disserta
1081 1030 1240 1090 sunt,
1268 1036 1478 1076 summo
1502 1037 1622 1076 cum
1649 1020 1824 1075 studio
1849 1035 2071 1089 repona-

490 1126 630 1178 mus,
658 1120 711 1165 et
735 1127 800 1167 ex
832 1114 895 1167 iis
921 1129 1038 1183 qua:
1067 1115 1213 1169 dicta
1245 1124 1370 1170 sunt
1391 1155 1405 1177 ,
1439 1114 1505 1169 ad
1535 1114 1795 1169 audienda
1816 1129 1934 1184 quae
1958 1121 2075 1182 post

487 1199 767 1268 dicentur,
799 1218 894 1259 vos
932 1205 1076 1274 ipsos
1107 1205 1278 1275 magis
1320 1205 1540 1260 idoneos
1581 1205 1804 1260 reddite.
1847 1206 1910 1258 Et
1951 1203 2073 1273 qui-

489 1293 608 1347 dem
636 1295 682 1348 si
728 1294 842 1350 fieri
889 1297 1089 1366 possit,
1122 1297 1279 1351 facite
1315 1307 1372 1352 ut
1399 1297 1634 1351 omnium
1681 1295 2068 1360 memineritis;

1201 275 1258 331 S.
1300 274 1577 330 JOANNIS
1616 271 2083 329 CHRYSOSTOMI
2116 273 2428 330 ARCIIIEP.
2469 272 3003 332 CONSTANTINOP.
3611 276 3691 332 992

2176 389 2314 456 quod
2341 389 2384 442 si
2425 389 2476 442 id
2524 388 2634 442 fieri
2680 404 2783 443 non
2834 394 3044 456 potest,
3076 385 3260 440 hortor
3299 397 3354 441 ut
3381 403 3470 457 pro
3493 394 3688 454 omnibus

2176 477 2302 531 illud
2327 486 2580 548 perpetuo
2608 477 2973 540 memineritis,
3002 473 3141 544 quod
3166 490 3271 530 non
3295 492 3504 547 erogare
3527 496 3688 552 paupe.

2175 567 2342 633 ribus,
2376 577 2458 622 est
2481 569 2718 638 rapinam
2743 570 2795 622 in
2826 567 2944 622 illos
2975 582 3248 633 exercere,
3273 567 3691 639 illorumquefrau.

2176 660 2304 714 dare
2333 659 2493 714 vitam
2528 677 2538 710 :
2579 658 2826 730 quodque
2870 674 2975 713 non
3022 667 3232 712 nostras
3254 699 3268 723 ,
3308 659 3398 713 sed
3427 660 3607 716 illorum
3629 681 3696 720 res

2177 749 2502 803 detinemus.
2531 748 2664 803 Nam
2691 750 2735 803 si
2763 750 2862 803 hoc
2888 748 3067 803 animo
3097 747 3346 802 fuerimus
3369 791 3385 814 ,
3411 751 3604 806 omnino
3625 769 3696 820 pe-

2177 841 2385 894 cuniam
2406 839 2760 904 effundemus,
2785 853 2846 894 ac
2866 837 3135 893 Christum
3157 838 3472 892 esurientem
3493 840 3566 893 hic
3583 843 3698 896 alen-

2179 939 2257 984 tes
2277 971 2292 995 ,
2323 929 2647 1000 multamque
2676 929 2828 984 nobis
2872 930 2982 984 illic
3008 928 3336 998 opulentiam
3369 931 3698 998 recondentes,

2179 1021 2469 1090 poterimus
2495 1019 2794 1075 futurorum
2824 1034 2942 1075 esse
2967 1028 3242 1089 compotes
3271 1019 3542 1086 bonorum,
3570 1024 3700 1090 gratia

2175 1127 2238 1166 ac
2275 1112 2597 1182 benignitate
2640 1111 2849 1166 Domini
2893 1113 3056 1167 nostri
3094 1111 3219 1167 Jesu
3255 1110 3485 1178 Christi,
3510 1115 3584 1168 cui
3608 1129 3701 1169 cum

2177 1203 2334 1258 Patre
2360 1212 2414 1258 et
2436 1202 2634 1273 Spiritu
2660 1213 2844 1257 sancto
2864 1203 3028 1272 gloria
3052 1244 3066 1268 ,
3094 1202 3288 1269 honor,
3321 1211 3574 1272 potestas,
3595 1221 3702 1262 nunc

2175 1303 2230 1349 et
2255 1309 2466 1364 semper
2487 1335 2502 1360 ,
2534 1303 2589 1349 et
2614 1295 2666 1348 in
2695 1294 2886 1348 saecula
2912 1294 3250 1348 saeculorum.
3299 1293 3483 1349 Amen.

663 1431 3701 1463 ——__—___—___—__———————I—..——___—n————___.

492 1538 576 1578 ne
621 1540 857 1585 LAZABO
902 1541 1127 1584 CONcm
1168 1542 1399 1584 TERTIA
1430 1521 1593 1606 1/11,
1619 1543 1698 1584 nr
1740 1541 1948 1593 QUARE
1991 1539 2115 1582 NON
2157 1540 2445 1594 DIXERIT,
2473 1539 2711 1583 CEPISTI
2754 1539 2915 1582 BONA
2958 1540 3082 1581 TDA
3128 1539 3191 1581 1N
3237 1539 3380 1581 VITA
3421 1540 3532 1582 τω
3561 1521 3702 1602 (Luc.

571 1624 667 1682 16.
712 1622 866 1704 25.)
929 1643 1084 1697 SED,
1130 1627 1419 1702 recepisti
1463 1645 1477 1684 :

569 1740 646 1780 EA
695 1739 1087 1784 reccuones
1135 1731 1542 1786 EFFUGIANT'.

1525 1643 1604 1684 ET
1659 1641 2054 1694 QUAMOBREM
2098 1639 2273 1684 JUSTI
2317 1638 2752 1683 SEPENUMERO
2797 1639 3098 1682 INCIDUNT
3141 1638 3204 1680 IN
3252 1638 3566 1695 PERICULA,
3604 1639 3704 1682 CUI

1881 1905 2286 1947 σγπτπππδ

557 2015 611 2067 1.
655 2013 1071 2085 Haudquaquam
1117 2017 1436 2072 mediocrem
1476 2020 1627 2074 nobis
1672 2019 1950 2076 utilitatem
1977 2030 2060 2076 at-

487 2105 605 2158 tulit
627 2105 694 2160 de
723 2105 926 2160 Lazaro
961 2107 1230 2176 parabola,
1265 2118 1374 2163 tum
1402 2109 1652 2164 divitibus
1678 2151 1690 2174 ,
1725 2120 1834 2164 tum
1866 2126 2064 2180 paupe-

485 2196 651 2264 ribus,
691 2206 748 2252 ut
783 2215 900 2268 qua:
925 2200 1021 2254 hos
1048 2200 1264 2270 quidem
1285 2201 1527 2257 docuerit
1552 2202 1702 2258 facile
1731 2202 1965 2272 perferre
1985 2205 2064 2258 in-

485 2289 682 2355 opiam,
709 2289 824 2344 illos
849 2306 977 2347 vero
999 2308 1104 2348 non
1126 2309 1281 2363 passa
1303 2295 1373 2348 sit
1399 2294 1597 2363 efferri,
1626 2296 1831 2367 sibique
1859 2296 2066 2366 placere

485 2379 556 2434 ob
583 2380 792 2438 divitias
813 2425 826 2448 ,
861 2400 981 2440 cum
1013 2401 1078 2440 ex
1118 2387 1246 2456 ipsis
1288 2388 1445 2444 rebus
1473 2389 1883 2456 demonstrarit,
1916 2391 2065 2446 illum

486 2471 723 2526 omnium
749 2488 867 2530 esse
892 2476 1124 2532 maxime
1148 2477 1505 2534 miserabilem
1526 2521 1541 2548 ,
1574 2481 1662 2550 qui
1689 2481 1850 2536 vitam
1882 2482 1989 2552 agit
2014 2483 2066 2537 in

487 2561 723 2630 deliciis,
764 2567 893 2621 nulli
921 2583 1015 2623 sua
1056 2569 1194 2626 bona
1233 2573 1651 2627 communicans.
1690 2574 1802 2643 Age
1833 2573 1990 2644 igitur
2015 2582 2068 2629 et

489 2653 648 2711 hodie
684 2656 860 2714 denuo
890 2668 1180 2718 tractemus
1212 2663 1353 2718 idem
1391 2672 1761 2735 argumentum
1782 2706 1797 2732 ,
1826 2665 2067 2735 quando-

488 2746 815 2819 quidemqui
839 2750 893 2804 in
919 2752 1146 2807 metallis
1171 2764 1482 2823 operantur,
1507 2756 1822 2826 ubicumque
1842 2756 2070 2811 viderint

490 2837 682 2892 multas
706 2841 819 2895 auri
844 2857 1028 2909 venas,
1058 2844 1162 2900 illic
1192 2845 1396 2902 fodiunt
1421 2848 1614 2914 acrius,
1637 2863 1736 2905 nec
1761 2849 1908 2920 prius
1928 2849 2071 2905 absi-

492 2935 658 2993 stunt,
683 2943 842 2999 quam
874 2939 1041 2988 totum
1069 2936 1206 3004 quod
1234 2939 1458 3008 reperiri
1485 2941 1674 3010 putuit,
1707 2940 2070 2997 exhauserint.

483 3019 791 3082 Redeamus
814 3025 971 3094 igitur
993 3027 1138 3097 illuc,
1164 3029 1249 3084 ubi
1277 3047 1579 3088 sermonem
1601 3050 1767 3104 nuper
1784 3036 2069 3100 finivimus,

491 3121 549 3167 ut
590 3113 733 3170 illinc
774 3119 1022 3174 eumdem
1071 3122 1449 3179 instauremus.
1501 3126 1813 3182 Poteramus
1856 3128 2070 3198 quidem

495 3205 654 3261 unius
684 3207 789 3264 diei
820 3225 982 3280 opera
1005 3215 1155 3269 vobis
1184 3224 1348 3270 totam
1379 3217 1513 3271 hanc
1542 3218 1829 3286 explanare
1854 3221 2075 3289 parabo-

491 3297 595 3352 lam
631 3315 644 3352 :
675 3316 860 3356 verum
894 3319 999 3359 non
1025 3305 1127 3362 hoc
1153 3309 1374 3377 agimus,
1404 3320 1460 3364 ttt
1485 3311 1650 3367 multa
1679 3312 1884 3383 loquuti
1911 3314 2075 3370 disce-

490 3389 711 3457 damus,
742 3393 838 3448 sed
868 3403 926 3448 ut
954 3411 1049 3451 vos
1074 3396 1356 3468 diligenter
1393 3403 1655 3472 acceptis,
1683 3404 1969 3472 animoque
1995 3406 2076 3459 iu-

493 3479 611 3536 tixis
633 3497 750 3553 quae
770 3483 910 3539 dicta
935 3495 1078 3554 sunt,
1106 3503 1169 3541 ex
1198 3489 1296 3544 ista
1322 3492 1559 3546 custodia
1583 3493 1823 3548 sentiatis
1843 3492 2072 3549 fructum

489 3573 719 3642 aliquem
745 3577 1060 3644 spiritalem.
1084 3578 1216 3633 Nam
1240 3587 1294 3635 et
1321 3591 1492 3636 mater
1523 3583 1683 3653 prolis
1709 3599 1914 3652 amans,
1945 3585 2072 3640 dum

490 3676 645 3716 suum
692 3664 949 3720 infantem
999 3668 1283 3724 lactentem
1328 3681 1479 3741 parat
1519 3675 1586 3728 ad
1625 3675 1854 3730 solidum
1895 3677 2072 3732 cibum

490 3753 792 3818 adducere,
826 3757 871 3810 si
911 3757 1072 3812 simul
1101 3760 1324 3815 multum
1365 3764 1496 3818 meri
1538 3765 1778 3821 infundat
1803 3767 1912 3834 ori,
1942 3769 2074 3824 nihil

488 3843 709 3916 prodest
742 3845 961 3913 infanti,
991 3849 1304 3907 refundente
1330 3869 1496 3923 puero
1525 3856 1667 3926 quod
1695 3857 1869 3927 datur,
1900 3873 1962 3914 ac
1993 3869 2074 3914 tu-

491 3937 742 4002 niculam,
776 3954 877 4008 qua
911 3950 1095 4009 pectus
1125 3943 1320 4013 tegitur
1340 3985 1354 4011 ,
1381 3945 1652 4016 irrigante.
1683 3949 1836 4014 Quod
1866 3951 1910 4004 si
1946 3965 2074 4005 sen-

489 4028 590 4082 sim
621 4043 685 4084 ac
729 4031 981 4100 paulatim
1017 4031 1291 4100 infundat,
1329 4049 1460 4104 puer
1493 4038 1634 4107 quod
1674 4039 1923 4094 traditum
1948 4048 2030 4095 est
2053 4082 2070 4109 ,

486 4119 689 4189 absque
719 4122 961 4177 molestia
988 4125 1319 4180 transmittit.
1347 4126 1578 4183 Proinde
1605 4144 1672 4184 ne
1701 4130 1851 4185 vobis
1889 4131 2072 4187 itidem

488 4211 633 4280 quod
662 4213 910 4270 traditum
958 4215 1154 4282 fuerit,
1200 4217 1385 4273 effluat
1416 4238 1429 4272 :
1462 4236 1569 4275 non
1613 4222 1891 4278 confertim
1923 4226 2072 4281 vobis

489 4304 858 4360 inclinavimus
894 4307 1148 4363 doctrinae
1186 4311 1432 4378 poculum
1454 4353 1468 4378 ,
1494 4313 1589 4368 sed
1629 4313 1682 4368 in
1719 4315 1836 4370 dies
1874 4317 2072 4388 aliquot

485 4395 665 4466 partiti
695 4411 902 4464 sumus,
929 4400 1070 4468 passi
1096 4400 1246 4456 vobis
1272 4402 1485 4458 interim
1512 4403 1659 4460 hisce
1691 4405 1878 4461 diebus
1907 4408 2074 4464 inter-

484 4489 764 4558 quiescere
791 4490 860 4545 ab
903 4492 1150 4547 audiendi
1202 4494 1384 4551 labore
1407 4537 1422 4560 ,
1449 4511 1557 4566 quo
1593 4497 1750 4552 simul
1779 4507 1832 4554 et
1860 4515 1922 4555 ea
1953 4517 2071 4572 qua:

484 4578 850 4648 deposuimus,
883 4582 962 4637 sic
991 4583 1274 4653 infigantur
1297 4587 1478 4642 animo
1503 4598 1696 4644 vestrae
1723 4590 1982 4661 caritatis,
2014 4604 2071 4649 ut

483 4670 733 4725 excidere
770 4688 876 4727 non
904 4675 1151 4742 possint,
1182 4683 1236 4730 et
1275 4692 1335 4732 ea
1362 4693 1480 4748 quae
1508 4677 1751 4735 dicentur
1776 4682 1974 4739 sedatis
2006 4700 2070 4742 ac

483 4764 684 4832 vegetis
710 4763 980 4818 mentibus
1007 4766 1304 4836 excipiatis.
1336 4767 1520 4837 quue
1547 4770 1736 4827 crebro
1757 4773 1906 4829 vobis
1926 4791 2068 4844 prte-

481 4854 710 4910 dicimus
727 4857 907 4912 multis
923 4865 1048 4912 ante
1063 4858 1250 4914 diebus
1266 4871 1634 4930 argumentum
1656 4863 1724 4920 de
1763 4880 1868 4935 quo
1884 4882 2069 4924 sumus

481 4947 782 5017 loquuturi,
809 4958 866 5004 ut
894 4949 976 5004 his
999 4951 1050 5004 in
1079 4951 1255 5006 medio
1281 4951 1467 5008 diebus
1501 4965 1715 5024 sumpto
1740 4957 1874 5012 libro
1897 5000 1912 5026 ,
1940 4975 2068 5030 per-

482 5053 752 5110 pensaque
776 5041 852 5095 rei
893 5055 1098 5095 summa
1141 5052 1248 5097 tota
1269 5085 1284 5108 ,
1313 5054 1658 5115 posteaquam
1700 5047 2067 5106 intellexeritis

481 5131 607 5199 quid
644 5132 843 5187 dictum
872 5133 978 5201 sit,
1006 5134 1133 5204 quid
1179 5145 1343 5190 restet
1370 5137 1654 5193 dicendum
1681 5180 1694 5204 ,
1724 5151 1955 5195 mentem
1981 5158 2070 5196 ve-

481 5233 647 5278 stram
679 5225 1075 5282 instructiorem
1115 5227 1350 5284 reddatis
1391 5228 1460 5284 ad
1501 5230 1763 5286 audienda
1803 5246 1922 5302 quae
1949 5241 2069 5302 post

480 5315 828 5373 dissereutur.

556 5408 801 5466 Hortatur
824 5413 893 5466 ad
908 5413 1167 5469 lectionem
1189 5431 1448 5469 sacrorum
1469 5415 1801 5470 voluminum.
1823 5447 1890 5457 —
1907 5417 2066 5488 quue

477 5648 774 5762 ⁵6ἱεῖοιιαιει
804 5663 914 5701 cum
931 5657 1039 5702 uss.
1061 5654 1220 5716 Regiis
1247 5653 1382 5719 1819,
1410 5655 1548 5719 1900,
1576 5657 1697 5708 1963
1717 5665 1766 5710 et
1793 5658 2066 5711 Colbcnjno

2173 2036 2386 2092 semper
2415 2021 2600 2076 hortor
2639 2031 2694 2077 et
2732 2021 2930 2076 hortari
2978 2036 3084 2076 non
3125 2020 3402 2089 desinam,
3429 2033 3481 2076 ut
3529 2037 3619 2077 non
3644 2021 3710 2077 hic

2175 2121 2372 2168 tantum
2401 2113 2684 2168 attendatis
2715 2114 2778 2167 iis
2797 2129 2915 2183 quae
2935 2113 3205 2179 dicuntur,
3237 2127 3417 2168 verum
3443 2113 3584 2168 etiam
3615 2127 3710 2167 cum

2173 2203 2324 2258 domi
2369 2202 2608 2268 fueritis,
2660 2203 2871 2258 assidue
2910 2203 3209 2258 divinarum
3251 2203 3611 2272 Scripturarum
3651 2201 3711 2255 le-

2169 2295 2334 2349 ctioni
2376 2295 2598 2349 vacetis.
2655 2292 2808 2359 Quod
2884 2293 3097 2363 quidem
3147 2301 3204 2349 et
3255 2293 3318 2348 iis
3378 2294 3462 2362 qui
3508 2291 3711 2362 privatim

2173 2402 2382 2442 mecum
2430 2385 2699 2456 congressi
2729 2393 2854 2441 sunt
2877 2401 2982 2440 non
3026 2384 3205 2440 destiti
3257 2384 3528 2439 inculcare.
3566 2383 3713 2452 Neque

2172 2495 2301 2536 vero
2327 2479 2452 2534 mihi
2480 2479 2756 2548 quisquam
2786 2477 3019 2547 proferat
3061 2477 3259 2547 frigida
3304 2477 3390 2531 illa
3437 2477 3585 2531 verba
3621 2476 3711 2544 pla-

2177 2572 2812 2642 nequedamnandazego
2829 2567 3129 2624 forensibus
3158 2568 3338 2623 causis
3370 2566 3548 2621 afﬁxus
3589 2580 3711 2628 sum,

2176 2661 2388 2730 publica
2443 2675 2572 2730 gero
2620 2661 2868 2730 negotia,
2910 2658 3190 2713 artificium
3235 2671 3483 2722 exerceo,
3532 2670 3714 2710 uxorem

2176 2753 2370 2820 habeo,
2398 2753 2484 2807 alo
2524 2753 2719 2808 liberos
2739 2795 2753 2818 ,
2781 2752 2996 2808 familiae
3021 2766 3204 2806 curam
3239 2765 3366 2822 gero
3389 2791 3405 2816 ,
3460 2749 3717 2804 mundanus

2179 2845 2340 2900 homo
2369 2860 2486 2901 sum
2509 2887 2523 2910 ,
2558 2860 2664 2901 non
2716 2856 2798 2901 est
2841 2860 3019 2900 meum
3073 2845 3256 2914 legere
3298 2843 3611 2912 Scripturas,
3641 2839 3717 2894 sed

2177 2953 2361 2994 eorum
2403 2939 2492 3009 qui
2518 2937 2720 2992 mundo
2748 2937 2997 2993 dixerunt
3023 2937 3145 2992 vale
3167 2977 3181 3002 ,
3215 2935 3310 3007 qui
3354 2935 3592 2990 montium
3619 2947 3718 2985 vero

2179 3032 2312 3087 tices
2355 3040 2701 3101 occuparunt,
2752 3033 2842 3102 qui
2895 3033 3056 3086 vitam
3107 3030 3377 3101 ejusmodi
3426 3029 3720 3083 continenter

2178 3132 2361 3194 agunt.
2387 3123 2522 3191 Quid
2541 3124 2860 3188 ais,homo?
2886 3123 2998 3180 Non
3031 3131 3115 3178 est
3144 3124 3220 3177 tui
3247 3122 3438 3192 negatii
3467 3121 3720 3188 Scripturas

2177 3218 2423 3272 evolvere
2442 3257 2458 3282 ,
2486 3216 2738 3285 quoniam
2765 3215 3063 3270 innumeris
3087 3214 3236 3269 curis
3281 3210 3608 3269 distraheris?
3633 3208 3722 3262 lino

2180 3316 2325 3362 tuum
2353 3309 2522 3378 magis
2548 3317 2802 3378 estquam
2831 3308 3063 3363 illorum.
3083 3307 3273 3377 Neque
3295 3307 3432 3362 enim
3459 3305 3525 3359 illi
3543 3300 3724 3373 perinde

2183 3395 2581 3471 Scripturarum
2630 3406 2789 3469 egent
2831 3398 3108 3468 prtesidio,
3141 3405 3307 3468 atque
3354 3410 3450 3450 vos
3493 3396 3540 3449 in
3567 3390 3724 3447 mediis

2179 3490 2513 3559 negotiorum
2565 3490 2720 3544 undis
2765 3490 2969 3560 jactati.
3017 3489 3148 3544 Nam
3204 3487 3450 3544 monachi
3487 3485 3672 3556 quidem
3700 3495 3724 3534 a

2179 3580 2296 3636 foro
2327 3583 2732 3653 forensibusque
2763 3582 2988 3653 negotiis
3011 3581 3196 3649 liberi,
3223 3582 3419 3652 quique
3461 3581 3508 3633 iu
3548 3577 3725 3632 deserto

2179 3671 2346 3727 fixere
2384 3673 2679 3742 tuguriola,
2708 3688 2879 3743 neque
2923 3688 3043 3726 cum
3070 3687 3342 3742 quoquam
3387 3671 3570 3725 habent
3607 3679 3724 3721 com-

2180 3763 2439 3818 mercium
2459 3805 2474 3829 ,
2503 3763 2595 3819 sed
2628 3764 2680 3818 in
2719 3764 2810 3818 illa
2837 3764 3014 3834 quieta
3046 3763 3429 3832 tranquillitate
3468 3774 3580 3814 cum
3605 3754 3724 3810 omni

2178 3855 2462 3910 securitate
2486 3854 2946 3924 philosophantur,
2971 3869 3036 3909 ac
3060 3853 3202 3908 velut
3231 3853 3286 3908 in
3319 3861 3468 3923 portu
3493 3848 3723 3909 sedentes,

2179 3947 2340 4002 rebus
2366 3946 2711 4002 vehementer
2739 3947 2866 4000 tutis
2893 3945 3167 4000 fruuntur:
3191 3960 3296 4000 nos
3332 3951 3511 4000 contra
3537 3938 3663 3994 velut
3684 3936 3725 3988 in

2178 4038 2356 4093 medio
2385 4039 2519 4092 mari
2565 4038 2912 4103 fluctuantes,
2941 4036 3342 4106 innumerisque
3361 4077 3377 4101 ,
3405 4034 3613 4088 velimus
3649 4042 3727 4081 no-

2179 4129 2370 4194 limus,
2421 4129 2653 4199 peccatis
2719 4128 2998 4195 obstricti,
3040 4141 3258 4196 semper
3313 4141 3447 4196 opus
3501 4122 3724 4176 habemus

2177 4231 2435 4293 perpetuo
2485 4221 2700 4292 jugique
2746 4221 3136 4291 Scripturarum
3185 4220 3400 4274 solatio.
3447 4218 3517 4272 llli
3570 4214 3727 4270 sedent

2179 4314 2361 4384 procul
2382 4329 2412 4367 a
2428 4313 2696 4379 conﬂictu,
2725 4329 2897 4384 eoque
2921 4329 3020 4368 nec
3040 4311 3311 4383 accipiunt
3333 4313 3489 4367 multa
3506 4308 3723 4362 vulnera:

2179 4407 2272 4460 tibi
2298 4421 2424 4462 vero
2443 4448 2458 4474 ,
2481 4407 2604 4476 quia
2633 4415 2891 4476 perpetuo
2921 4413 3030 4459 stas
3061 4403 3113 4458 in
3142 4405 3259 4459 acie
3279 4445 3294 4470 ,
3320 4404 3438 4473 quia
3462 4402 3728 4469 frequentes

2176 4498 2374 4569 accipis
2405 4499 2589 4570 plagas
2609 4539 2624 4564 ,
2656 4497 2858 4553 idcirco
2895 4496 3066 4567 magis
3106 4511 3240 4567 opus
3269 4505 3352 4551 est
3394 4492 3657 4552 remediis,
3683 4494 3726 4539 ut

2173 4605 2330 4659 quem
2355 4598 2410 4645 et
2437 4605 2572 4644 uxor
2599 4597 2889 4659 provocat,
2919 4596 2974 4644 et
2997 4588 3134 4642 filius
3161 4589 3473 4652 contristat,
3509 4595 3653 4653 atque.
3673 4577 3726 4631 ad

2177 4681 2308 4734 iram
2338 4688 2659 4747 commovet,
2692 4688 2747 4734 et
2774 4679 3054 4733 insidiatur
3077 4678 3246 4733 hostis
3267 4720 3280 4744 ,
3313 4686 3367 4732 et
3389 4675 3578 4730 invidet
3613 4670 3725 4725 ami-

2174 4787 2300 4840 cus,
2333 4782 2387 4828 et
2426 4773 2630 4828 vicinus
2666 4773 2976 4836 insectatur,
3005 4781 3059 4827 et
3086 4772 3380 4826 commilito
3423 4767 3725 4838 supplantat.

2174 4863 2480 4935 frequenter
2497 4873 2552 4920 et
2574 4860 2735 4934 judex
2762 4864 3012 4929 minatur,
3031 4872 3084 4918 et
3104 4872 3387 4932 paupertas
3407 4872 3487 4916 est
3511 4857 3723 4916 molesta,

2173 4969 2222 5011 et
2246 4955 2661 5011 domesticorum
2699 4955 2918 5010 amissio
2966 4955 3164 5009 luctum
3194 4953 3386 5019 affert,
3411 4962 3465 5007 et
3491 4947 3725 5022 prosperi-

2175 5057 2255 5102 tas
2278 5049 2448 5114 inflat,
2483 5047 2776 5102 adversitas
2803 5045 3088 5100 contrahit.
3118 5045 3357 5100 Breviter
3385 5043 3522 5097 varia
3541 5041 3726 5094 iracun-

2175 5139 2297 5205 ditc,
2323 5140 2469 5194 varia
2502 5153 2770 5205 curarum,
2799 5139 2946 5192 varia
2985 5137 3402 5208 perturbationis
3440 5150 3502 5189 ac
3551 5143 3722 5185 mcero-

2174 5231 2279 5298 ris,
2303 5231 2446 5284 varia
2472 5230 2760 5300 jactantite,
2785 5229 2929 5283 varia
2961 5229 3205 5295 tumoris,
3235 5237 3343 5282 tum
3371 5225 3603 5287 occasio,
3631 5231 3724 5274 tum

2170 5324 2462 5378 necessitas
2507 5337 2603 5378 nos
2649 5321 2999 5392 undequaque
3029 5322 3420 5385 circumvallat,
3454 5319 3724 5372 innumera.

2143 5431 2275 5486 que
2311 5429 2378 5468 ex
2424 5414 2570 5469 omni
2617 5423 2767 5484 parte
2796 5413 2896 5468 tela
2943 5412 3197 5467 volitant:
3227 5411 3366 5466 unde
3413 5421 3620 5464 necesse
3656 5411 3722 5455 cst

2174 5507 2538 5563 indesinenter
2552 5521 2582 5560 a
2601 5506 2888 5577 Scripturis
2904 5515 3228 5559 armaturam
3255 5517 3485 5557 sumere.
3509 5502 3720 5568 Agnosce

2173 5599 2368 5670 igitur,
2423 5599 2628 5668 inquit,
2657 5598 2796 5669 quod
2847 5597 2901 5652 in
2948 5597 3125 5652 medio
3171 5597 3473 5666 laqueorum
3512 5584 3716 5647 incedis,

2169 5691 2417 5764 quodque
2442 5691 2495 5748 in
2518 5691 2815 5763 pinnaculis
2851 5690 3076 5748 civitatis
3097 5685 3334 5746 ambulas
3363 5681 3526 5758 (Eccl.
3553 5678 3600 5737 9.
3619 5673 3717 5742 ω»
