  <div class='ocr_page' id='page_1' title='image "/cluster/home/n/w/nwhite01/storage/ocr_20150623/48/mdp.39015032114640/472.png"; bbox 0 0 4046 6146; ppageno 0'>
   <div class='ocr_carea' id='block_1_1' title="bbox 326 263 424 321">
    <p class='ocr_par' dir='ltr' id='par_1_1' title="bbox 326 263 424 321">
     <span class='ocr_line' id='line_1_1' title="bbox 326 263 424 321; baseline 0.01 -2"><span class='ocrx_word' id='word_1_1' title='bbox 326 263 424 321; x_wconf 79' lang='grc'>991</span> 
     </span>
    </p>
   </div>
   <div class='ocr_carea' id='block_1_2' title="bbox 326 376 1907 464">
    <p class='ocr_par' dir='ltr' id='par_1_2' title="bbox 326 376 1907 464">
     <span class='ocr_line' id='line_1_2' title="bbox 326 376 1907 464; baseline 0.008 -30"><span class='ocrx_word' id='word_1_2' title='bbox 326 376 515 434; x_wconf 75' lang='grc' dir='ltr'>τέκνον</span> <span class='ocrx_word' id='word_1_3' title='bbox 550 376 918 464; x_wconf 21' lang='grc' dir='ltr'>αύτδνᾼκαλεῖ,</span> <span class='ocrx_word' id='word_1_4' title='bbox 964 383 1250 464; x_wconf 28' lang='grc' dir='ltr'>μονονοὺχμ</span> <span class='ocrx_word' id='word_1_5' title='bbox 1267 383 1410 456; x_wconf 80' lang='grc' dir='ltr'>ὑπὲρ</span> <span class='ocrx_word' id='word_1_6' title='bbox 1448 387 1643 442; x_wconf 86' lang='grc' dir='ltr'>ἐαυτοῦ</span> <span class='ocrx_word' id='word_1_7' title='bbox 1675 390 1767 445; x_wconf 83' lang='grc' dir='ltr'>διὰ</span> <span class='ocrx_word' id='word_1_8' title='bbox 1805 393 1907 464; x_wconf 87' lang='grc' dir='ltr'>τῆς</span> 
     </span>
    </p>
   </div>
   <div class='ocr_carea' id='block_1_3' title="bbox 322 460 1904 545">
    <p class='ocr_par' dir='ltr' id='par_1_3' title="bbox 322 460 1904 545">
     <span class='ocr_line' id='line_1_3' title="bbox 322 460 1904 545; baseline 0.009 -32"><span class='ocrx_word' id='word_1_9' title='bbox 322 460 696 545; x_wconf 76' lang='grc' dir='ltr'>προσηγορίας</span> <span class='ocrx_word' id='word_1_10' title='bbox 709 462 1161 533; x_wconf 82' lang='grc' dir='ltr'>ἀπολογούμενος.</span> <span class='ocrx_word' id='word_1_11' title='bbox 1181 461 1255 521; x_wconf 74' lang='grc' dir='ltr'>Οὗ</span> <span class='ocrx_word' id='word_1_12' title='bbox 1267 466 1456 536; x_wconf 88' lang='grc' dir='ltr'>κύριός</span> <span class='ocrx_word' id='word_1_13' title='bbox 1470 471 1610 540; x_wconf 90' lang='grc' dir='ltr'>εἰμι,</span> <span class='ocrx_word' id='word_1_14' title='bbox 1628 472 1732 538; x_wconf 78' lang='grc' dir='ltr'>σοὶ,</span> <span class='ocrx_word' id='word_1_15' title='bbox 1751 460 1904 545; x_wconf 64' lang='grc' dir='ltr'>φησί,</span> 
     </span>
    </p>
   </div>
   <div class='ocr_carea' id='block_1_4' title="bbox 324 543 1908 615">
    <p class='ocr_par' dir='ltr' id='par_1_4' title="bbox 324 543 1908 615">
     <span class='ocr_line' id='line_1_4' title="bbox 324 543 1908 615; baseline 0.009 -20"><span class='ocrx_word' id='word_1_16' title='bbox 324 543 654 615; x_wconf 89' lang='grc' dir='ltr'>μεταδίδωμι</span> <span class='ocrx_word' id='word_1_17' title='bbox 679 560 694 574; x_wconf 74' lang='grc' dir='ltr'>ο</span> <span class='ocrx_word' id='word_1_18' title='bbox 733 545 795 598; x_wconf 86' lang='grc' dir='ltr'>τὸ</span> <span class='ocrx_word' id='word_1_19' title='bbox 820 546 878 600; x_wconf 84' lang='grc' dir='ltr'>δὲ</span> <span class='ocrx_word' id='word_1_20' title='bbox 906 546 1156 602; x_wconf 86' lang='grc' dir='ltr'>ἐντεῦθεν</span> <span class='ocrx_word' id='word_1_21' title='bbox 1190 548 1446 604; x_wconf 83' lang='grc' dir='ltr'>ἀπελθεῖν</span> <span class='ocrx_word' id='word_1_22' title='bbox 1485 554 1603 607; x_wconf 83' lang='grc' dir='ltr'>ἐκεῖ</span> <span class='ocrx_word' id='word_1_23' title='bbox 1635 555 1735 608; x_wconf 80' lang='grc' dir='ltr'>οὐκ</span> <span class='ocrx_word' id='word_1_24' title='bbox 1762 543 1908 610; x_wconf 78' lang='grc' dir='ltr'>ἐστιν</span> 
     </span>
    </p>
   </div>
   <div class='ocr_carea' id='block_1_5' title="bbox 319 626 1910 704">
    <p class='ocr_par' dir='ltr' id='par_1_5' title="bbox 319 626 1910 704">
     <span class='ocr_line' id='line_1_5' title="bbox 319 626 1910 704; baseline 0.009 -24"><span class='ocrx_word' id='word_1_25' title='bbox 319 626 591 699; x_wconf 72' lang='grc' dir='ltr'>ἡμέτερον</span> <span class='ocrx_word' id='word_1_26' title='bbox 617 627 823 683; x_wconf 90' lang='grc' dir='ltr'>λοιπόν.</span> <span class='ocrx_word' id='word_1_27' title='bbox 859 629 1187 699; x_wconf 73' lang='grc' dir='ltr'>Ἀπέλαϐες</span> <span class='ocrx_word' id='word_1_28' title='bbox 1216 633 1289 687; x_wconf 86' lang='grc' dir='ltr'>τὰ</span> <span class='ocrx_word' id='word_1_29' title='bbox 1309 633 1502 704; x_wconf 70' lang='grc' dir='ltr'>ἀγαθά</span> <span class='ocrx_word' id='word_1_30' title='bbox 1521 649 1659 692; x_wconf 85' lang='grc' dir='ltr'>σου.</span> <span class='ocrx_word' id='word_1_31' title='bbox 1686 639 1795 693; x_wconf 77' lang='grc' dir='ltr'>Καὶ</span> <span class='ocrx_word' id='word_1_32' title='bbox 1821 639 1910 694; x_wconf 82' lang='grc' dir='ltr'>διὰ</span> 
     </span>
    </p>
   </div>
   <div class='ocr_carea' id='block_1_6' title="bbox 316 706 1909 793">
    <p class='ocr_par' dir='ltr' id='par_1_6' title="bbox 316 706 1909 793">
     <span class='ocr_line' id='line_1_6' title="bbox 316 706 1909 793; baseline 0.008 -29"><span class='ocrx_word' id='word_1_33' title='bbox 316 709 373 764; x_wconf 85' lang='grc' dir='ltr'>τί</span> <span class='ocrx_word' id='word_1_34' title='bbox 395 710 496 764; x_wconf 80' lang='grc' dir='ltr'>οὐκ</span> <span class='ocrx_word' id='word_1_35' title='bbox 511 706 687 778; x_wconf 80' lang='grc' dir='ltr'>εἷπεν,</span> <span class='ocrx_word' id='word_1_36' title='bbox 717 711 931 776; x_wconf 74' lang='grc' dir='ltr'>ἔλαϐες,</span> <span class='ocrx_word' id='word_1_37' title='bbox 953 713 1105 779; x_wconf 81' lang='grc' dir='ltr'>ἀλλὰ,</span> <span class='ocrx_word' id='word_1_38' title='bbox 1140 714 1440 782; x_wconf 81' lang='grc' dir='ltr'>ἀπέλαϐες</span> <span class='ocrx_word' id='word_1_39' title='bbox 1454 736 1475 784; x_wconf 86' lang='grc'><em>;</em></span> <span class='ocrx_word' id='word_1_40' title='bbox 1490 718 1632 773; x_wconf 81' lang='grc' dir='ltr'>Πολὺ</span> <span class='ocrx_word' id='word_1_41' title='bbox 1649 719 1797 793; x_wconf 78' lang='grc'>[756]</span> <span class='ocrx_word' id='word_1_42' title='bbox 1813 721 1909 776; x_wconf 87' lang='grc' dir='ltr'>πέ-</span> 
     </span>
    </p>
   </div>
   <div class='ocr_carea' id='block_1_7' title="bbox 318 792 1905 876">
    <p class='ocr_par' dir='ltr' id='par_1_7' title="bbox 318 792 1905 876">
     <span class='ocr_line' id='line_1_7' title="bbox 318 792 1905 876; baseline 0.01 -30"><span class='ocrx_word' id='word_1_43' title='bbox 318 792 483 862; x_wconf 88' lang='grc' dir='ltr'>λαγος</span> <span class='ocrx_word' id='word_1_44' title='bbox 533 793 783 851; x_wconf 86' lang='grc' dir='ltr'>ἐντεῦθεν</span> <span class='ocrx_word' id='word_1_45' title='bbox 842 798 974 868; x_wconf 81' lang='grc' dir='ltr'>ἡμῖν</span> <span class='ocrx_word' id='word_1_46' title='bbox 1024 799 1314 871; x_wconf 84' lang='grc' dir='ltr'>νοημάτων</span> <span class='ocrx_word' id='word_1_47' title='bbox 1360 801 1472 873; x_wconf 84' lang='grc' dir='ltr'>ὁρῶ</span> <span class='ocrx_word' id='word_1_48' title='bbox 1531 792 1905 876; x_wconf 78' lang='grc' dir='ltr'>ἀνοιγόμενον.</span> 
     </span>
    </p>
   </div>
   <div class='ocr_carea' id='block_1_8' title="bbox 316 878 1907 958">
    <p class='ocr_par' dir='ltr' id='par_1_8' title="bbox 316 878 1907 958">
     <span class='ocr_line' id='line_1_8' title="bbox 316 878 1907 958; baseline 0.007 -25"><span class='ocrx_word' id='word_1_49' title='bbox 316 878 409 933; x_wconf 74' lang='grc' dir='ltr'>Διὸ</span> <span class='ocrx_word' id='word_1_50' title='bbox 431 878 496 951; x_wconf 79' lang='grc' dir='ltr'>δὴ</span> <span class='ocrx_word' id='word_1_51' title='bbox 518 880 698 935; x_wconf 87' lang='grc' dir='ltr'>πάντα</span> <span class='ocrx_word' id='word_1_52' title='bbox 727 879 799 935; x_wconf 84' lang='grc' dir='ltr'>τὰ</span> <span class='ocrx_word' id='word_1_53' title='bbox 837 882 1103 954; x_wconf 76' lang='grc' dir='ltr'>εἰρημένα</span> <span class='ocrx_word' id='word_1_54' title='bbox 1138 884 1279 955; x_wconf 82' lang='grc' dir='ltr'>μετὰ</span> <span class='ocrx_word' id='word_1_55' title='bbox 1311 886 1598 957; x_wconf 87' lang='grc' dir='ltr'>ἀκριϐείας</span> <span class='ocrx_word' id='word_1_56' title='bbox 1635 880 1907 958; x_wconf 77' lang='grc' dir='ltr'>φυλάξαν-</span> 
     </span>
    </p>
   </div>
   <div class='ocr_carea' id='block_1_9' title="bbox 313 962 1904 1042">
    <p class='ocr_par' dir='ltr' id='par_1_9' title="bbox 313 962 1904 1042">
     <span class='ocr_line' id='line_1_9' title="bbox 313 962 1904 1042; baseline 0.008 -27"><span class='ocrx_word' id='word_1_57' title='bbox 313 979 428 1027; x_wconf 90' lang='grc' dir='ltr'>τες,</span> <span class='ocrx_word' id='word_1_58' title='bbox 461 962 532 1017; x_wconf 90' lang='grc' dir='ltr'>τά</span> <span class='ocrx_word' id='word_1_59' title='bbox 549 979 610 1015; x_wconf 86' lang='grc' dir='ltr'>τε</span> <span class='ocrx_word' id='word_1_60' title='bbox 640 962 759 1027; x_wconf 90' lang='grc' dir='ltr'>νῦν,</span> <span class='ocrx_word' id='word_1_61' title='bbox 783 964 854 1018; x_wconf 88' lang='grc' dir='ltr'>τά</span> <span class='ocrx_word' id='word_1_62' title='bbox 884 981 946 1017; x_wconf 92' lang='grc' dir='ltr'>τε</span> <span class='ocrx_word' id='word_1_63' title='bbox 990 964 1182 1037; x_wconf 87' lang='grc' dir='ltr'>πρώην</span> <span class='ocrx_word' id='word_1_64' title='bbox 1217 966 1499 1038; x_wconf 80' lang='grc' dir='ltr'>λεχθέντα,</span> <span class='ocrx_word' id='word_1_65' title='bbox 1546 970 1685 1040; x_wconf 87' lang='grc' dir='ltr'>μετά</span> <span class='ocrx_word' id='word_1_66' title='bbox 1725 973 1904 1042; x_wconf 86' lang='grc' dir='ltr'>ἀσφα-</span> 
     </span>
    </p>
   </div>
   <div class='ocr_carea' id='block_1_10' title="bbox 314 1042 1903 1127">
    <p class='ocr_par' dir='ltr' id='par_1_10' title="bbox 314 1042 1903 1127">
     <span class='ocr_line' id='line_1_10' title="bbox 314 1042 1903 1127; baseline 0.007 -29"><span class='ocrx_word' id='word_1_67' title='bbox 314 1042 464 1127; x_wconf 74' lang='grc' dir='ltr'>λείας</span> <span class='ocrx_word' id='word_1_68' title='bbox 503 1044 723 1116; x_wconf 85' lang='grc' dir='ltr'>ἀπάσης</span> <span class='ocrx_word' id='word_1_69' title='bbox 752 1045 1118 1119; x_wconf 80' lang='grc' dir='ltr'>ἀποθώμεθα,</span> <span class='ocrx_word' id='word_1_70' title='bbox 1161 1052 1257 1103; x_wconf 78' lang='grc' dir='ltr'>καὶ</span> <span class='ocrx_word' id='word_1_71' title='bbox 1292 1050 1429 1121; x_wconf 83' lang='grc' dir='ltr'>πρὸς</span> <span class='ocrx_word' id='word_1_72' title='bbox 1472 1051 1574 1123; x_wconf 79' lang='grc' dir='ltr'>τὴν</span> <span class='ocrx_word' id='word_1_73' title='bbox 1613 1053 1728 1107; x_wconf 92' lang='grc' dir='ltr'>τῶν</span> <span class='ocrx_word' id='word_1_74' title='bbox 1773 1055 1903 1127; x_wconf 85' lang='grc' dir='ltr'>μελ-</span> 
     </span>
    </p>
   </div>
   <div class='ocr_carea' id='block_1_11' title="bbox 311 1126 1902 1207">
    <p class='ocr_par' dir='ltr' id='par_1_11' title="bbox 311 1126 1902 1207">
     <span class='ocr_line' id='line_1_11' title="bbox 311 1126 1902 1207; baseline 0.006 -25"><span class='ocrx_word' id='word_1_75' title='bbox 311 1126 515 1182; x_wconf 87' lang='grc' dir='ltr'>λόντων</span> <span class='ocrx_word' id='word_1_76' title='bbox 582 1127 920 1200; x_wconf 80' lang='grc' dir='ltr'>ῥηθήσεσθαι</span> <span class='ocrx_word' id='word_1_77' title='bbox 977 1130 1244 1202; x_wconf 83' lang='grc' dir='ltr'>ἀκρόασιν</span> <span class='ocrx_word' id='word_1_78' title='bbox 1307 1134 1374 1186; x_wconf 92' lang='grc' dir='ltr'>ἐκ</span> <span class='ocrx_word' id='word_1_79' title='bbox 1430 1133 1539 1188; x_wconf 87' lang='grc' dir='ltr'>τῶν</span> <span class='ocrx_word' id='word_1_80' title='bbox 1596 1126 1902 1207; x_wconf 72' lang='grc' dir='ltr'>εἰρημένων</span> 
     </span>
    </p>
   </div>
   <div class='ocr_carea' id='block_1_12' title="bbox 311 1209 1901 1290">
    <p class='ocr_par' dir='ltr' id='par_1_12' title="bbox 311 1209 1901 1290">
     <span class='ocr_line' id='line_1_12' title="bbox 311 1209 1901 1290; baseline 0.006 -26"><span class='ocrx_word' id='word_1_81' title='bbox 311 1209 779 1281; x_wconf 70' lang='grc' dir='ltr'>ἐπιτηδειοτέρους</span> <span class='ocrx_word' id='word_1_82' title='bbox 813 1212 1040 1276; x_wconf 80' lang='grc' dir='ltr'>ἑαυτοὺς</span> <span class='ocrx_word' id='word_1_83' title='bbox 1076 1215 1523 1270; x_wconf 86' lang='grc' dir='ltr'>κατασκευάσατε</span> <span class='ocrx_word' id='word_1_84' title='bbox 1543 1232 1559 1249; x_wconf 80' lang='grc'><strong><em>⁸</em></strong></span> <span class='ocrx_word' id='word_1_85' title='bbox 1594 1218 1689 1271; x_wconf 78' lang='grc' dir='ltr'>καὶ</span> <span class='ocrx_word' id='word_1_86' title='bbox 1721 1220 1770 1271; x_wconf 90' lang='grc' dir='ltr'>εἰ</span> <span class='ocrx_word' id='word_1_87' title='bbox 1800 1219 1901 1290; x_wconf 86' lang='grc' dir='ltr'>μὲν</span> 
     </span>
    </p>
   </div>
   <div class='ocr_carea' id='block_1_13' title="bbox 309 1291 1899 1370">
    <p class='ocr_par' dir='ltr' id='par_1_13' title="bbox 309 1291 1899 1370">
     <span class='ocr_line' id='line_1_13' title="bbox 309 1291 1899 1370; baseline 0.007 -24"><span class='ocrx_word' id='word_1_88' title='bbox 309 1291 539 1348; x_wconf 86' lang='grc' dir='ltr'>δυνατὸν</span> <span class='ocrx_word' id='word_1_89' title='bbox 564 1294 693 1364; x_wconf 80' lang='grc' dir='ltr'>ὑμῖν</span> <span class='ocrx_word' id='word_1_90' title='bbox 718 1293 951 1364; x_wconf 88' lang='grc' dir='ltr'>γένοιτο,</span> <span class='ocrx_word' id='word_1_91' title='bbox 982 1296 1162 1351; x_wconf 88' lang='grc' dir='ltr'>πάντα</span> <span class='ocrx_word' id='word_1_92' title='bbox 1201 1314 1291 1367; x_wconf 90' lang='grc' dir='ltr'>μοι</span> <span class='ocrx_word' id='word_1_93' title='bbox 1330 1299 1718 1370; x_wconf 73' lang='grc' dir='ltr'>μνημονεύετεο</span> <span class='ocrx_word' id='word_1_94' title='bbox 1761 1304 1810 1355; x_wconf 91' lang='grc' dir='ltr'>εί</span> <span class='ocrx_word' id='word_1_95' title='bbox 1840 1303 1899 1358; x_wconf 81' lang='grc' dir='ltr'>δέ</span> 
     </span>
    </p>
   </div>
   <div class='ocr_carea' id='block_1_14' title="bbox 314 1373 1895 1454">
    <p class='ocr_par' dir='ltr' id='par_1_14' title="bbox 314 1373 1895 1454">
     <span class='ocr_line' id='line_1_14' title="bbox 314 1373 1895 1454; baseline 0.007 -27"><span class='ocrx_word' id='word_1_96' title='bbox 314 1374 391 1447; x_wconf 76' lang='grc' dir='ltr'>μὴ</span> <span class='ocrx_word' id='word_1_97' title='bbox 422 1373 654 1429; x_wconf 86' lang='grc' dir='ltr'>δύνασθε</span> <span class='ocrx_word' id='word_1_98' title='bbox 686 1376 887 1444; x_wconf 88' lang='grc' dir='ltr'>πάντα,</span> <span class='ocrx_word' id='word_1_99' title='bbox 915 1378 1038 1432; x_wconf 81' lang='grc' dir='ltr'>ἀντὶ</span> <span class='ocrx_word' id='word_1_100' title='bbox 1071 1377 1290 1432; x_wconf 89' lang='grc' dir='ltr'>πάντων</span> <span class='ocrx_word' id='word_1_101' title='bbox 1333 1382 1536 1448; x_wconf 83' lang='grc' dir='ltr'>ἐκεῖνο,</span> <span class='ocrx_word' id='word_1_102' title='bbox 1571 1383 1895 1454; x_wconf 87' lang='grc' dir='ltr'>παρακαλῶ,</span> 
     </span>
    </p>
   </div>
   <div class='ocr_carea' id='block_1_15' title="bbox 1494 274 2322 343">
    <p class='ocr_par' dir='ltr' id='par_1_15' title="bbox 1494 274 2322 343">
     <span class='ocr_line' id='line_1_15' title="bbox 1494 274 2322 343; baseline 0.017 -14"><span class='ocrx_word' id='word_1_103' title='bbox 1494 274 1585 331; x_wconf 86' lang='lat' dir='ltr'><strong>DE</strong></span> <span class='ocrx_word' id='word_1_104' title='bbox 1624 275 1902 336; x_wconf 80' lang='lat' dir='ltr'><strong>LAZARO</strong></span> <span class='ocrx_word' id='word_1_105' title='bbox 1942 279 2195 341; x_wconf 85' lang='lat' dir='ltr'>CONCIO</span> <span class='ocrx_word' id='word_1_106' title='bbox 2230 286 2322 343; x_wconf 81' lang='grc'>[11.</span> 
     </span>
    </p>
   </div>
   <div class='ocr_carea' id='block_1_16' title="bbox 3484 294 3592 352">
    <p class='ocr_par' dir='ltr' id='par_1_16' title="bbox 3484 294 3592 352">
     <span class='ocr_line' id='line_1_16' title="bbox 3484 294 3592 352; baseline 0 -1"><span class='ocrx_word' id='word_1_107' title='bbox 3484 294 3592 352; x_wconf 70' lang='grc' dir='ltr'>9θέ</span> 
     </span>
    </p>
   </div>
   <div class='ocr_carea' id='block_1_17' title="bbox 2012 396 3595 485">
    <p class='ocr_par' dir='ltr' id='par_1_17' title="bbox 2012 396 3595 485">
     <span class='ocr_line' id='line_1_17' title="bbox 2012 396 3595 485; baseline 0.012 -34"><span class='ocrx_word' id='word_1_108' title='bbox 2012 396 2301 485; x_wconf 13' lang='grc' dir='ltr'>μέμνησθε,</span> <span class='ocrx_word' id='word_1_109' title='bbox 2321 400 2605 485; x_wconf 85' lang='grc' dir='ltr'>διηνεκῶς,</span> <span class='ocrx_word' id='word_1_110' title='bbox 2648 407 2733 463; x_wconf 83' lang='grc' dir='ltr'>δτι</span> <span class='ocrx_word' id='word_1_111' title='bbox 2764 408 2825 463; x_wconf 78' lang='grc' dir='ltr'>τὸ</span> <span class='ocrx_word' id='word_1_112' title='bbox 2861 410 2937 482; x_wconf 82' lang='grc' dir='ltr'>μὴ</span> <span class='ocrx_word' id='word_1_113' title='bbox 2997 410 3335 482; x_wconf 78' lang='grc' dir='ltr'>μεταδιδόναι</span> <span class='ocrx_word' id='word_1_114' title='bbox 3366 412 3595 485; x_wconf 85' lang='grc' dir='ltr'>πένησιν</span> 
     </span>
    </p>
   </div>
   <div class='ocr_carea' id='block_1_18' title="bbox 2007 478 3595 565">
    <p class='ocr_par' dir='ltr' id='par_1_18' title="bbox 2007 478 3595 565">
     <span class='ocr_line' id='line_1_18' title="bbox 2007 478 3595 565; baseline 0.012 -35"><span class='ocrx_word' id='word_1_115' title='bbox 2007 478 2219 565; x_wconf 74' lang='grc' dir='ltr'>ἐκτῶν</span> <span class='ocrx_word' id='word_1_116' title='bbox 2258 483 2475 541; x_wconf 89' lang='grc' dir='ltr'>οἰκείων</span> <span class='ocrx_word' id='word_1_117' title='bbox 2516 478 2874 561; x_wconf 45' lang='grc' dir='ltr'>χρημάτων(</span> <span class='ocrx_word' id='word_1_118' title='bbox 2903 478 3131 565; x_wconf 80' lang='grc' dir='ltr'>ἀρπαγὴ</span> <span class='ocrx_word' id='word_1_119' title='bbox 3174 495 3423 565; x_wconf 78' lang='grc' dir='ltr'>πενήτων</span> <span class='ocrx_word' id='word_1_120' title='bbox 3475 478 3595 550; x_wconf 73' lang='grc' dir='ltr'>ἐτ’τί</span> 
     </span>
    </p>
   </div>
   <div class='ocr_carea' id='block_1_19' title="bbox 2007 560 3594 649">
    <p class='ocr_par' dir='ltr' id='par_1_19' title="bbox 2007 560 3594 649">
     <span class='ocr_line' id='line_1_19' title="bbox 2007 560 3594 649; baseline 0.013 -37"><span class='ocrx_word' id='word_1_121' title='bbox 2007 560 2104 613; x_wconf 71' lang='grc' dir='ltr'>καὶ</span> <span class='ocrx_word' id='word_1_122' title='bbox 2150 563 2520 649; x_wconf 82' lang='grc' dir='ltr'>ἀποστέρησις</span> <span class='ocrx_word' id='word_1_123' title='bbox 2680 572 2905 629; x_wconf 88' lang='grc' dir='ltr'>ἐκείνων</span> <span class='ocrx_word' id='word_1_124' title='bbox 2934 560 3131 646; x_wconf 49' lang='grc' dir='ltr'>ζωῆςί</span> <span class='ocrx_word' id='word_1_125' title='bbox 3151 576 3247 630; x_wconf 81' lang='grc' dir='ltr'>καὶ</span> <span class='ocrx_word' id='word_1_126' title='bbox 3277 560 3338 630; x_wconf 72' lang='grc' dir='ltr'>οὐ</span> <span class='ocrx_word' id='word_1_127' title='bbox 3368 578 3436 631; x_wconf 84' lang='grc' dir='ltr'>τὰ</span> <span class='ocrx_word' id='word_1_128' title='bbox 3456 579 3594 649; x_wconf 82' lang='grc' dir='ltr'>ἡμέ-</span> 
     </span>
    </p>
   </div>
   <div class='ocr_carea' id='block_1_20' title="bbox 2007 646 3592 745">
    <p class='ocr_par' dir='ltr' id='par_1_20' title="bbox 2007 646 3592 745">
     <span class='ocr_line' id='line_1_20' title="bbox 2007 646 3592 745; baseline 0.02 -51"><span class='ocrx_word' id='word_1_129' title='bbox 2007 657 2163 745; x_wconf 59' lang='grc' dir='ltr'>ξερα,</span> <span class='ocrx_word' id='word_1_130' title='bbox 2188 646 2432 745; x_wconf 45' lang='grc' dir='ltr'>ἀλλὰ.τά</span> <span class='ocrx_word' id='word_1_131' title='bbox 2475 653 2697 745; x_wconf 83' lang='grc' dir='ltr'>ἐκείνων</span> <span class='ocrx_word' id='word_1_132' title='bbox 2749 657 3074 745; x_wconf 88' lang='grc' dir='ltr'>κατέχομεν.</span> <span class='ocrx_word' id='word_1_133' title='bbox 3116 662 3219 745; x_wconf 52' lang='grc' dir='ltr'>ξἈν</span> <span class='ocrx_word' id='word_1_134' title='bbox 3251 660 3372 745; x_wconf 12' lang='grc' dir='ltr'>,γὰρ</span> <span class='ocrx_word' id='word_1_135' title='bbox 3419 646 3592 725; x_wconf 65' lang='grc' dir='ltr'>οὕτως</span> 
     </span>
    </p>
   </div>
   <div class='ocr_carea' id='block_1_21' title="bbox 2003 731 3590 815">
    <p class='ocr_par' dir='ltr' id='par_1_21' title="bbox 2003 731 3590 815">
     <span class='ocr_line' id='line_1_21' title="bbox 2003 731 3590 815; baseline 0.017 -35"><span class='ocrx_word' id='word_1_136' title='bbox 2003 731 2156 815; x_wconf 80' lang='grc' dir='ltr'>ώμεν</span> <span class='ocrx_word' id='word_1_137' title='bbox 2183 731 2536 806; x_wconf 87' lang='grc' dir='ltr'>διακείμενοι,</span> <span class='ocrx_word' id='word_1_138' title='bbox 2572 740 2789 807; x_wconf 90' lang='grc' dir='ltr'>πάντως</span> <span class='ocrx_word' id='word_1_139' title='bbox 2823 743 3177 815; x_wconf 86' lang='grc' dir='ltr'>προησόμεθα</span> <span class='ocrx_word' id='word_1_140' title='bbox 3204 743 3276 798; x_wconf 83' lang='grc' dir='ltr'>τὰ</span> <span class='ocrx_word' id='word_1_141' title='bbox 3299 731 3590 815; x_wconf 69' lang='grc' dir='ltr'>χρήματα,</span> 
     </span>
    </p>
   </div>
   <div class='ocr_carea' id='block_1_22' title="bbox 2003 811 3591 898">
    <p class='ocr_par' dir='ltr' id='par_1_22' title="bbox 2003 811 3591 898">
     <span class='ocr_line' id='line_1_22' title="bbox 2003 811 3591 898; baseline 0.011 -35"><span class='ocrx_word' id='word_1_142' title='bbox 2003 811 2397 898; x_wconf 13' lang='grc' dir='ltr'>καίᾃπεινῶντα</span> <span class='ocrx_word' id='word_1_143' title='bbox 2428 819 2733 892; x_wconf 82' lang='grc' dir='ltr'>θρέψαντες</span> <span class='ocrx_word' id='word_1_144' title='bbox 2781 811 2879 880; x_wconf 30' lang='grc' dir='ltr'>τὸν.</span> <span class='ocrx_word' id='word_1_145' title='bbox 2917 811 3152 898; x_wconf 77' lang='grc' dir='ltr'>Χριστὸν</span> <span class='ocrx_word' id='word_1_146' title='bbox 3200 811 3464 892; x_wconf 74' lang='grc' dir='ltr'>ἐνταῦθα,</span> <span class='ocrx_word' id='word_1_147' title='bbox 3497 829 3591 881; x_wconf 75' lang='grc' dir='ltr'>καὶ</span> 
     </span>
    </p>
   </div>
   <div class='ocr_carea' id='block_1_23' title="bbox 2002 896 3591 983">
    <p class='ocr_par' dir='ltr' id='par_1_23' title="bbox 2002 896 3591 983">
     <span class='ocr_line' id='line_1_23' title="bbox 2002 896 3591 983; baseline 0.01 -35"><span class='ocrx_word' id='word_1_148' title='bbox 2002 896 2221 983; x_wconf 32' lang='grc' dir='ltr'>πρλλὴν-</span> <span class='ocrx_word' id='word_1_149' title='bbox 2243 899 2369 983; x_wconf 77' lang='grc' dir='ltr'>ἐκεῖ</span> <span class='ocrx_word' id='word_1_150' title='bbox 2392 902 2494 974; x_wconf 84' lang='grc' dir='ltr'>τὴν</span> <span class='ocrx_word' id='word_1_151' title='bbox 2519 906 2790 977; x_wconf 76' lang='grc' dir='ltr'>ἐμπορίαν</span> <span class='ocrx_word' id='word_1_152' title='bbox 2806 918 2827 940; x_wconf 79' lang='grc'><strong><em>⁸</em></strong></span> <span class='ocrx_word' id='word_1_153' title='bbox 2855 896 3213 982; x_wconf 72' lang='grc' dir='ltr'>ἀπόθένμενοι,</span> <span class='ocrx_word' id='word_1_154' title='bbox 3247 911 3591 983; x_wconf 83' lang='grc' dir='ltr'>δυνησόμεθα</span> 
     </span>
    </p>
   </div>
   <div class='ocr_carea' id='block_1_24' title="bbox 1994 976 3591 1063">
    <p class='ocr_par' dir='ltr' id='par_1_24' title="bbox 1994 976 3591 1063">
     <span class='ocr_line' id='line_1_24' title="bbox 1994 976 3591 1063; baseline 0.006 -27"><span class='ocrx_word' id='word_1_155' title='bbox 1994 976 2108 1063; x_wconf 65' lang='grc' dir='ltr'>,τῶν</span> <span class='ocrx_word' id='word_1_156' title='bbox 2139 980 2442 1063; x_wconf 82' lang='grc' dir='ltr'>μελλόντων</span> <span class='ocrx_word' id='word_1_157' title='bbox 2472 976 2746 1059; x_wconf 76' lang='grc' dir='ltr'>ἐπιτυχεῖν</span> <span class='ocrx_word' id='word_1_158' title='bbox 2777 991 3016 1060; x_wconf 80' lang='grc' dir='ltr'>ἀγαθῶν,</span> <span class='ocrx_word' id='word_1_159' title='bbox 3033 976 3240 1063; x_wconf 64' lang='grc' dir='ltr'>⁷χάριτι</span> <span class='ocrx_word' id='word_1_160' title='bbox 3273 976 3376 1048; x_wconf 59' lang='grc' dir='ltr'>καῖ’</span> <span class='ocrx_word' id='word_1_161' title='bbox 3402 976 3591 1061; x_wconf 78' lang='grc' dir='ltr'>φιλαν-</span> 
     </span>
    </p>
   </div>
   <div class='ocr_carea' id='block_1_25' title="bbox 2001 1060 3591 1148">
    <p class='ocr_par' dir='ltr' id='par_1_25' title="bbox 2001 1060 3591 1148">
     <span class='ocr_line' id='line_1_25' title="bbox 2001 1060 3591 1148; baseline 0.009 -34"><span class='ocrx_word' id='word_1_162' title='bbox 2001 1060 2218 1148; x_wconf 43' lang='grc' dir='ltr'>ἶρωπίᾳ</span> <span class='ocrx_word' id='word_1_163' title='bbox 2237 1064 2332 1119; x_wconf 88' lang='grc' dir='ltr'>τοῦ</span> <span class='ocrx_word' id='word_1_164' title='bbox 2365 1067 2571 1137; x_wconf 86' lang='grc' dir='ltr'>Κυρίου</span> <span class='ocrx_word' id='word_1_165' title='bbox 2594 1072 2627 1141; x_wconf 90' lang='grc' dir='ltr'>ή</span> <span class='ocrx_word' id='word_1_166' title='bbox 2637 1070 2754 1142; x_wconf 86' lang='grc' dir='ltr'>μῶν</span> <span class='ocrx_word' id='word_1_167' title='bbox 2796 1072 2969 1144; x_wconf 83' lang='grc' dir='ltr'>Ἰησοῦ</span> <span class='ocrx_word' id='word_1_168' title='bbox 2999 1060 3258 1148; x_wconf 77' lang='grc' dir='ltr'>Χριστοῦ,</span> <span class='ocrx_word' id='word_1_169' title='bbox 3288 1060 3488 1148; x_wconf 62' lang='grc' dir='ltr'>μεθ’ίοῦ</span> <span class='ocrx_word' id='word_1_170' title='bbox 3513 1074 3591 1145; x_wconf 81' lang='grc' dir='ltr'>τῷ</span> 
     </span>
    </p>
   </div>
   <div class='ocr_carea' id='block_1_26' title="bbox 2008 1144 3585 1232">
    <p class='ocr_par' dir='ltr' id='par_1_26' title="bbox 2008 1144 3585 1232">
     <span class='ocr_line' id='line_1_26' title="bbox 2008 1144 3585 1232; baseline 0.014 -34"><span class='ocrx_word' id='word_1_171' title='bbox 2008 1144 2225 1232; x_wconf 56' lang='grc' dir='ltr'>Ιῖατρί,</span> <span class='ocrx_word' id='word_1_172' title='bbox 2243 1148 2359 1220; x_wconf 73' lang='grc' dir='ltr'>ἅμα</span> <span class='ocrx_word' id='word_1_173' title='bbox 2382 1149 2461 1221; x_wconf 82' lang='grc' dir='ltr'>τῷ</span> <span class='ocrx_word' id='word_1_174' title='bbox 2488 1152 2628 1225; x_wconf 86' lang='grc' dir='ltr'>ἁγίῳ</span> <span class='ocrx_word' id='word_1_175' title='bbox 2657 1154 2937 1227; x_wconf 89' lang='grc' dir='ltr'>Πνεύματι</span> <span class='ocrx_word' id='word_1_176' title='bbox 2964 1144 3113 1224; x_wconf 80' lang='grc' dir='ltr'>δόξα,</span> <span class='ocrx_word' id='word_1_177' title='bbox 3147 1144 3316 1232; x_wconf 66' lang='grc' dir='ltr'>τιμὴ,</span> <span class='ocrx_word' id='word_1_178' title='bbox 3353 1144 3585 1230; x_wconf 14' lang='grc' dir='ltr'>κράτοςίι</span> 
     </span>
    </p>
   </div>
   <div class='ocr_carea' id='block_1_27' title="bbox 2008 1227 3581 1383">
    <p class='ocr_par' dir='ltr' id='par_1_27' title="bbox 2008 1227 3581 1383">
     <span class='ocr_line' id='line_1_27' title="bbox 2008 1227 3581 1383; baseline 0.011 -103"><span class='ocrx_word' id='word_1_179' title='bbox 2008 1227 2102 1363; x_wconf 57' lang='grc' dir='ltr'>νὲν</span> <span class='ocrx_word' id='word_1_180' title='bbox 2126 1230 2238 1383; x_wconf 76' lang='grc' dir='ltr'>ήκαὶ</span> <span class='ocrx_word' id='word_1_181' title='bbox 2290 1233 2376 1285; x_wconf 77' lang='grc' dir='ltr'>ἀεὶ</span> <span class='ocrx_word' id='word_1_182' title='bbox 2398 1271 2414 1297; x_wconf 94' lang='grc'>,</span> <span class='ocrx_word' id='word_1_183' title='bbox 2479 1235 2573 1290; x_wconf 82' lang='grc' dir='ltr'>καί</span> <span class='ocrx_word' id='word_1_184' title='bbox 2621 1237 2704 1301; x_wconf 90' lang='grc' dir='ltr'>εἰς</span> <span class='ocrx_word' id='word_1_185' title='bbox 2753 1241 2881 1304; x_wconf 81' lang='grc' dir='ltr'>τοὺς</span> <span class='ocrx_word' id='word_1_186' title='bbox 2935 1241 3137 1307; x_wconf 81' lang='grc' dir='ltr'>αἰῶνας</span> <span class='ocrx_word' id='word_1_187' title='bbox 3189 1227 3298 1299; x_wconf 80' lang='grc' dir='ltr'>τῶν</span> <span class='ocrx_word' id='word_1_188' title='bbox 3351 1227 3581 1298; x_wconf 85' lang='grc' dir='ltr'>αἰώνων.</span> 
     </span>
     <span class='ocr_line' id='line_1_28' title="bbox 2084 1328 2212 1382; baseline 0.008 -17"><span class='ocrx_word' id='word_1_189' title='bbox 2084 1328 2123 1382; x_wconf 87' lang='grc' dir='ltr'>μ</span> <span class='ocrx_word' id='word_1_190' title='bbox 2163 1331 2212 1366; x_wconf 93' lang='grc' dir='ltr'>ν.</span> 
     </span>
    </p>
   </div>
   <div class='ocr_carea' id='block_1_28' title="bbox 2084 1328 2212 1382">
    <p class='ocr_par' dir='ltr' id='par_1_28' title="bbox 2084 1328 2212 1382">
     <span class='ocr_line' id='line_1_29' title="bbox 2084 1328 2212 1382; baseline 0 -16"><span class='ocrx_word' id='word_1_191' title='bbox 2084 1328 2212 1382; x_wconf 87' lang='grc' dir='ltr'>μην.</span> 
     </span>
    </p>
   </div>
   <div class='ocr_carea' id='block_1_29' title="bbox 2067 1395 2482 1464">
    <p class='ocr_par' dir='ltr' id='par_1_29' title="bbox 2067 1395 2482 1464">
     <span class='ocr_line' id='line_1_30' title="bbox 2067 1395 2482 1464; baseline 0.012 -19"><span class='ocrx_word' id='word_1_192' title='bbox 2067 1395 2096 1425; x_wconf 73' lang='grc'>⁸</span> <span class='ocrx_word' id='word_1_193' title='bbox 2119 1397 2218 1447; x_wconf 79' lang='lat' dir='ltr'><strong>Alii</strong></span> <span class='ocrx_word' id='word_1_194' title='bbox 2244 1398 2482 1464; x_wconf 79' lang='grc' dir='ltr'>εὐπορίαν.</span> 
     </span>
    </p>
   </div>
   <div class='ocr_carea' id='block_1_30' title="bbox 310 1766 3579 1856">
    <p class='ocr_par' dir='ltr' id='par_1_30' title="bbox 310 1766 3579 1856">
     <span class='ocr_line' id='line_1_31' title="bbox 310 1766 3579 1856; baseline 0.005 -36"><span class='ocrx_word' id='word_1_195' title='bbox 310 1768 420 1835; x_wconf 77' lang='grc' dir='ltr'>Εἰς</span> <span class='ocrx_word' id='word_1_196' title='bbox 455 1767 565 1821; x_wconf 76' lang='grc' dir='ltr'>τὸν</span> <span class='ocrx_word' id='word_1_197' title='bbox 596 1766 862 1838; x_wconf 64' lang='grc' dir='ltr'>Λάζαρον</span> <span class='ocrx_word' id='word_1_198' title='bbox 908 1769 1093 1840; x_wconf 67' lang='grc' dir='ltr'>λόγος</span> <span class='ocrx_word' id='word_1_199' title='bbox 1120 1770 1337 1839; x_wconf 83' lang='grc' dir='ltr'>τρίτος,</span> <span class='ocrx_word' id='word_1_200' title='bbox 1368 1772 1468 1828; x_wconf 77' lang='grc' dir='ltr'>καί</span> <span class='ocrx_word' id='word_1_201' title='bbox 1499 1773 1667 1839; x_wconf 79' lang='grc' dir='ltr'>τίνος</span> <span class='ocrx_word' id='word_1_202' title='bbox 1695 1770 1906 1856; x_wconf 62' lang='grc' dir='ltr'>ἕνεκεν</span> <span class='ocrx_word' id='word_1_203' title='bbox 1942 1773 2055 1827; x_wconf 82' lang='grc' dir='ltr'>οὐκ</span> <span class='ocrx_word' id='word_1_204' title='bbox 2087 1769 2277 1841; x_wconf 80' lang='grc' dir='ltr'>εἶπεν,</span> <span class='ocrx_word' id='word_1_205' title='bbox 2308 1770 2557 1844; x_wconf 78' lang='grc' dir='ltr'>Ἔλαϐες</span> <span class='ocrx_word' id='word_1_206' title='bbox 2590 1778 2664 1832; x_wconf 87' lang='grc' dir='ltr'>τὰ</span> <span class='ocrx_word' id='word_1_207' title='bbox 2685 1778 2877 1848; x_wconf 76' lang='grc' dir='ltr'>ἀγαθά</span> <span class='ocrx_word' id='word_1_208' title='bbox 2904 1796 3022 1834; x_wconf 87' lang='grc' dir='ltr'>σου</span> <span class='ocrx_word' id='word_1_209' title='bbox 3061 1781 3131 1834; x_wconf 80' lang='grc' dir='ltr'>ἐν</span> <span class='ocrx_word' id='word_1_210' title='bbox 3159 1780 3234 1849; x_wconf 80' lang='grc' dir='ltr'>τῇ</span> <span class='ocrx_word' id='word_1_211' title='bbox 3275 1780 3389 1851; x_wconf 81' lang='grc' dir='ltr'>ζωῇ</span> <span class='ocrx_word' id='word_1_212' title='bbox 3441 1799 3579 1851; x_wconf 87' lang='grc' dir='ltr'>σου,</span> 
     </span>
    </p>
   </div>
   <div class='ocr_carea' id='block_1_31' title="bbox 378 1860 3581 1945">
    <p class='ocr_par' dir='ltr' id='par_1_31' title="bbox 378 1860 3581 1945">
     <span class='ocr_line' id='line_1_32' title="bbox 378 1860 3581 1945; baseline 0.005 -30"><span class='ocrx_word' id='word_1_213' title='bbox 378 1860 539 1925; x_wconf 71' lang='grc' dir='ltr'>ἀλλ’,</span> <span class='ocrx_word' id='word_1_214' title='bbox 583 1860 898 1927; x_wconf 81' lang='grc' dir='ltr'>Ἀπέλαϐες·</span> <span class='ocrx_word' id='word_1_215' title='bbox 932 1862 1031 1916; x_wconf 83' lang='grc' dir='ltr'>καὶ</span> <span class='ocrx_word' id='word_1_216' title='bbox 1063 1861 1162 1918; x_wconf 85' lang='grc' dir='ltr'>διὰ</span> <span class='ocrx_word' id='word_1_217' title='bbox 1203 1864 1264 1919; x_wconf 87' lang='grc' dir='ltr'>τί</span> <span class='ocrx_word' id='word_1_218' title='bbox 1292 1867 1348 1920; x_wconf 84' lang='grc' dir='ltr'>οἱ</span> <span class='ocrx_word' id='word_1_219' title='bbox 1404 1865 1523 1936; x_wconf 79' lang='grc' dir='ltr'>μὲν</span> <span class='ocrx_word' id='word_1_220' title='bbox 1569 1864 1785 1921; x_wconf 78' lang='grc' dir='ltr'>δίκαιοι</span> <span class='ocrx_word' id='word_1_221' title='bbox 1819 1864 2124 1932; x_wconf 80' lang='grc' dir='ltr'>κινδύνοις</span> <span class='ocrx_word' id='word_1_222' title='bbox 2167 1869 2466 1938; x_wconf 80' lang='grc' dir='ltr'>πολλάκις</span> <span class='ocrx_word' id='word_1_223' title='bbox 2502 1874 2988 1941; x_wconf 81' lang='grc' dir='ltr'>περιπίπτουσιν,</span> <span class='ocrx_word' id='word_1_224' title='bbox 3033 1876 3089 1927; x_wconf 78' lang='grc' dir='ltr'>οἱ</span> <span class='ocrx_word' id='word_1_225' title='bbox 3121 1872 3204 1926; x_wconf 83' lang='grc' dir='ltr'>δὲ·</span> <span class='ocrx_word' id='word_1_226' title='bbox 3252 1875 3581 1945; x_wconf 76' lang='grc' dir='ltr'>ἁμαρτωλοί</span> 
     </span>
    </p>
   </div>
   <div class='ocr_carea' id='block_1_32' title="bbox 386 1950 1120 2024">
    <p class='ocr_par' dir='ltr' id='par_1_32' title="bbox 386 1950 1120 2024">
     <span class='ocr_line' id='line_1_33' title="bbox 386 1950 1120 2024; baseline 0.005 -20"><span class='ocrx_word' id='word_1_227' title='bbox 386 1953 640 2018; x_wconf 82' lang='grc' dir='ltr'>τούτους</span> <span class='ocrx_word' id='word_1_228' title='bbox 665 1950 1120 2024; x_wconf 65' lang='grc' dir='ltr'>διαφεύγουσιν.</span> 
     </span>
    </p>
   </div>
   <div class='ocr_carea' id='block_1_33' title="bbox 380 2219 1891 2296">
    <p class='ocr_par' dir='ltr' id='par_1_33' title="bbox 380 2219 1891 2296">
     <span class='ocr_line' id='line_1_34' title="bbox 380 2219 1891 2296; baseline 0 -20"><span class='ocrx_word' id='word_1_229' title='bbox 380 2227 448 2276; x_wconf 83' lang='grc' dir='ltr'>α’.</span> <span class='ocrx_word' id='word_1_230' title='bbox 464 2222 540 2275; x_wconf 84' lang='grc' dir='ltr'>Οὐ</span> <span class='ocrx_word' id='word_1_231' title='bbox 560 2219 629 2291; x_wconf 77' lang='grc' dir='ltr'>τά</span> <span class='ocrx_word' id='word_1_232' title='bbox 644 2222 875 2294; x_wconf 88' lang='grc' dir='ltr'>τυχόντα</span> <span class='ocrx_word' id='word_1_233' title='bbox 895 2224 1042 2294; x_wconf 79' lang='grc' dir='ltr'>ἡμᾶς</span> <span class='ocrx_word' id='word_1_234' title='bbox 1059 2222 1267 2293; x_wconf 78' lang='grc' dir='ltr'>ὤνησεν</span> <span class='ocrx_word' id='word_1_235' title='bbox 1287 2224 1321 2296; x_wconf 81' lang='grc' dir='ltr'>ή</span> <span class='ocrx_word' id='word_1_236' title='bbox 1346 2222 1488 2278; x_wconf 86' lang='grc' dir='ltr'>κατά</span> <span class='ocrx_word' id='word_1_237' title='bbox 1518 2222 1610 2277; x_wconf 72' lang='grc' dir='ltr'>τὸν</span> <span class='ocrx_word' id='word_1_238' title='bbox 1641 2219 1891 2292; x_wconf 81' lang='grc' dir='ltr'>Λάζαρον</span> 
     </span>
    </p>
   </div>
   <div class='ocr_carea' id='block_1_34' title="bbox 305 2302 1890 2376">
    <p class='ocr_par' dir='ltr' id='par_1_34' title="bbox 305 2302 1890 2376">
     <span class='ocr_line' id='line_1_35' title="bbox 305 2302 1890 2376; baseline -0.001 -17"><span class='ocrx_word' id='word_1_239' title='bbox 305 2302 615 2376; x_wconf 71' lang='grc' dir='ltr'>παραϐολὴ,</span> <span class='ocrx_word' id='word_1_240' title='bbox 647 2307 739 2359; x_wconf 76' lang='grc' dir='ltr'>καὶ</span> <span class='ocrx_word' id='word_1_241' title='bbox 762 2305 1050 2369; x_wconf 86' lang='grc' dir='ltr'>πλουσίους</span> <span class='ocrx_word' id='word_1_242' title='bbox 1082 2305 1177 2359; x_wconf 79' lang='grc' dir='ltr'>καὶ</span> <span class='ocrx_word' id='word_1_243' title='bbox 1208 2306 1470 2376; x_wconf 83' lang='grc' dir='ltr'>πένητας,</span> <span class='ocrx_word' id='word_1_244' title='bbox 1508 2305 1633 2368; x_wconf 86' lang='grc' dir='ltr'>τοὺς</span> <span class='ocrx_word' id='word_1_245' title='bbox 1667 2305 1763 2375; x_wconf 83' lang='grc' dir='ltr'>μὲν</span> <span class='ocrx_word' id='word_1_246' title='bbox 1796 2304 1890 2357; x_wconf 85' lang='grc' dir='ltr'>εύ-</span> 
     </span>
    </p>
   </div>
   <div class='ocr_carea' id='block_1_35' title="bbox 306 2391 1890 2466">
    <p class='ocr_par' dir='ltr' id='par_1_35' title="bbox 306 2391 1890 2466">
     <span class='ocr_line' id='line_1_36' title="bbox 306 2391 1890 2466; baseline -0.001 -18"><span class='ocrx_word' id='word_1_247' title='bbox 306 2394 481 2456; x_wconf 81' lang='grc' dir='ltr'>κόλως</span> <span class='ocrx_word' id='word_1_248' title='bbox 518 2393 705 2464; x_wconf 85' lang='grc' dir='ltr'>φέρειν</span> <span class='ocrx_word' id='word_1_249' title='bbox 742 2394 842 2466; x_wconf 79' lang='grc' dir='ltr'>τὴν</span> <span class='ocrx_word' id='word_1_250' title='bbox 888 2391 1078 2446; x_wconf 87' lang='grc' dir='ltr'>πενίαν</span> <span class='ocrx_word' id='word_1_251' title='bbox 1135 2392 1493 2457; x_wconf 81' lang='grc' dir='ltr'>παιδεύσασα,</span> <span class='ocrx_word' id='word_1_252' title='bbox 1523 2393 1650 2453; x_wconf 84' lang='grc' dir='ltr'>τοὺς</span> <span class='ocrx_word' id='word_1_253' title='bbox 1688 2392 1745 2445; x_wconf 88' lang='grc' dir='ltr'>δὲ</span> <span class='ocrx_word' id='word_1_254' title='bbox 1789 2392 1890 2446; x_wconf 83' lang='grc' dir='ltr'>οὐκ</span> 
     </span>
    </p>
   </div>
   <div class='ocr_carea' id='block_1_36' title="bbox 304 2473 1890 2548">
    <p class='ocr_par' dir='ltr' id='par_1_36' title="bbox 304 2473 1890 2548">
     <span class='ocr_line' id='line_1_37' title="bbox 304 2473 1890 2548; baseline 0 -18"><span class='ocrx_word' id='word_1_255' title='bbox 304 2478 526 2547; x_wconf 79' lang='grc' dir='ltr'>ἀφιεῖσα</span> <span class='ocrx_word' id='word_1_256' title='bbox 550 2476 693 2548; x_wconf 86' lang='grc' dir='ltr'>μέγα</span> <span class='ocrx_word' id='word_1_257' title='bbox 719 2478 936 2548; x_wconf 86' lang='grc' dir='ltr'>φρονεῖν</span> <span class='ocrx_word' id='word_1_258' title='bbox 958 2476 1050 2529; x_wconf 75' lang='grc' dir='ltr'>ἐπὶ</span> <span class='ocrx_word' id='word_1_259' title='bbox 1076 2473 1153 2546; x_wconf 82' lang='grc' dir='ltr'>τῷ</span> <span class='ocrx_word' id='word_1_260' title='bbox 1184 2474 1419 2546; x_wconf 83' lang='grc' dir='ltr'>πλούτῳ,</span> <span class='ocrx_word' id='word_1_261' title='bbox 1447 2474 1582 2528; x_wconf 88' lang='grc' dir='ltr'>ἀλλά</span> <span class='ocrx_word' id='word_1_262' title='bbox 1613 2474 1681 2528; x_wconf 86' lang='grc' dir='ltr'>δι’</span> <span class='ocrx_word' id='word_1_263' title='bbox 1709 2474 1890 2530; x_wconf 81' lang='grc' dir='ltr'>αὐτῶν</span> 
     </span>
    </p>
   </div>
   <div class='ocr_carea' id='block_1_37' title="bbox 298 2556 1889 2630">
    <p class='ocr_par' dir='ltr' id='par_1_37' title="bbox 298 2556 1889 2630">
     <span class='ocr_line' id='line_1_38' title="bbox 298 2556 1889 2630; baseline 0 -18"><span class='ocrx_word' id='word_1_264' title='bbox 298 2557 408 2613; x_wconf 92' lang='grc' dir='ltr'>τῶν</span> <span class='ocrx_word' id='word_1_265' title='bbox 468 2558 644 2630; x_wconf 76' lang='grc' dir='ltr'>ἔργων</span> <span class='ocrx_word' id='word_1_266' title='bbox 691 2557 969 2623; x_wconf 79' lang='grc' dir='ltr'>διδάξασα,</span> <span class='ocrx_word' id='word_1_267' title='bbox 1032 2557 1115 2610; x_wconf 80' lang='grc' dir='ltr'>ὅτι</span> <span class='ocrx_word' id='word_1_268' title='bbox 1174 2557 1396 2612; x_wconf 89' lang='grc' dir='ltr'>πάντων</span> <span class='ocrx_word' id='word_1_269' title='bbox 1451 2556 1809 2628; x_wconf 90' lang='grc' dir='ltr'>ἐλεεινότερος</span> <span class='ocrx_word' id='word_1_270' title='bbox 1859 2559 1889 2612; x_wconf 87' lang='grc' dir='ltr'>ὁ</span> 
     </span>
    </p>
   </div>
   <div class='ocr_carea' id='block_1_38' title="bbox 296 2638 1888 2713">
    <p class='ocr_par' dir='ltr' id='par_1_38' title="bbox 296 2638 1888 2713">
     <span class='ocr_line' id='line_1_39' title="bbox 296 2638 1888 2713; baseline 0 -19"><span class='ocrx_word' id='word_1_271' title='bbox 296 2643 477 2713; x_wconf 79' lang='grc' dir='ltr'>τρυφῇ</span> <span class='ocrx_word' id='word_1_272' title='bbox 508 2639 706 2707; x_wconf 73' lang='grc' dir='ltr'>συζῶν,</span> <span class='ocrx_word' id='word_1_273' title='bbox 737 2642 833 2695; x_wconf 76' lang='grc' dir='ltr'>καὶ</span> <span class='ocrx_word' id='word_1_274' title='bbox 866 2639 1053 2711; x_wconf 79' lang='grc' dir='ltr'>μηδενὶ</span> <span class='ocrx_word' id='word_1_275' title='bbox 1077 2639 1188 2693; x_wconf 88' lang='grc' dir='ltr'>τῶν</span> <span class='ocrx_word' id='word_1_276' title='bbox 1207 2639 1377 2693; x_wconf 76' lang='grc' dir='ltr'>ὄντων</span> <span class='ocrx_word' id='word_1_277' title='bbox 1400 2638 1732 2711; x_wconf 86' lang='grc' dir='ltr'>μεταδιδούς.</span> <span class='ocrx_word' id='word_1_278' title='bbox 1750 2640 1888 2712; x_wconf 82' lang='grc' dir='ltr'>Φέρε</span> 
     </span>
    </p>
   </div>
   <div class='ocr_carea' id='block_1_39' title="bbox 295 2719 1888 2796">
    <p class='ocr_par' dir='ltr' id='par_1_39' title="bbox 295 2719 1888 2796">
     <span class='ocr_line' id='line_1_40' title="bbox 295 2719 1888 2796; baseline 0.001 -20"><span class='ocrx_word' id='word_1_279' title='bbox 295 2719 391 2778; x_wconf 80' lang='grc' dir='ltr'>οὖν</span> <span class='ocrx_word' id='word_1_280' title='bbox 416 2724 512 2777; x_wconf 75' lang='grc' dir='ltr'>καὶ</span> <span class='ocrx_word' id='word_1_281' title='bbox 547 2723 788 2796; x_wconf 85' lang='grc' dir='ltr'>σήμερον</span> <span class='ocrx_word' id='word_1_282' title='bbox 835 2722 934 2792; x_wconf 89' lang='grc' dir='ltr'>τῆς</span> <span class='ocrx_word' id='word_1_283' title='bbox 952 2721 1122 2794; x_wconf 77' lang='grc' dir='ltr'>αὐτῆς</span> <span class='ocrx_word' id='word_1_284' title='bbox 1151 2722 1315 2777; x_wconf 87' lang='grc' dir='ltr'>πάλιν</span> <span class='ocrx_word' id='word_1_285' title='bbox 1347 2721 1614 2794; x_wconf 85' lang='grc' dir='ltr'>ἁψώμεθα</span> <span class='ocrx_word' id='word_1_286' title='bbox 1633 2734 1660 2763; x_wconf 74' lang='grc' dir='ltr'>α</span> <span class='ocrx_word' id='word_1_287' title='bbox 1691 2723 1888 2778; x_wconf 72' lang='grc' dir='ltr'>ὑποθέ-</span> 
     </span>
    </p>
   </div>
   <div class='ocr_carea' id='block_1_40' title="bbox 298 2803 1887 2876">
    <p class='ocr_par' dir='ltr' id='par_1_40' title="bbox 298 2803 1887 2876">
     <span class='ocr_line' id='line_1_41' title="bbox 298 2803 1887 2876; baseline -0.001 -15"><span class='ocrx_word' id='word_1_288' title='bbox 298 2823 458 2871; x_wconf 87' lang='grc' dir='ltr'>σεως·</span> <span class='ocrx_word' id='word_1_289' title='bbox 486 2806 609 2860; x_wconf 78' lang='grc' dir='ltr'>ἐπεὶ</span> <span class='ocrx_word' id='word_1_290' title='bbox 634 2807 728 2861; x_wconf 80' lang='grc' dir='ltr'>καὶ</span> <span class='ocrx_word' id='word_1_291' title='bbox 755 2806 807 2858; x_wconf 89' lang='grc' dir='ltr'>οἰ</span> <span class='ocrx_word' id='word_1_292' title='bbox 866 2804 936 2858; x_wconf 87' lang='grc' dir='ltr'>τά</span> <span class='ocrx_word' id='word_1_293' title='bbox 972 2804 1210 2876; x_wconf 87' lang='grc' dir='ltr'>μέταλλα</span> <span class='ocrx_word' id='word_1_294' title='bbox 1241 2803 1618 2876; x_wconf 83' lang='grc' dir='ltr'>ἐργαζόμενοι,</span> <span class='ocrx_word' id='word_1_295' title='bbox 1643 2804 1772 2859; x_wconf 79' lang='grc' dir='ltr'>ἔνθα</span> <span class='ocrx_word' id='word_1_296' title='bbox 1819 2806 1887 2860; x_wconf 83' lang='grc' dir='ltr'>ἂν</span> 
     </span>
    </p>
   </div>
   <div class='ocr_carea' id='block_1_41' title="bbox 298 2883 1885 2961">
    <p class='ocr_par' dir='ltr' id='par_1_41' title="bbox 298 2883 1885 2961">
     <span class='ocr_line' id='line_1_42' title="bbox 298 2883 1885 2961; baseline 0 -19"><span class='ocrx_word' id='word_1_297' title='bbox 298 2887 449 2942; x_wconf 77' lang='grc' dir='ltr'>ῐδωσι</span> <span class='ocrx_word' id='word_1_298' title='bbox 477 2889 677 2954; x_wconf 83' lang='grc' dir='ltr'>πολλὰς</span> <span class='ocrx_word' id='word_1_299' title='bbox 705 2887 799 2942; x_wconf 89' lang='grc' dir='ltr'>τοῦ</span> <span class='ocrx_word' id='word_1_300' title='bbox 817 2889 1043 2961; x_wconf 87' lang='grc' dir='ltr'>χρυσίου</span> <span class='ocrx_word' id='word_1_301' title='bbox 1069 2886 1170 2952; x_wconf 83' lang='grc' dir='ltr'>τὰς</span> <span class='ocrx_word' id='word_1_302' title='bbox 1188 2883 1331 2955; x_wconf 77' lang='grc' dir='ltr'>ῖνας,</span> <span class='ocrx_word' id='word_1_303' title='bbox 1353 2890 1471 2942; x_wconf 87' lang='grc' dir='ltr'>ἐκεῖ</span> <span class='ocrx_word' id='word_1_304' title='bbox 1489 2888 1885 2943; x_wconf 86' lang='grc' dir='ltr'>διασκάπτουσι</span> 
     </span>
    </p>
   </div>
   <div class='ocr_carea' id='block_1_42' title="bbox 293 2971 1887 3043">
    <p class='ocr_par' dir='ltr' id='par_1_42' title="bbox 293 2971 1887 3043">
     <span class='ocr_line' id='line_1_43' title="bbox 293 2971 1887 3043; baseline -0.001 -17"><span class='ocrx_word' id='word_1_305' title='bbox 293 2971 478 3037; x_wconf 83' lang='grc' dir='ltr'>πάλιν,</span> <span class='ocrx_word' id='word_1_306' title='bbox 502 2972 600 3026; x_wconf 75' lang='grc' dir='ltr'>καὶ</span> <span class='ocrx_word' id='word_1_307' title='bbox 621 2972 722 3026; x_wconf 86' lang='grc' dir='ltr'>οὐκ</span> <span class='ocrx_word' id='word_1_308' title='bbox 750 2972 1078 3041; x_wconf 83' lang='grc' dir='ltr'>ἀφίστανται</span> <span class='ocrx_word' id='word_1_309' title='bbox 1099 2971 1386 3043; x_wconf 87' lang='grc' dir='ltr'>πρότερον,</span> <span class='ocrx_word' id='word_1_310' title='bbox 1420 2971 1525 3034; x_wconf 77' lang='grc' dir='ltr'>ἕως</span> <span class='ocrx_word' id='word_1_311' title='bbox 1551 2971 1616 3026; x_wconf 89' lang='grc' dir='ltr'>ἂν</span> <span class='ocrx_word' id='word_1_312' title='bbox 1648 2971 1794 3025; x_wconf 80' lang='grc' dir='ltr'>ἀπαν</span> <span class='ocrx_word' id='word_1_313' title='bbox 1824 2971 1887 3025; x_wconf 82' lang='grc' dir='ltr'>τὸ</span> 
     </span>
    </p>
   </div>
   <div class='ocr_carea' id='block_1_43' title="bbox 291 3051 1884 3128">
    <p class='ocr_par' dir='ltr' id='par_1_43' title="bbox 291 3051 1884 3128">
     <span class='ocr_line' id='line_1_44' title="bbox 291 3051 1884 3128; baseline -0.001 -19"><span class='ocrx_word' id='word_1_314' title='bbox 291 3055 616 3128; x_wconf 86' lang='grc' dir='ltr'>φαινόμενον</span> <span class='ocrx_word' id='word_1_315' title='bbox 670 3051 1092 3126; x_wconf 82' lang='grc' dir='ltr'>ἐξαντλήσωσιν.</span> <span class='ocrx_word' id='word_1_316' title='bbox 1146 3054 1487 3125; x_wconf 87' lang='grc' dir='ltr'>Ἐπανίωμεν</span> <span class='ocrx_word' id='word_1_317' title='bbox 1520 3054 1721 3119; x_wconf 88' lang='grc' dir='ltr'>τοίνυν,</span> <span class='ocrx_word' id='word_1_318' title='bbox 1756 3053 1884 3108; x_wconf 77' lang='grc' dir='ltr'>ἔνθα</span> 
     </span>
    </p>
   </div>
   <div class='ocr_carea' id='block_1_44' title="bbox 292 3135 1884 3210">
    <p class='ocr_par' dir='ltr' id='par_1_44' title="bbox 292 3135 1884 3210">
     <span class='ocr_line' id='line_1_45' title="bbox 292 3135 1884 3210; baseline -0.001 -18"><span class='ocrx_word' id='word_1_319' title='bbox 292 3137 486 3210; x_wconf 82' lang='grc' dir='ltr'>πρώην</span> <span class='ocrx_word' id='word_1_320' title='bbox 516 3137 877 3209; x_wconf 84' lang='grc' dir='ltr'>κατελίπομεν</span> <span class='ocrx_word' id='word_1_321' title='bbox 904 3138 996 3191; x_wconf 82' lang='grc' dir='ltr'>τὸν</span> <span class='ocrx_word' id='word_1_322' title='bbox 1025 3136 1182 3206; x_wconf 91' lang='grc' dir='ltr'>λόγον</span> <span class='ocrx_word' id='word_1_323' title='bbox 1226 3137 1313 3191; x_wconf 85' lang='grc' dir='ltr'>ἵνα</span> <span class='ocrx_word' id='word_1_324' title='bbox 1346 3135 1554 3190; x_wconf 90' lang='grc' dir='ltr'>ἐκεῖθεν</span> <span class='ocrx_word' id='word_1_325' title='bbox 1585 3136 1747 3190; x_wconf 75' lang='grc' dir='ltr'>αὑτὸν</span> <span class='ocrx_word' id='word_1_326' title='bbox 1784 3138 1884 3190; x_wconf 84' lang='grc' dir='ltr'>άν-</span> 
     </span>
    </p>
   </div>
   <div class='ocr_carea' id='block_1_45' title="bbox 292 3219 1883 3293">
    <p class='ocr_par' dir='ltr' id='par_1_45' title="bbox 292 3219 1883 3293">
     <span class='ocr_line' id='line_1_46' title="bbox 292 3219 1883 3293; baseline -0.003 -17"><span class='ocrx_word' id='word_1_327' title='bbox 292 3221 564 3293; x_wconf 88' lang='grc' dir='ltr'>ελώμεθα.</span> <span class='ocrx_word' id='word_1_328' title='bbox 591 3220 750 3290; x_wconf 87' lang='grc' dir='ltr'>Ἐνῆν</span> <span class='ocrx_word' id='word_1_329' title='bbox 775 3219 873 3291; x_wconf 86' lang='grc' dir='ltr'>μὲν</span> <span class='ocrx_word' id='word_1_330' title='bbox 896 3219 1004 3291; x_wconf 82' lang='grc' dir='ltr'>γὰρ</span> <span class='ocrx_word' id='word_1_331' title='bbox 1027 3219 1119 3272; x_wconf 74' lang='grc' dir='ltr'>καὶ</span> <span class='ocrx_word' id='word_1_332' title='bbox 1145 3220 1203 3273; x_wconf 86' lang='grc' dir='ltr'>ἐν</span> <span class='ocrx_word' id='word_1_333' title='bbox 1224 3219 1410 3291; x_wconf 74' lang='grc' dir='ltr'>ἡμέρᾳ</span> <span class='ocrx_word' id='word_1_334' title='bbox 1427 3220 1527 3291; x_wconf 83' lang='grc' dir='ltr'>μιᾷ</span> <span class='ocrx_word' id='word_1_335' title='bbox 1556 3221 1734 3273; x_wconf 83' lang='grc' dir='ltr'>πᾶσαν</span> <span class='ocrx_word' id='word_1_336' title='bbox 1754 3219 1883 3291; x_wconf 82' lang='grc' dir='ltr'>ὑμῖν</span> 
     </span>
    </p>
   </div>
   <div class='ocr_carea' id='block_1_46' title="bbox 286 3301 1883 3375">
    <p class='ocr_par' dir='ltr' id='par_1_46' title="bbox 286 3301 1883 3375">
     <span class='ocr_line' id='line_1_47' title="bbox 286 3301 1883 3375; baseline -0.003 -16"><span class='ocrx_word' id='word_1_337' title='bbox 286 3303 493 3375; x_wconf 78' lang='grc' dir='ltr'>ταύτην</span> <span class='ocrx_word' id='word_1_338' title='bbox 540 3301 853 3368; x_wconf 83' lang='grc' dir='ltr'>ἐξαπλῶσαι</span> <span class='ocrx_word' id='word_1_339' title='bbox 888 3301 989 3371; x_wconf 85' lang='grc' dir='ltr'>τὴν</span> <span class='ocrx_word' id='word_1_340' title='bbox 1043 3301 1377 3374; x_wconf 85' lang='grc' dir='ltr'>παραϐολήν⁶</span> <span class='ocrx_word' id='word_1_341' title='bbox 1426 3301 1542 3356; x_wconf 88' lang='grc' dir='ltr'>ἀλλ’</span> <span class='ocrx_word' id='word_1_342' title='bbox 1590 3301 1690 3373; x_wconf 84' lang='grc' dir='ltr'>οὐχ</span> <span class='ocrx_word' id='word_1_343' title='bbox 1735 3302 1883 3366; x_wconf 84' lang='grc' dir='ltr'>ὅπως</span> 
     </span>
    </p>
   </div>
   <div class='ocr_carea' id='block_1_47' title="bbox 288 3382 1881 3456">
    <p class='ocr_par' dir='ltr' id='par_1_47' title="bbox 288 3382 1881 3456">
     <span class='ocr_line' id='line_1_48' title="bbox 288 3382 1881 3456; baseline -0.003 -14"><span class='ocrx_word' id='word_1_344' title='bbox 288 3386 460 3442; x_wconf 80' lang='grc' dir='ltr'>πολλά</span> <span class='ocrx_word' id='word_1_345' title='bbox 484 3386 730 3448; x_wconf 88' lang='grc' dir='ltr'>εἰπόντες</span> <span class='ocrx_word' id='word_1_346' title='bbox 754 3382 1105 3455; x_wconf 78' lang='grc' dir='ltr'>ἀπέλθωμεν,</span> <span class='ocrx_word' id='word_1_347' title='bbox 1122 3382 1282 3438; x_wconf 89' lang='grc' dir='ltr'>τοῦτο</span> <span class='ocrx_word' id='word_1_348' title='bbox 1305 3383 1743 3456; x_wconf 76' lang='grc' dir='ltr'>ἐσπουδάκαμεν,</span> <span class='ocrx_word' id='word_1_349' title='bbox 1768 3384 1881 3438; x_wconf 87' lang='grc' dir='ltr'>ἀλλ’</span> 
     </span>
    </p>
   </div>
   <div class='ocr_carea' id='block_1_48' title="bbox 284 3466 1882 3542">
    <p class='ocr_par' dir='ltr' id='par_1_48' title="bbox 284 3466 1882 3542">
     <span class='ocr_line' id='line_1_49' title="bbox 284 3466 1882 3542; baseline -0.004 -14"><span class='ocrx_word' id='word_1_350' title='bbox 284 3472 440 3535; x_wconf 80' lang='grc' dir='ltr'>ὅπως</span> <span class='ocrx_word' id='word_1_351' title='bbox 465 3470 604 3542; x_wconf 87' lang='grc' dir='ltr'>μετά</span> <span class='ocrx_word' id='word_1_352' title='bbox 638 3467 921 3541; x_wconf 86' lang='grc' dir='ltr'>ἀκριϐείας</span> <span class='ocrx_word' id='word_1_353' title='bbox 948 3467 1020 3521; x_wconf 90' lang='grc' dir='ltr'>τά</span> <span class='ocrx_word' id='word_1_354' title='bbox 1046 3466 1309 3539; x_wconf 79' lang='grc' dir='ltr'>λεχθέντα</span> <span class='ocrx_word' id='word_1_355' title='bbox 1346 3466 1631 3539; x_wconf 77' lang='grc' dir='ltr'>δεξάμενοι</span> <span class='ocrx_word' id='word_1_356' title='bbox 1654 3468 1751 3521; x_wconf 76' lang='grc' dir='ltr'>καὶ</span> <span class='ocrx_word' id='word_1_357' title='bbox 1782 3485 1882 3522; x_wconf 89' lang='grc' dir='ltr'>κα-</span> 
     </span>
    </p>
   </div>
   <div class='ocr_carea' id='block_1_49' title="bbox 284 3550 1882 3625">
    <p class='ocr_par' dir='ltr' id='par_1_49' title="bbox 284 3550 1882 3625">
     <span class='ocr_line' id='line_1_50' title="bbox 284 3550 1882 3625; baseline -0.004 -15"><span class='ocrx_word' id='word_1_358' title='bbox 284 3553 601 3625; x_wconf 83' lang='grc' dir='ltr'>τασχόντες,</span> <span class='ocrx_word' id='word_1_359' title='bbox 660 3550 877 3606; x_wconf 86' lang='grc' dir='ltr'>λάϐοιτέ</span> <span class='ocrx_word' id='word_1_360' title='bbox 919 3568 1042 3605; x_wconf 88' lang='grc' dir='ltr'>τινα</span> <span class='ocrx_word' id='word_1_361' title='bbox 1094 3551 1203 3605; x_wconf 88' lang='grc' dir='ltr'>ἀπὺ</span> <span class='ocrx_word' id='word_1_362' title='bbox 1258 3551 1361 3623; x_wconf 86' lang='grc' dir='ltr'>τῆς</span> <span class='ocrx_word' id='word_1_363' title='bbox 1389 3552 1634 3624; x_wconf 81' lang='grc' dir='ltr'>φυλακῆς</span> <span class='ocrx_word' id='word_1_364' title='bbox 1677 3551 1882 3622; x_wconf 85' lang='grc' dir='ltr'>ταύτης</span> 
     </span>
    </p>
   </div>
   <div class='ocr_carea' id='block_1_50' title="bbox 285 3633 1882 3709">
    <p class='ocr_par' dir='ltr' id='par_1_50' title="bbox 285 3633 1882 3709">
     <span class='ocr_line' id='line_1_51' title="bbox 285 3633 1882 3709; baseline -0.001 -20"><span class='ocrx_word' id='word_1_365' title='bbox 285 3636 543 3709; x_wconf 81' lang='grc' dir='ltr'>αἴσθησιν</span> <span class='ocrx_word' id='word_1_366' title='bbox 575 3633 844 3705; x_wconf 84' lang='grc' dir='ltr'>ὠφελείας</span> <span class='ocrx_word' id='word_1_367' title='bbox 875 3633 1275 3706; x_wconf 86' lang='grc' dir='ltr'>πνευματικῆς.</span> <span class='ocrx_word' id='word_1_368' title='bbox 1303 3634 1416 3689; x_wconf 72' lang='grc' dir='ltr'>Καὶ</span> <span class='ocrx_word' id='word_1_369' title='bbox 1444 3634 1555 3707; x_wconf 83' lang='grc' dir='ltr'>γὰρ</span> <span class='ocrx_word' id='word_1_370' title='bbox 1577 3635 1764 3707; x_wconf 86' lang='grc' dir='ltr'>μήτηρ</span> <span class='ocrx_word' id='word_1_371' title='bbox 1791 3651 1882 3703; x_wconf 78' lang='grc' dir='ltr'>φιο</span> 
     </span>
    </p>
   </div>
   <div class='ocr_carea' id='block_1_51' title="bbox 284 3716 1879 3793">
    <p class='ocr_par' dir='ltr' id='par_1_51' title="bbox 284 3716 1879 3793">
     <span class='ocr_line' id='line_1_52' title="bbox 284 3716 1879 3793; baseline -0.003 -19"><span class='ocrx_word' id='word_1_372' title='bbox 284 3721 576 3793; x_wconf 85' lang='grc' dir='ltr'>λόστοργος</span> <span class='ocrx_word' id='word_1_373' title='bbox 611 3717 882 3790; x_wconf 89' lang='grc' dir='ltr'>μέλλουσα</span> <span class='ocrx_word' id='word_1_374' title='bbox 928 3717 1024 3771; x_wconf 81' lang='grc' dir='ltr'>ἐπὶ</span> <span class='ocrx_word' id='word_1_375' title='bbox 1052 3716 1278 3789; x_wconf 81' lang='grc' dir='ltr'>στερεὰν</span> <span class='ocrx_word' id='word_1_376' title='bbox 1315 3718 1376 3771; x_wconf 85' lang='grc' dir='ltr'>τὸ</span> <span class='ocrx_word' id='word_1_377' title='bbox 1403 3716 1879 3790; x_wconf 86' lang='grc' dir='ltr'>γαλακτοτροφού-</span> 
     </span>
    </p>
   </div>
   <div class='ocr_carea' id='block_1_52' title="bbox 289 3799 1880 3877">
    <p class='ocr_par' dir='ltr' id='par_1_52' title="bbox 289 3799 1880 3877">
     <span class='ocr_line' id='line_1_53' title="bbox 289 3799 1880 3877; baseline -0.003 -19"><span class='ocrx_word' id='word_1_378' title='bbox 289 3821 455 3877; x_wconf 90' lang='grc' dir='ltr'>μενον</span> <span class='ocrx_word' id='word_1_379' title='bbox 485 3803 697 3857; x_wconf 84' lang='grc' dir='ltr'>παιδίον</span> <span class='ocrx_word' id='word_1_380' title='bbox 728 3803 881 3871; x_wconf 81' lang='grc' dir='ltr'>ἄγειν</span> <span class='ocrx_word' id='word_1_381' title='bbox 899 3801 1105 3873; x_wconf 84' lang='grc' dir='ltr'>τροφὴν</span> <span class='ocrx_word' id='word_1_382' title='bbox 1122 3840 1137 3867; x_wconf 92' lang='grc'>,</span> <span class='ocrx_word' id='word_1_383' title='bbox 1163 3800 1230 3856; x_wconf 82' lang='grc' dir='ltr'>ἂν</span> <span class='ocrx_word' id='word_1_384' title='bbox 1266 3801 1365 3873; x_wconf 84' lang='grc' dir='ltr'>μὲν</span> <span class='ocrx_word' id='word_1_385' title='bbox 1392 3799 1588 3873; x_wconf 88' lang='grc' dir='ltr'>ἀθρόον</span> <span class='ocrx_word' id='word_1_386' title='bbox 1610 3801 1775 3875; x_wconf 88' lang='grc' dir='ltr'>ἐγχέῃ</span> <span class='ocrx_word' id='word_1_387' title='bbox 1802 3800 1880 3874; x_wconf 83' lang='grc' dir='ltr'>τῷ</span> 
     </span>
    </p>
   </div>
   <div class='ocr_carea' id='block_1_53' title="bbox 288 3883 1882 3959">
    <p class='ocr_par' dir='ltr' id='par_1_53' title="bbox 288 3883 1882 3959">
     <span class='ocr_line' id='line_1_54' title="bbox 288 3883 1882 3959; baseline -0.003 -16"><span class='ocrx_word' id='word_1_388' title='bbox 288 3888 520 3959; x_wconf 83' lang='grc' dir='ltr'>στόματι</span> <span class='ocrx_word' id='word_1_389' title='bbox 572 3887 664 3942; x_wconf 83' lang='grc' dir='ltr'>τὸν</span> <span class='ocrx_word' id='word_1_390' title='bbox 714 3885 973 3957; x_wconf 77' lang='grc' dir='ltr'>ἄκρατον,</span> <span class='ocrx_word' id='word_1_391' title='bbox 1008 3883 1161 3939; x_wconf 80' lang='grc' dir='ltr'>οὐδὲν</span> <span class='ocrx_word' id='word_1_392' title='bbox 1189 3884 1447 3957; x_wconf 92' lang='grc' dir='ltr'>όνίνησιν,</span> <span class='ocrx_word' id='word_1_393' title='bbox 1486 3884 1882 3950; x_wconf 78' lang='grc' dir='ltr'>ἀποϐλύζοντος</span> 
     </span>
    </p>
   </div>
   <div class='ocr_carea' id='block_1_54' title="bbox 284 3961 1880 4044">
    <p class='ocr_par' dir='ltr' id='par_1_54' title="bbox 284 3961 1880 4044">
     <span class='ocr_line' id='line_1_55' title="bbox 284 3961 1880 4044; baseline -0.003 -16"><span class='ocrx_word' id='word_1_394' title='bbox 284 3972 381 4028; x_wconf 84' lang='grc' dir='ltr'>τοῦ</span> <span class='ocrx_word' id='word_1_395' title='bbox 411 3971 624 4026; x_wconf 81' lang='grc' dir='ltr'>παιδίου</span> <span class='ocrx_word' id='word_1_396' title='bbox 657 3971 719 4025; x_wconf 83' lang='grc' dir='ltr'>τὸ</span> <span class='ocrx_word' id='word_1_397' title='bbox 740 3970 1041 4042; x_wconf 89' lang='grc' dir='ltr'>διδόμενον,</span> <span class='ocrx_word' id='word_1_398' title='bbox 1071 3970 1167 4024; x_wconf 71' lang='grc' dir='ltr'>καὶ</span> <span class='ocrx_word' id='word_1_399' title='bbox 1212 3961 1590 4043; x_wconf 82' lang='grc' dir='ltr'>διαϐρέχοντος</span> <span class='ocrx_word' id='word_1_400' title='bbox 1629 3970 1757 4042; x_wconf 79' lang='grc' dir='ltr'>περὶ</span> <span class='ocrx_word' id='word_1_401' title='bbox 1801 3970 1880 4044; x_wconf 81' lang='grc' dir='ltr'>τῷ</span> 
     </span>
    </p>
   </div>
   <div class='ocr_carea' id='block_1_55' title="bbox 286 4051 1878 4128">
    <p class='ocr_par' dir='ltr' id='par_1_55' title="bbox 286 4051 1878 4128">
     <span class='ocr_line' id='line_1_56' title="bbox 286 4051 1878 4128; baseline -0.001 -18"><span class='ocrx_word' id='word_1_402' title='bbox 286 4056 473 4128; x_wconf 87' lang='grc' dir='ltr'>στήθει</span> <span class='ocrx_word' id='word_1_403' title='bbox 500 4056 591 4110; x_wconf 79' lang='grc' dir='ltr'>τὸν</span> <span class='ocrx_word' id='word_1_404' title='bbox 617 4053 955 4127; x_wconf 88' lang='grc' dir='ltr'>χιτωνίσκον·</span> <span class='ocrx_word' id='word_1_405' title='bbox 994 4052 1061 4108; x_wconf 87' lang='grc' dir='ltr'>ἂν</span> <span class='ocrx_word' id='word_1_406' title='bbox 1087 4051 1146 4106; x_wconf 80' lang='grc' dir='ltr'>δὲ</span> <span class='ocrx_word' id='word_1_407' title='bbox 1175 4052 1362 4125; x_wconf 78' lang='grc' dir='ltr'>ἠρέμα</span> <span class='ocrx_word' id='word_1_408' title='bbox 1398 4053 1492 4108; x_wconf 78' lang='grc' dir='ltr'>καὶ</span> <span class='ocrx_word' id='word_1_409' title='bbox 1519 4053 1659 4107; x_wconf 87' lang='grc' dir='ltr'>κατά</span> <span class='ocrx_word' id='word_1_410' title='bbox 1685 4054 1878 4126; x_wconf 80' lang='grc' dir='ltr'>μικρὸν</span> 
     </span>
    </p>
   </div>
   <div class='ocr_carea' id='block_1_56' title="bbox 283 4132 1880 4212">
    <p class='ocr_par' dir='ltr' id='par_1_56' title="bbox 283 4132 1880 4212">
     <span class='ocr_line' id='line_1_57' title="bbox 283 4132 1880 4212; baseline -0.001 -19"><span class='ocrx_word' id='word_1_411' title='bbox 283 4139 476 4212; x_wconf 84' lang='grc' dir='ltr'>ἐγχέῃ,</span> <span class='ocrx_word' id='word_1_412' title='bbox 528 4136 893 4208; x_wconf 85' lang='grc' dir='ltr'>παραπέμπει</span> <span class='ocrx_word' id='word_1_413' title='bbox 925 4136 987 4191; x_wconf 74' lang='grc' dir='ltr'>τὸ</span> <span class='ocrx_word' id='word_1_414' title='bbox 1042 4135 1196 4192; x_wconf 81' lang='grc' dir='ltr'>δοθὲν</span> <span class='ocrx_word' id='word_1_415' title='bbox 1219 4134 1462 4202; x_wconf 86' lang='grc' dir='ltr'>ἀλύπως.</span> <span class='ocrx_word' id='word_1_416' title='bbox 1500 4136 1598 4190; x_wconf 82' lang='grc' dir='ltr'>ἰν’</span> <span class='ocrx_word' id='word_1_417' title='bbox 1655 4132 1748 4191; x_wconf 77' lang='grc' dir='ltr'>οὖν</span> <span class='ocrx_word' id='word_1_418' title='bbox 1786 4139 1880 4191; x_wconf 77' lang='grc' dir='ltr'>καὶ</span> 
     </span>
    </p>
   </div>
   <div class='ocr_carea' id='block_1_57' title="bbox 282 4217 1880 4296">
    <p class='ocr_par' dir='ltr' id='par_1_57' title="bbox 282 4217 1880 4296">
     <span class='ocr_line' id='line_1_58' title="bbox 282 4217 1880 4296; baseline -0.003 -19"><span class='ocrx_word' id='word_1_419' title='bbox 282 4225 444 4296; x_wconf 82' lang='grc' dir='ltr'>ὑμεῖς</span> <span class='ocrx_word' id='word_1_420' title='bbox 480 4220 541 4274; x_wconf 81' lang='grc' dir='ltr'>τὸ</span> <span class='ocrx_word' id='word_1_421' title='bbox 564 4220 715 4274; x_wconf 83' lang='grc' dir='ltr'>δοθὲν</span> <span class='ocrx_word' id='word_1_422' title='bbox 747 4220 821 4291; x_wconf 82' lang='grc' dir='ltr'>μὴ</span> <span class='ocrx_word' id='word_1_423' title='bbox 852 4217 1215 4290; x_wconf 86' lang='grc' dir='ltr'>ἀποϐλύσητε,</span> <span class='ocrx_word' id='word_1_424' title='bbox 1263 4221 1365 4273; x_wconf 80' lang='grc' dir='ltr'>οὐκ</span> <span class='ocrx_word' id='word_1_425' title='bbox 1396 4219 1592 4292; x_wconf 87' lang='grc' dir='ltr'>ἀθρόον</span> <span class='ocrx_word' id='word_1_426' title='bbox 1626 4221 1754 4292; x_wconf 86' lang='grc' dir='ltr'>ὑμῖν</span> <span class='ocrx_word' id='word_1_427' title='bbox 1782 4221 1880 4274; x_wconf 81' lang='grc' dir='ltr'>ἐπ-</span> 
     </span>
    </p>
   </div>
   <div class='ocr_carea' id='block_1_58' title="bbox 283 4301 1878 4375">
    <p class='ocr_par' dir='ltr' id='par_1_58' title="bbox 283 4301 1878 4375">
     <span class='ocr_line' id='line_1_59' title="bbox 283 4301 1878 4375; baseline -0.002 -16"><span class='ocrx_word' id='word_1_428' title='bbox 283 4305 476 4360; x_wconf 89' lang='grc' dir='ltr'>εκλίνα</span> <span class='ocrx_word' id='word_1_429' title='bbox 485 4321 583 4374; x_wconf 91' lang='grc' dir='ltr'>μεν</span> <span class='ocrx_word' id='word_1_430' title='bbox 611 4302 674 4355; x_wconf 81' lang='grc' dir='ltr'>τὸ</span> <span class='ocrx_word' id='word_1_431' title='bbox 690 4302 790 4372; x_wconf 85' lang='grc' dir='ltr'>τῆς</span> <span class='ocrx_word' id='word_1_432' title='bbox 818 4301 1167 4365; x_wconf 85' lang='grc' dir='ltr'>διδασκαλίας</span> <span class='ocrx_word' id='word_1_433' title='bbox 1203 4303 1483 4375; x_wconf 90' lang='grc' dir='ltr'>ποτήριον,</span> <span class='ocrx_word' id='word_1_434' title='bbox 1505 4302 1620 4356; x_wconf 90' lang='grc' dir='ltr'>ἀλλ’</span> <span class='ocrx_word' id='word_1_435' title='bbox 1644 4306 1725 4368; x_wconf 91' lang='grc' dir='ltr'>εἰς</span> <span class='ocrx_word' id='word_1_436' title='bbox 1744 4303 1878 4356; x_wconf 91' lang='grc' dir='ltr'>πολ-</span> 
     </span>
    </p>
   </div>
   <div class='ocr_carea' id='block_1_59' title="bbox 281 4383 1878 4458">
    <p class='ocr_par' dir='ltr' id='par_1_59' title="bbox 281 4383 1878 4458">
     <span class='ocr_line' id='line_1_60' title="bbox 281 4383 1878 4458; baseline -0.01 -15"><span class='ocrx_word' id='word_1_437' title='bbox 281 4388 384 4452; x_wconf 85' lang='grc' dir='ltr'>λὰς</span> <span class='ocrx_word' id='word_1_438' title='bbox 411 4388 539 4458; x_wconf 80' lang='grc' dir='ltr'>ὑμῖν</span> <span class='ocrx_word' id='word_1_439' title='bbox 561 4384 692 4439; x_wconf 81' lang='grc' dir='ltr'>αὐτὸ</span> <span class='ocrx_word' id='word_1_440' title='bbox 714 4383 1268 4454; x_wconf 88' lang='grc' dir='ltr'>κατεκερματίσαμεν</span> <span class='ocrx_word' id='word_1_441' title='bbox 1289 4384 1527 4458; x_wconf 81' lang='grc' dir='ltr'>ἠμέρας,</span> <span class='ocrx_word' id='word_1_442' title='bbox 1551 4387 1612 4438; x_wconf 84' lang='grc' dir='ltr'>ἐν</span> <span class='ocrx_word' id='word_1_443' title='bbox 1632 4388 1753 4449; x_wconf 89' lang='grc' dir='ltr'>ταῖς</span> <span class='ocrx_word' id='word_1_444' title='bbox 1783 4402 1878 4456; x_wconf 84' lang='grc' dir='ltr'>με-</span> 
     </span>
    </p>
   </div>
   <div class='ocr_carea' id='block_1_60' title="bbox 280 4465 1877 4539">
    <p class='ocr_par' dir='ltr' id='par_1_60' title="bbox 280 4465 1877 4539">
     <span class='ocr_line' id='line_1_61' title="bbox 280 4465 1877 4539; baseline -0.004 -12"><span class='ocrx_word' id='word_1_445' title='bbox 280 4470 421 4538; x_wconf 77' lang='grc' dir='ltr'>ταξῦ</span> <span class='ocrx_word' id='word_1_446' title='bbox 430 4468 655 4537; x_wconf 77' lang='grc' dir='ltr'>ταύταις</span> <span class='ocrx_word' id='word_1_447' title='bbox 666 4469 700 4538; x_wconf 84' lang='grc' dir='ltr'><strong>ἡ</strong></span> <span class='ocrx_word' id='word_1_448' title='bbox 710 4467 906 4538; x_wconf 90' lang='grc' dir='ltr'>μέραις</span> <span class='ocrx_word' id='word_1_449' title='bbox 920 4465 1346 4521; x_wconf 89' lang='grc' dir='ltr'>διαναπαύεσθαι</span> <span class='ocrx_word' id='word_1_450' title='bbox 1361 4468 1733 4539; x_wconf 88' lang='grc' dir='ltr'>παρασχόντες</span> <span class='ocrx_word' id='word_1_451' title='bbox 1748 4469 1778 4520; x_wconf 84' lang='grc' dir='ltr'>ὑ</span> <span class='ocrx_word' id='word_1_452' title='bbox 1786 4470 1877 4539; x_wconf 88' lang='grc' dir='ltr'>μῖν</span> 
     </span>
    </p>
   </div>
   <div class='ocr_carea' id='block_1_61' title="bbox 280 4548 1877 4624">
    <p class='ocr_par' dir='ltr' id='par_1_61' title="bbox 280 4548 1877 4624">
     <span class='ocr_line' id='line_1_62' title="bbox 280 4548 1877 4624; baseline -0.005 -13"><span class='ocrx_word' id='word_1_453' title='bbox 280 4556 352 4612; x_wconf 84' lang='grc' dir='ltr'>ἐκ</span> <span class='ocrx_word' id='word_1_454' title='bbox 378 4553 475 4609; x_wconf 89' lang='grc' dir='ltr'>τοῦ</span> <span class='ocrx_word' id='word_1_455' title='bbox 505 4552 608 4624; x_wconf 73' lang='grc' dir='ltr'>τῆς</span> <span class='ocrx_word' id='word_1_456' title='bbox 643 4548 797 4622; x_wconf 77' lang='grc'>[757]</span> <span class='ocrx_word' id='word_1_457' title='bbox 824 4550 1143 4622; x_wconf 88' lang='grc' dir='ltr'>ἀκροάσεως</span> <span class='ocrx_word' id='word_1_458' title='bbox 1171 4548 1356 4614; x_wconf 89' lang='grc' dir='ltr'>πόνου,</span> <span class='ocrx_word' id='word_1_459' title='bbox 1382 4548 1472 4604; x_wconf 81' lang='grc' dir='ltr'>ἴνα</span> <span class='ocrx_word' id='word_1_460' title='bbox 1493 4549 1589 4604; x_wconf 80' lang='grc' dir='ltr'>καὶ</span> <span class='ocrx_word' id='word_1_461' title='bbox 1605 4550 1674 4604; x_wconf 88' lang='grc' dir='ltr'>τά</span> <span class='ocrx_word' id='word_1_462' title='bbox 1704 4567 1877 4605; x_wconf 85' lang='grc' dir='ltr'>κατα-</span> 
     </span>
    </p>
   </div>
   <div class='ocr_carea' id='block_1_62' title="bbox 282 4631 1877 4710">
    <p class='ocr_par' dir='ltr' id='par_1_62' title="bbox 282 4631 1877 4710">
     <span class='ocr_line' id='line_1_63' title="bbox 282 4631 1877 4710; baseline -0.006 -17"><span class='ocrx_word' id='word_1_463' title='bbox 282 4636 554 4710; x_wconf 79' lang='grc' dir='ltr'>ϐληθέντα</span> <span class='ocrx_word' id='word_1_464' title='bbox 608 4636 760 4705; x_wconf 77' lang='grc' dir='ltr'>παγῇ</span> <span class='ocrx_word' id='word_1_465' title='bbox 811 4631 951 4705; x_wconf 89' lang='grc' dir='ltr'>μετά</span> <span class='ocrx_word' id='word_1_466' title='bbox 983 4631 1285 4701; x_wconf 80' lang='grc' dir='ltr'>ἀσφαλείας</span> <span class='ocrx_word' id='word_1_467' title='bbox 1334 4634 1394 4686; x_wconf 89' lang='grc' dir='ltr'>ἐν</span> <span class='ocrx_word' id='word_1_468' title='bbox 1429 4635 1496 4704; x_wconf 80' lang='grc' dir='ltr'>τῇ</span> <span class='ocrx_word' id='word_1_469' title='bbox 1528 4632 1734 4705; x_wconf 83' lang='grc' dir='ltr'>διανοίᾳ</span> <span class='ocrx_word' id='word_1_470' title='bbox 1777 4635 1877 4706; x_wconf 84' lang='grc' dir='ltr'>τῆς</span> 
     </span>
    </p>
   </div>
   <div class='ocr_carea' id='block_1_63' title="bbox 285 4714 1878 4795">
    <p class='ocr_par' dir='ltr' id='par_1_63' title="bbox 285 4714 1878 4795">
     <span class='ocr_line' id='line_1_64' title="bbox 285 4714 1878 4795; baseline -0.004 -18"><span class='ocrx_word' id='word_1_471' title='bbox 285 4721 561 4795; x_wconf 80' lang='grc' dir='ltr'>ὑμετέρας</span> <span class='ocrx_word' id='word_1_472' title='bbox 587 4717 829 4789; x_wconf 84' lang='grc' dir='ltr'>ἀγάπης,</span> <span class='ocrx_word' id='word_1_473' title='bbox 852 4716 946 4771; x_wconf 79' lang='grc' dir='ltr'>καὶ</span> <span class='ocrx_word' id='word_1_474' title='bbox 974 4715 1043 4770; x_wconf 81' lang='grc' dir='ltr'>τὰ</span> <span class='ocrx_word' id='word_1_475' title='bbox 1077 4714 1411 4787; x_wconf 79' lang='grc' dir='ltr'>ῥηθήσεσθαι</span> <span class='ocrx_word' id='word_1_476' title='bbox 1438 4715 1702 4788; x_wconf 87' lang='grc' dir='ltr'>μέλλοντα</span> <span class='ocrx_word' id='word_1_477' title='bbox 1729 4716 1878 4773; x_wconf 88' lang='grc' dir='ltr'>ἀνει-</span> 
     </span>
    </p>
   </div>
   <div class='ocr_carea' id='block_1_64' title="bbox 287 4799 1877 4880">
    <p class='ocr_par' dir='ltr' id='par_1_64' title="bbox 287 4799 1877 4880">
     <span class='ocr_line' id='line_1_65' title="bbox 287 4799 1877 4880; baseline -0.003 -19"><span class='ocrx_word' id='word_1_478' title='bbox 287 4808 427 4880; x_wconf 88' lang='grc' dir='ltr'>μένῃ</span> <span class='ocrx_word' id='word_1_479' title='bbox 453 4806 548 4860; x_wconf 67' lang='grc' dir='ltr'>καίΙ</span> <span class='ocrx_word' id='word_1_480' title='bbox 576 4801 906 4877; x_wconf 77' lang='grc' dir='ltr'>ἀκμαζούσῃ</span> <span class='ocrx_word' id='word_1_481' title='bbox 953 4799 1182 4874; x_wconf 82' lang='grc' dir='ltr'>δέξησθε</span> <span class='ocrx_word' id='word_1_482' title='bbox 1227 4799 1399 4873; x_wconf 76' lang='grc' dir='ltr'>ψυχῇ.</span> <span class='ocrx_word' id='word_1_483' title='bbox 1451 4800 1552 4855; x_wconf 88' lang='grc' dir='ltr'>Διά</span> <span class='ocrx_word' id='word_1_484' title='bbox 1601 4799 1877 4857; x_wconf 78' lang='grc' dir='ltr'>τοῦτοκαὶ</span> 
     </span>
    </p>
   </div>
   <div class='ocr_carea' id='block_1_65' title="bbox 281 4879 1876 4963">
    <p class='ocr_par' dir='ltr' id='par_1_65' title="bbox 281 4879 1876 4963">
     <span class='ocr_line' id='line_1_66' title="bbox 281 4879 1876 4963; baseline -0.005 -18"><span class='ocrx_word' id='word_1_485' title='bbox 281 4879 667 4963; x_wconf 72' lang='grc' dir='ltr'>τὴνύπόθεσιν</span> <span class='ocrx_word' id='word_1_486' title='bbox 711 4886 822 4942; x_wconf 91' lang='grc' dir='ltr'>τῶν</span> <span class='ocrx_word' id='word_1_487' title='bbox 872 4885 1177 4958; x_wconf 89' lang='grc' dir='ltr'>μελλόντων</span> <span class='ocrx_word' id='word_1_488' title='bbox 1236 4883 1570 4955; x_wconf 80' lang='grc' dir='ltr'>ῥηθήσεσθαι</span> <span class='ocrx_word' id='word_1_489' title='bbox 1615 4883 1876 4950; x_wconf 81' lang='grc' dir='ltr'>πολλάκις</span> 
     </span>
    </p>
   </div>
   <div class='ocr_carea' id='block_1_66' title="bbox 282 4966 1876 5046">
    <p class='ocr_par' dir='ltr' id='par_1_66' title="bbox 282 4966 1876 5046">
     <span class='ocr_line' id='line_1_67' title="bbox 282 4966 1876 5046; baseline -0.006 -16"><span class='ocrx_word' id='word_1_490' title='bbox 282 4977 418 5046; x_wconf 80' lang='grc' dir='ltr'>ὑμῖν</span> <span class='ocrx_word' id='word_1_491' title='bbox 446 4971 786 5046; x_wconf 89' lang='grc' dir='ltr'>προλέγομεν</span> <span class='ocrx_word' id='word_1_492' title='bbox 813 4970 921 5040; x_wconf 83' lang='grc' dir='ltr'>πρὸ</span> <span class='ocrx_word' id='word_1_493' title='bbox 962 4967 1176 5023; x_wconf 83' lang='grc' dir='ltr'>πολλῶν</span> <span class='ocrx_word' id='word_1_494' title='bbox 1224 4966 1481 5046; x_wconf 72' lang='grc' dir='ltr'>ἡμερῶν,</span> <span class='ocrx_word' id='word_1_495' title='bbox 1533 4966 1621 5045; x_wconf 69' lang='grc' dir='ltr'>ῖνα</span> <span class='ocrx_word' id='word_1_496' title='bbox 1671 4969 1728 5021; x_wconf 85' lang='grc' dir='ltr'>ἐν</span> <span class='ocrx_word' id='word_1_497' title='bbox 1753 4971 1876 5034; x_wconf 85' lang='grc' dir='ltr'>ταῖς</span> 
     </span>
    </p>
   </div>
   <div class='ocr_carea' id='block_1_67' title="bbox 288 5038 1876 5130">
    <p class='ocr_par' dir='ltr' id='par_1_67' title="bbox 288 5038 1876 5130">
     <span class='ocr_line' id='line_1_68' title="bbox 288 5038 1876 5130; baseline -0.003 -20"><span class='ocrx_word' id='word_1_498' title='bbox 288 5038 506 5130; x_wconf 54' lang='grc' dir='ltr'>μεταξύ</span> <span class='ocrx_word' id='word_1_499' title='bbox 527 5038 754 5118; x_wconf 78' lang='grc' dir='ltr'>ταύταις</span> <span class='ocrx_word' id='word_1_500' title='bbox 805 5038 1040 5125; x_wconf 83' lang='grc' dir='ltr'>ήμέραις</span> <span class='ocrx_word' id='word_1_501' title='bbox 1081 5050 1144 5105; x_wconf 83' lang='grc' dir='ltr'>τὸ</span> <span class='ocrx_word' id='word_1_502' title='bbox 1204 5038 1408 5122; x_wconf 70' lang='grc' dir='ltr'>βιϐλίοῖι</span> <span class='ocrx_word' id='word_1_503' title='bbox 1450 5038 1725 5115; x_wconf 83' lang='grc' dir='ltr'>λαϐόντες,</span> <span class='ocrx_word' id='word_1_504' title='bbox 1778 5051 1876 5105; x_wconf 76' lang='grc' dir='ltr'>καὶ</span> 
     </span>
    </p>
   </div>
   <div class='ocr_carea' id='block_1_68' title="bbox 283 5132 1876 5212">
    <p class='ocr_par' dir='ltr' id='par_1_68' title="bbox 283 5132 1876 5212">
     <span class='ocr_line' id='line_1_69' title="bbox 283 5132 1876 5212; baseline -0.006 -17"><span class='ocrx_word' id='word_1_505' title='bbox 283 5140 385 5212; x_wconf 78' lang='grc' dir='ltr'>τὴν</span> <span class='ocrx_word' id='word_1_506' title='bbox 428 5137 733 5211; x_wconf 81' lang='grc' dir='ltr'>περικοπὴν</span> <span class='ocrx_word' id='word_1_507' title='bbox 773 5135 990 5191; x_wconf 75' lang='grc' dir='ltr'>ἃπασαν</span> <span class='ocrx_word' id='word_1_508' title='bbox 1024 5134 1293 5200; x_wconf 85' lang='grc' dir='ltr'>ἐπιόντες,</span> <span class='ocrx_word' id='word_1_509' title='bbox 1337 5133 1433 5188; x_wconf 79' lang='grc' dir='ltr'>καὶ</span> <span class='ocrx_word' id='word_1_510' title='bbox 1462 5132 1876 5205; x_wconf 81' lang='grc' dir='ltr'>καταμαθόντες</span> 
     </span>
    </p>
   </div>
   <div class='ocr_carea' id='block_1_69' title="bbox 284 5215 1875 5295">
    <p class='ocr_par' dir='ltr' id='par_1_69' title="bbox 284 5215 1875 5295">
     <span class='ocr_line' id='line_1_70' title="bbox 284 5215 1875 5295; baseline -0.004 -17"><span class='ocrx_word' id='word_1_511' title='bbox 284 5224 340 5278; x_wconf 86' lang='grc' dir='ltr'>τί</span> <span class='ocrx_word' id='word_1_512' title='bbox 390 5222 490 5295; x_wconf 73' lang='grc' dir='ltr'>μὲν</span> <span class='ocrx_word' id='word_1_513' title='bbox 518 5222 756 5295; x_wconf 73' lang='grc' dir='ltr'>εἴρηται,</span> <span class='ocrx_word' id='word_1_514' title='bbox 803 5220 857 5273; x_wconf 88' lang='grc' dir='ltr'>τί</span> <span class='ocrx_word' id='word_1_515' title='bbox 909 5219 966 5274; x_wconf 86' lang='grc' dir='ltr'>δὲ</span> <span class='ocrx_word' id='word_1_516' title='bbox 1010 5217 1419 5283; x_wconf 82' lang='grc' dir='ltr'>ὑπολέλειπται,</span> <span class='ocrx_word' id='word_1_517' title='bbox 1465 5215 1875 5288; x_wconf 85' lang='grc' dir='ltr'>εύμαθεστέραν</span> 
     </span>
    </p>
   </div>
   <div class='ocr_carea' id='block_1_70' title="bbox 284 5300 1873 5380">
    <p class='ocr_par' dir='ltr' id='par_1_70' title="bbox 284 5300 1873 5380">
     <span class='ocr_line' id='line_1_71' title="bbox 284 5300 1873 5380; baseline -0.005 -16"><span class='ocrx_word' id='word_1_518' title='bbox 284 5306 442 5380; x_wconf 81' lang='grc' dir='ltr'>ὑμῶν</span> <span class='ocrx_word' id='word_1_519' title='bbox 475 5306 739 5377; x_wconf 89' lang='grc' dir='ltr'>ποιήσητε</span> <span class='ocrx_word' id='word_1_520' title='bbox 766 5303 865 5376; x_wconf 77' lang='grc' dir='ltr'>τὴν</span> <span class='ocrx_word' id='word_1_521' title='bbox 912 5303 1151 5358; x_wconf 89' lang='grc' dir='ltr'>διάνοιαν</span> <span class='ocrx_word' id='word_1_522' title='bbox 1184 5301 1322 5375; x_wconf 84' lang='grc' dir='ltr'>πρὸς</span> <span class='ocrx_word' id='word_1_523' title='bbox 1348 5300 1446 5373; x_wconf 79' lang='grc' dir='ltr'>τὴν</span> <span class='ocrx_word' id='word_1_524' title='bbox 1471 5300 1734 5372; x_wconf 85' lang='grc' dir='ltr'>ἀκρόασιν</span> <span class='ocrx_word' id='word_1_525' title='bbox 1764 5300 1873 5357; x_wconf 91' lang='grc' dir='ltr'>τῶν</span> 
     </span>
    </p>
   </div>
   <div class='ocr_carea' id='block_1_71' title="bbox 289 5386 1054 5466">
    <p class='ocr_par' dir='ltr' id='par_1_71' title="bbox 289 5386 1054 5466">
     <span class='ocr_line' id='line_1_72' title="bbox 289 5386 1054 5466; baseline -0.007 -22"><span class='ocrx_word' id='word_1_526' title='bbox 289 5390 430 5466; x_wconf 87' lang='grc' dir='ltr'>μετά</span> <span class='ocrx_word' id='word_1_527' title='bbox 451 5389 623 5443; x_wconf 86' lang='grc' dir='ltr'>ταῦτα</span> <span class='ocrx_word' id='word_1_528' title='bbox 646 5386 1054 5462; x_wconf 77' lang='grc' dir='ltr'>ῥηθησομένων.</span> 
     </span>
    </p>
   </div>
   <div class='ocr_carea' id='block_1_72' title="bbox 358 5465 1873 5542">
    <p class='ocr_par' dir='ltr' id='par_1_72' title="bbox 358 5465 1873 5542">
     <span class='ocr_line' id='line_1_73' title="bbox 358 5465 1873 5542; baseline -0.005 -13"><span class='ocrx_word' id='word_1_529' title='bbox 358 5474 469 5529; x_wconf 76' lang='grc' dir='ltr'>Καὶ</span> <span class='ocrx_word' id='word_1_530' title='bbox 493 5469 649 5527; x_wconf 88' lang='grc' dir='ltr'>τοῦτο</span> <span class='ocrx_word' id='word_1_531' title='bbox 680 5471 767 5525; x_wconf 83' lang='grc' dir='ltr'>ἀεὶ</span> <span class='ocrx_word' id='word_1_532' title='bbox 800 5467 1128 5542; x_wconf 85' lang='grc' dir='ltr'>παρακαλῶ,</span> <span class='ocrx_word' id='word_1_533' title='bbox 1149 5468 1245 5522; x_wconf 74' lang='grc' dir='ltr'>καὶ</span> <span class='ocrx_word' id='word_1_534' title='bbox 1275 5465 1614 5539; x_wconf 86' lang='grc' dir='ltr'>παρακαλῶν</span> <span class='ocrx_word' id='word_1_535' title='bbox 1640 5468 1702 5522; x_wconf 85' lang='grc' dir='ltr'>οὐ</span> <span class='ocrx_word' id='word_1_536' title='bbox 1731 5468 1873 5522; x_wconf 90' lang='grc' dir='ltr'>παύ-</span> 
     </span>
    </p>
   </div>
   <div class='ocr_carea' id='block_1_73' title="bbox 286 5551 1873 5639">
    <p class='ocr_par' dir='ltr' id='par_1_73' title="bbox 286 5551 1873 5639">
     <span class='ocr_line' id='line_1_74' title="bbox 286 5551 1873 5639; baseline -0.011 -27"><span class='ocrx_word' id='word_1_537' title='bbox 286 5574 480 5633; x_wconf 86' lang='grc' dir='ltr'>σομαι,</span> <span class='ocrx_word' id='word_1_538' title='bbox 505 5556 592 5611; x_wconf 86' lang='grc' dir='ltr'>ἵνα</span> <span class='ocrx_word' id='word_1_539' title='bbox 634 5556 709 5628; x_wconf 82' lang='grc' dir='ltr'>μὴ</span> <span class='ocrx_word' id='word_1_540' title='bbox 736 5555 895 5627; x_wconf 91' lang='grc' dir='ltr'>μόνον</span> <span class='ocrx_word' id='word_1_541' title='bbox 928 5552 1163 5608; x_wconf 88' lang='grc' dir='ltr'>ἐνταῦθα</span> <span class='ocrx_word' id='word_1_542' title='bbox 1194 5554 1307 5617; x_wconf 89' lang='grc' dir='ltr'>τοῖς</span> <span class='ocrx_word' id='word_1_543' title='bbox 1348 5551 1668 5623; x_wconf 84' lang='grc' dir='ltr'>λεγομένοις</span> <span class='ocrx_word' id='word_1_544' title='bbox 1696 5570 1873 5639; x_wconf 65' lang='grc' dir='ltr'>προσ-</span> 
     </span>
    </p>
   </div>
   <div class='ocr_carea' id='block_1_74' title="bbox 363 5723 1537 5788">
    <p class='ocr_par' dir='ltr' id='par_1_74' title="bbox 363 5723 1537 5788">
     <span class='ocr_line' id='line_1_75' title="bbox 363 5723 1537 5788; baseline 0 -13"><span class='ocrx_word' id='word_1_545' title='bbox 363 5728 382 5754; x_wconf 85' lang='grc'><strong><em>⁸</em></strong></span> <span class='ocrx_word' id='word_1_546' title='bbox 404 5724 539 5778; x_wconf 78' lang='lat' dir='ltr'>Unus</span> <span class='ocrx_word' id='word_1_547' title='bbox 556 5739 655 5777; x_wconf 84' lang='lat' dir='ltr'>ms.</span> <span class='ocrx_word' id='word_1_548' title='bbox 696 5732 749 5777; x_wconf 80' lang='lat' dir='ltr'>el</span> <span class='ocrx_word' id='word_1_549' title='bbox 768 5725 917 5776; x_wconf 80' lang='lat' dir='ltr'><strong>Savil.</strong></span> <span class='ocrx_word' id='word_1_550' title='bbox 941 5727 991 5775; x_wconf 78' lang='lat' dir='ltr'>in</span> <span class='ocrx_word' id='word_1_551' title='bbox 1014 5737 1166 5788; x_wconf 82' lang='lat' dir='ltr'>marg.</span> <span class='ocrx_word' id='word_1_552' title='bbox 1190 5723 1537 5786; x_wconf 79' lang='grc' dir='ltr'>ἐπιλαϐώμεθα.</span> 
     </span>
    </p>
   </div>
   <div class='ocr_carea' id='block_1_75' title="bbox 1991 2217 3578 2296">
    <p class='ocr_par' dir='ltr' id='par_1_75' title="bbox 1991 2217 3578 2296">
     <span class='ocr_line' id='line_1_76' title="bbox 1991 2217 3578 2296; baseline 0.004 -22"><span class='ocrx_word' id='word_1_553' title='bbox 1991 2220 2175 2294; x_wconf 86' lang='grc' dir='ltr'>έχητε,</span> <span class='ocrx_word' id='word_1_554' title='bbox 2206 2218 2346 2276; x_wconf 81' lang='grc' dir='ltr'>ἀλλά</span> <span class='ocrx_word' id='word_1_555' title='bbox 2383 2217 2478 2275; x_wconf 82' lang='grc' dir='ltr'>καί</span> <span class='ocrx_word' id='word_1_556' title='bbox 2504 2220 2643 2274; x_wconf 87' lang='grc' dir='ltr'>οἰκοι</span> <span class='ocrx_word' id='word_1_557' title='bbox 2668 2220 2969 2292; x_wconf 88' lang='grc' dir='ltr'>γινόμενοι,</span> <span class='ocrx_word' id='word_1_558' title='bbox 3001 2226 3069 2295; x_wconf 72' lang='grc' dir='ltr'>τῇ</span> <span class='ocrx_word' id='word_1_559' title='bbox 3110 2224 3219 2280; x_wconf 86' lang='grc' dir='ltr'>τῶν</span> <span class='ocrx_word' id='word_1_560' title='bbox 3248 2224 3409 2281; x_wconf 90' lang='grc' dir='ltr'>θείων</span> <span class='ocrx_word' id='word_1_561' title='bbox 3436 2226 3578 2296; x_wconf 87' lang='grc' dir='ltr'>Γρα-</span> 
     </span>
    </p>
   </div>
   <div class='ocr_carea' id='block_1_76' title="bbox 1991 2302 3580 2378">
    <p class='ocr_par' dir='ltr' id='par_1_76' title="bbox 1991 2302 3580 2378">
     <span class='ocr_line' id='line_1_77' title="bbox 1991 2302 3580 2378; baseline 0.004 -22"><span class='ocrx_word' id='word_1_562' title='bbox 1991 2303 2108 2372; x_wconf 87' lang='grc' dir='ltr'>φῶν</span> <span class='ocrx_word' id='word_1_563' title='bbox 2141 2303 2444 2374; x_wconf 89' lang='grc' dir='ltr'>ἀναγνώσει</span> <span class='ocrx_word' id='word_1_564' title='bbox 2473 2302 2712 2374; x_wconf 90' lang='grc' dir='ltr'>συνεχῶς</span> <span class='ocrx_word' id='word_1_565' title='bbox 2742 2305 3135 2378; x_wconf 87' lang='grc' dir='ltr'>ἐνδιατρίϐητε.</span> <span class='ocrx_word' id='word_1_566' title='bbox 3161 2308 3332 2362; x_wconf 88' lang='grc' dir='ltr'>Τοῦτο</span> <span class='ocrx_word' id='word_1_567' title='bbox 3360 2310 3453 2362; x_wconf 81' lang='grc' dir='ltr'>καὶ</span> <span class='ocrx_word' id='word_1_568' title='bbox 3468 2313 3580 2374; x_wconf 85' lang='grc' dir='ltr'>τοῖς</span> 
     </span>
    </p>
   </div>
   <div class='ocr_carea' id='block_1_77' title="bbox 1994 2388 3573 2465">
    <p class='ocr_par' dir='ltr' id='par_1_77' title="bbox 1994 2388 3573 2465">
     <span class='ocr_line' id='line_1_78' title="bbox 1994 2388 3573 2465; baseline 0.001 -23"><span class='ocrx_word' id='word_1_569' title='bbox 1994 2388 2099 2460; x_wconf 76' lang='grc' dir='ltr'>ἰδίᾳ</span> <span class='ocrx_word' id='word_1_570' title='bbox 2122 2388 2534 2459; x_wconf 87' lang='grc' dir='ltr'>συγγινομένοις</span> <span class='ocrx_word' id='word_1_571' title='bbox 2575 2390 2710 2459; x_wconf 86' lang='grc' dir='ltr'>ήμῖν</span> <span class='ocrx_word' id='word_1_572' title='bbox 2737 2390 2799 2442; x_wconf 85' lang='grc' dir='ltr'>ού</span> <span class='ocrx_word' id='word_1_573' title='bbox 2828 2389 3065 2443; x_wconf 89' lang='grc' dir='ltr'>διέλιπον</span> <span class='ocrx_word' id='word_1_574' title='bbox 3097 2392 3184 2444; x_wconf 76' lang='grc' dir='ltr'>ἀεὶ</span> <span class='ocrx_word' id='word_1_575' title='bbox 3226 2391 3573 2465; x_wconf 87' lang='grc' dir='ltr'>παρεγγυῶν.</span> 
     </span>
    </p>
   </div>
   <div class='ocr_carea' id='block_1_78' title="bbox 1988 2470 3580 2545">
    <p class='ocr_par' dir='ltr' id='par_1_78' title="bbox 1988 2470 3580 2545">
     <span class='ocr_line' id='line_1_79' title="bbox 1988 2470 3580 2545; baseline 0.002 -19"><span class='ocrx_word' id='word_1_576' title='bbox 1988 2471 2081 2544; x_wconf 85' lang='grc' dir='ltr'>Μὴ</span> <span class='ocrx_word' id='word_1_577' title='bbox 2105 2474 2213 2545; x_wconf 89' lang='grc' dir='ltr'>γάρ</span> <span class='ocrx_word' id='word_1_578' title='bbox 2239 2490 2329 2544; x_wconf 90' lang='grc' dir='ltr'>μοι</span> <span class='ocrx_word' id='word_1_579' title='bbox 2354 2471 2558 2541; x_wconf 87' lang='grc' dir='ltr'>λεγέτω</span> <span class='ocrx_word' id='word_1_580' title='bbox 2572 2488 2656 2536; x_wconf 90' lang='grc' dir='ltr'>τις</span> <span class='ocrx_word' id='word_1_581' title='bbox 2674 2470 2744 2525; x_wconf 86' lang='grc' dir='ltr'>τὰ</span> <span class='ocrx_word' id='word_1_582' title='bbox 2775 2471 2963 2544; x_wconf 78' lang='grc' dir='ltr'>ψυχρά</span> <span class='ocrx_word' id='word_1_583' title='bbox 3001 2474 3222 2545; x_wconf 77' lang='grc' dir='ltr'>ῥήματα</span> <span class='ocrx_word' id='word_1_584' title='bbox 3247 2476 3450 2540; x_wconf 88' lang='grc' dir='ltr'>ἐκεῖνα,</span> <span class='ocrx_word' id='word_1_585' title='bbox 3483 2475 3580 2529; x_wconf 75' lang='grc' dir='ltr'>καὶ</span> 
     </span>
    </p>
   </div>
   <div class='ocr_carea' id='block_1_79' title="bbox 1990 2553 3579 2631">
    <p class='ocr_par' dir='ltr' id='par_1_79' title="bbox 1990 2553 3579 2631">
     <span class='ocr_line' id='line_1_80' title="bbox 1990 2553 3579 2631; baseline 0.003 -22"><span class='ocrx_word' id='word_1_586' title='bbox 1990 2555 2190 2625; x_wconf 84' lang='grc' dir='ltr'>πολλῆς</span> <span class='ocrx_word' id='word_1_587' title='bbox 2221 2553 2621 2624; x_wconf 88' lang='grc' dir='ltr'>καταγνώσεως</span> <span class='ocrx_word' id='word_1_588' title='bbox 2669 2555 2828 2623; x_wconf 80' lang='grc' dir='ltr'>ἀξια,</span> <span class='ocrx_word' id='word_1_589' title='bbox 2880 2556 2965 2609; x_wconf 81' lang='grc' dir='ltr'>ὅτι</span> <span class='ocrx_word' id='word_1_590' title='bbox 3014 2558 3361 2629; x_wconf 85' lang='grc' dir='ltr'>Δικαστηρίῳ</span> <span class='ocrx_word' id='word_1_591' title='bbox 3409 2575 3579 2631; x_wconf 90' lang='grc' dir='ltr'>προσ-</span> 
     </span>
    </p>
   </div>
   <div class='ocr_carea' id='block_1_80' title="bbox 1988 2637 3578 2712">
    <p class='ocr_par' dir='ltr' id='par_1_80' title="bbox 1988 2637 3578 2712">
     <span class='ocr_line' id='line_1_81' title="bbox 1988 2637 3578 2712; baseline 0.003 -20"><span class='ocrx_word' id='word_1_592' title='bbox 1988 2638 2227 2711; x_wconf 82' lang='grc' dir='ltr'>ήλωμαι,</span> <span class='ocrx_word' id='word_1_593' title='bbox 2262 2638 2335 2692; x_wconf 89' lang='grc' dir='ltr'>τά</span> <span class='ocrx_word' id='word_1_594' title='bbox 2361 2638 2462 2708; x_wconf 88' lang='grc' dir='ltr'>τῆς</span> <span class='ocrx_word' id='word_1_595' title='bbox 2500 2637 2709 2702; x_wconf 90' lang='grc' dir='ltr'>πόλεως</span> <span class='ocrx_word' id='word_1_596' title='bbox 2744 2639 2971 2710; x_wconf 86' lang='grc' dir='ltr'>πράττω</span> <span class='ocrx_word' id='word_1_597' title='bbox 3002 2639 3324 2711; x_wconf 87' lang='grc' dir='ltr'>πράγματα,</span> <span class='ocrx_word' id='word_1_598' title='bbox 3383 2642 3578 2712; x_wconf 79' lang='grc' dir='ltr'>τέχνη-,ι</span> 
     </span>
    </p>
   </div>
   <div class='ocr_carea' id='block_1_81' title="bbox 1990 2719 3577 2795">
    <p class='ocr_par' dir='ltr' id='par_1_81' title="bbox 1990 2719 3577 2795">
     <span class='ocr_line' id='line_1_82' title="bbox 1990 2719 3577 2795; baseline 0.004 -22"><span class='ocrx_word' id='word_1_599' title='bbox 1990 2723 2346 2792; x_wconf 86' lang='grc' dir='ltr'>μετέρχομαι,</span> <span class='ocrx_word' id='word_1_600' title='bbox 2369 2722 2605 2790; x_wconf 90' lang='grc' dir='ltr'>γυναῖκα</span> <span class='ocrx_word' id='word_1_601' title='bbox 2628 2719 2758 2792; x_wconf 78' lang='grc' dir='ltr'>ἔχω,</span> <span class='ocrx_word' id='word_1_602' title='bbox 2790 2721 2980 2775; x_wconf 88' lang='grc' dir='ltr'>παιδία</span> <span class='ocrx_word' id='word_1_603' title='bbox 3003 2722 3211 2793; x_wconf 85' lang='grc' dir='ltr'>τρέφω,</span> <span class='ocrx_word' id='word_1_604' title='bbox 3241 2724 3418 2787; x_wconf 88' lang='grc' dir='ltr'>οἰκίας</span> <span class='ocrx_word' id='word_1_605' title='bbox 3441 2741 3577 2795; x_wconf 85' lang='grc' dir='ltr'>προ-</span> 
     </span>
    </p>
   </div>
   <div class='ocr_carea' id='block_1_82' title="bbox 1981 2803 3580 2879">
    <p class='ocr_par' dir='ltr' id='par_1_82' title="bbox 1981 2803 3580 2879">
     <span class='ocr_line' id='line_1_83' title="bbox 1981 2803 3580 2879; baseline 0.003 -23"><span class='ocrx_word' id='word_1_606' title='bbox 1981 2804 2237 2874; x_wconf 77' lang='grc' dir='ltr'>ἵσταμαι,</span> <span class='ocrx_word' id='word_1_607' title='bbox 2266 2804 2406 2874; x_wconf 84' lang='grc' dir='ltr'>ἀνήρ</span> <span class='ocrx_word' id='word_1_608' title='bbox 2428 2805 2545 2874; x_wconf 85' lang='grc' dir='ltr'>εἰμι</span> <span class='ocrx_word' id='word_1_609' title='bbox 2580 2803 2854 2873; x_wconf 80' lang='grc' dir='ltr'>βιωτικός’</span> <span class='ocrx_word' id='word_1_610' title='bbox 2883 2805 2985 2856; x_wconf 86' lang='grc' dir='ltr'>οὐκ</span> <span class='ocrx_word' id='word_1_611' title='bbox 3009 2804 3156 2858; x_wconf 79' lang='grc' dir='ltr'>ἐστιν</span> <span class='ocrx_word' id='word_1_612' title='bbox 3196 2805 3327 2876; x_wconf 81' lang='grc' dir='ltr'>ἐμὸν</span> <span class='ocrx_word' id='word_1_613' title='bbox 3354 2807 3580 2879; x_wconf 87' lang='grc' dir='ltr'>Γραφάς</span> 
     </span>
    </p>
   </div>
   <div class='ocr_carea' id='block_1_83' title="bbox 1986 2884 3577 2961">
    <p class='ocr_par' dir='ltr' id='par_1_83' title="bbox 1986 2884 3577 2961">
     <span class='ocr_line' id='line_1_84' title="bbox 1986 2884 3577 2961; baseline 0.004 -22"><span class='ocrx_word' id='word_1_614' title='bbox 1986 2884 2401 2955; x_wconf 87' lang='grc' dir='ltr'>ἀναγινώσκειν,</span> <span class='ocrx_word' id='word_1_615' title='bbox 2426 2886 2540 2940; x_wconf 82' lang='grc' dir='ltr'>ἀλλ’</span> <span class='ocrx_word' id='word_1_616' title='bbox 2575 2887 2799 2941; x_wconf 89' lang='grc' dir='ltr'>ἐκείνων</span> <span class='ocrx_word' id='word_1_617' title='bbox 2846 2885 2954 2942; x_wconf 91' lang='grc' dir='ltr'>τῶν</span> <span class='ocrx_word' id='word_1_618' title='bbox 2982 2888 3434 2961; x_wconf 84' lang='grc' dir='ltr'>ἀποταξαμένων,</span> <span class='ocrx_word' id='word_1_619' title='bbox 3465 2892 3577 2946; x_wconf 87' lang='grc' dir='ltr'>τῶν</span> 
     </span>
    </p>
   </div>
   <div class='ocr_carea' id='block_1_84' title="bbox 1985 2968 3576 3042">
    <p class='ocr_par' dir='ltr' id='par_1_84' title="bbox 1985 2968 3576 3042">
     <span class='ocr_line' id='line_1_85' title="bbox 1985 2968 3576 3042; baseline 0.004 -20"><span class='ocrx_word' id='word_1_620' title='bbox 1985 2968 2085 3033; x_wconf 78' lang='grc' dir='ltr'>τὰς</span> <span class='ocrx_word' id='word_1_621' title='bbox 2136 2970 2380 3042; x_wconf 83' lang='grc' dir='ltr'>κορυφὰς</span> <span class='ocrx_word' id='word_1_622' title='bbox 2407 2970 2516 3023; x_wconf 88' lang='grc' dir='ltr'>τῶν</span> <span class='ocrx_word' id='word_1_623' title='bbox 2549 2970 2721 3042; x_wconf 85' lang='grc' dir='ltr'>ὀρέων</span> <span class='ocrx_word' id='word_1_624' title='bbox 2751 2970 3179 3041; x_wconf 86' lang='grc' dir='ltr'>κατειληφότων,</span> <span class='ocrx_word' id='word_1_625' title='bbox 3242 2972 3348 3026; x_wconf 88' lang='grc' dir='ltr'>τῶν</span> <span class='ocrx_word' id='word_1_626' title='bbox 3385 2973 3576 3029; x_wconf 89' lang='grc' dir='ltr'>τοῦτον</span> 
     </span>
    </p>
   </div>
   <div class='ocr_carea' id='block_1_85' title="bbox 1983 3050 3576 3126">
    <p class='ocr_par' dir='ltr' id='par_1_85' title="bbox 1983 3050 3576 3126">
     <span class='ocr_line' id='line_1_86' title="bbox 1983 3050 3576 3126; baseline 0.005 -22"><span class='ocrx_word' id='word_1_627' title='bbox 1983 3051 2076 3105; x_wconf 82' lang='grc' dir='ltr'>τὸν</span> <span class='ocrx_word' id='word_1_628' title='bbox 2106 3050 2220 3122; x_wconf 89' lang='grc' dir='ltr'>βίον</span> <span class='ocrx_word' id='word_1_629' title='bbox 2247 3053 2482 3122; x_wconf 84' lang='grc' dir='ltr'>ἐχόντων</span> <span class='ocrx_word' id='word_1_630' title='bbox 2513 3051 2795 3124; x_wconf 77' lang='grc' dir='ltr'>διηνεκῶς.</span> <span class='ocrx_word' id='word_1_631' title='bbox 2828 3051 2893 3104; x_wconf 87' lang='grc' dir='ltr'>Τί</span> <span class='ocrx_word' id='word_1_632' title='bbox 2922 3051 3120 3121; x_wconf 86' lang='grc' dir='ltr'>λέγεις,</span> <span class='ocrx_word' id='word_1_633' title='bbox 3152 3053 3440 3126; x_wconf 84' lang='grc' dir='ltr'>ἀνθρωπε;</span> <span class='ocrx_word' id='word_1_634' title='bbox 3474 3058 3576 3113; x_wconf 82' lang='grc' dir='ltr'>οὐκ</span> 
     </span>
    </p>
   </div>
   <div class='ocr_carea' id='block_1_86' title="bbox 1984 3134 3575 3211">
    <p class='ocr_par' dir='ltr' id='par_1_86' title="bbox 1984 3134 3575 3211">
     <span class='ocr_line' id='line_1_87' title="bbox 1984 3134 3575 3211; baseline 0.003 -24"><span class='ocrx_word' id='word_1_635' title='bbox 1984 3135 2102 3187; x_wconf 78' lang='grc' dir='ltr'>ἐστι</span> <span class='ocrx_word' id='word_1_636' title='bbox 2136 3135 2229 3189; x_wconf 84' lang='grc' dir='ltr'>σὺν</span> <span class='ocrx_word' id='word_1_637' title='bbox 2256 3135 2418 3208; x_wconf 73' lang='grc' dir='ltr'>ἔργον</span> <span class='ocrx_word' id='word_1_638' title='bbox 2465 3136 2712 3208; x_wconf 88' lang='grc' dir='ltr'>Γραφαῖς</span> <span class='ocrx_word' id='word_1_639' title='bbox 2741 3134 3055 3206; x_wconf 86' lang='grc' dir='ltr'>προσέχειν,</span> <span class='ocrx_word' id='word_1_640' title='bbox 3109 3137 3298 3209; x_wconf 80' lang='grc' dir='ltr'>ἐπειδὴ</span> <span class='ocrx_word' id='word_1_641' title='bbox 3348 3140 3575 3211; x_wconf 83' lang='grc' dir='ltr'>μυρίαις</span> 
     </span>
    </p>
   </div>
   <div class='ocr_carea' id='block_1_87' title="bbox 1984 3214 3571 3296">
    <p class='ocr_par' dir='ltr' id='par_1_87' title="bbox 1984 3214 3571 3296">
     <span class='ocr_line' id='line_1_88' title="bbox 1984 3214 3571 3296; baseline 0.004 -26"><span class='ocrx_word' id='word_1_642' title='bbox 1984 3217 2249 3290; x_wconf 84' lang='grc' dir='ltr'>περιέλκῃ</span> <span class='ocrx_word' id='word_1_643' title='bbox 2307 3218 2585 3290; x_wconf 90' lang='grc' dir='ltr'>φροντίσι;</span> <span class='ocrx_word' id='word_1_644' title='bbox 2646 3220 2748 3272; x_wconf 85' lang='grc' dir='ltr'>Σδν</span> <span class='ocrx_word' id='word_1_645' title='bbox 2810 3219 2910 3290; x_wconf 83' lang='grc' dir='ltr'>μὲν</span> <span class='ocrx_word' id='word_1_646' title='bbox 2955 3214 3049 3273; x_wconf 83' lang='grc' dir='ltr'>οῦν</span> <span class='ocrx_word' id='word_1_647' title='bbox 3090 3219 3291 3291; x_wconf 82' lang='grc' dir='ltr'>μᾶλλόν</span> <span class='ocrx_word' id='word_1_648' title='bbox 3341 3222 3571 3296; x_wconf 79' lang='grc' dir='ltr'>ἐστιν,ἢ</span> 
     </span>
    </p>
   </div>
   <div class='ocr_carea' id='block_1_88' title="bbox 1985 3299 3574 3375">
    <p class='ocr_par' dir='ltr' id='par_1_88' title="bbox 1985 3299 3574 3375">
     <span class='ocr_line' id='line_1_89' title="bbox 1985 3299 3574 3375; baseline 0.003 -22"><span class='ocrx_word' id='word_1_649' title='bbox 1985 3300 2230 3356; x_wconf 89' lang='grc' dir='ltr'>ἐκείνων.</span> <span class='ocrx_word' id='word_1_650' title='bbox 2262 3301 2337 3355; x_wconf 81' lang='grc' dir='ltr'>Οὐ</span> <span class='ocrx_word' id='word_1_651' title='bbox 2360 3301 2470 3373; x_wconf 83' lang='grc' dir='ltr'>γάρ</span> <span class='ocrx_word' id='word_1_652' title='bbox 2503 3302 2675 3365; x_wconf 74' lang='grc' dir='ltr'>οὕτως</span> <span class='ocrx_word' id='word_1_653' title='bbox 2705 3302 2904 3355; x_wconf 88' lang='grc' dir='ltr'>ἐκεῖνοι</span> <span class='ocrx_word' id='word_1_654' title='bbox 2922 3299 3185 3373; x_wconf 76' lang='grc' dir='ltr'>χρῄζουσι</span> <span class='ocrx_word' id='word_1_655' title='bbox 3207 3302 3306 3375; x_wconf 85' lang='grc' dir='ltr'>τῆς</span> <span class='ocrx_word' id='word_1_656' title='bbox 3335 3304 3442 3358; x_wconf 85' lang='grc' dir='ltr'>ἀπὸ</span> <span class='ocrx_word' id='word_1_657' title='bbox 3467 3306 3574 3359; x_wconf 84' lang='grc' dir='ltr'>τῶν</span> 
     </span>
    </p>
   </div>
   <div class='ocr_carea' id='block_1_89' title="bbox 1984 3382 3573 3460">
    <p class='ocr_par' dir='ltr' id='par_1_89' title="bbox 1984 3382 3573 3460">
     <span class='ocr_line' id='line_1_90' title="bbox 1984 3382 3573 3460; baseline 0.005 -24"><span class='ocrx_word' id='word_1_658' title='bbox 1984 3382 2144 3437; x_wconf 90' lang='grc' dir='ltr'>θείων</span> <span class='ocrx_word' id='word_1_659' title='bbox 2166 3385 2398 3457; x_wconf 89' lang='grc' dir='ltr'>Γραφῶν</span> <span class='ocrx_word' id='word_1_660' title='bbox 2427 3384 2697 3457; x_wconf 84' lang='grc' dir='ltr'>βοηθείας,</span> <span class='ocrx_word' id='word_1_661' title='bbox 2757 3384 2835 3449; x_wconf 90' lang='grc' dir='ltr'>ώς</span> <span class='ocrx_word' id='word_1_662' title='bbox 2865 3386 2913 3438; x_wconf 91' lang='grc' dir='ltr'>οἰ</span> <span class='ocrx_word' id='word_1_663' title='bbox 2946 3387 3003 3438; x_wconf 86' lang='grc' dir='ltr'>ἐν</span> <span class='ocrx_word' id='word_1_664' title='bbox 3039 3385 3193 3458; x_wconf 86' lang='grc' dir='ltr'>μέσῳ</span> <span class='ocrx_word' id='word_1_665' title='bbox 3217 3390 3573 3460; x_wconf 84' lang='grc' dir='ltr'>στρεφόμενοι</span> 
     </span>
    </p>
   </div>
   <div class='ocr_carea' id='block_1_90' title="bbox 1983 3467 3573 3545">
    <p class='ocr_par' dir='ltr' id='par_1_90' title="bbox 1983 3467 3573 3545">
     <span class='ocr_line' id='line_1_91' title="bbox 1983 3467 3573 3545; baseline 0.006 -25"><span class='ocrx_word' id='word_1_666' title='bbox 1983 3468 2325 3539; x_wconf 82' lang='grc' dir='ltr'>πραγμάτων</span> <span class='ocrx_word' id='word_1_667' title='bbox 2357 3467 2588 3524; x_wconf 80' lang='grc' dir='ltr'>πολλῶν.</span> <span class='ocrx_word' id='word_1_668' title='bbox 2620 3469 2682 3523; x_wconf 78' lang='grc' dir='ltr'><strong>Οἱ</strong></span> <span class='ocrx_word' id='word_1_669' title='bbox 2714 3469 2812 3540; x_wconf 83' lang='grc' dir='ltr'>μὲν</span> <span class='ocrx_word' id='word_1_670' title='bbox 2834 3468 2944 3541; x_wconf 83' lang='grc' dir='ltr'>γάρ</span> <span class='ocrx_word' id='word_1_671' title='bbox 2987 3472 3211 3541; x_wconf 79' lang='grc' dir='ltr'>μοναχοὶ</span> <span class='ocrx_word' id='word_1_672' title='bbox 3239 3472 3340 3543; x_wconf 85' lang='grc' dir='ltr'>τῆς</span> <span class='ocrx_word' id='word_1_673' title='bbox 3365 3474 3573 3545; x_wconf 81' lang='grc' dir='ltr'>ἀγορᾶς</span> 
     </span>
    </p>
   </div>
   <div class='ocr_carea' id='block_1_91' title="bbox 1983 3552 3573 3629">
    <p class='ocr_par' dir='ltr' id='par_1_91' title="bbox 1983 3552 3573 3629">
     <span class='ocr_line' id='line_1_92' title="bbox 1983 3552 3573 3629; baseline 0.005 -25"><span class='ocrx_word' id='word_1_674' title='bbox 1983 3553 2211 3607; x_wconf 77' lang='grc' dir='ltr'>καὶτῶν</span> <span class='ocrx_word' id='word_1_675' title='bbox 2242 3555 2307 3607; x_wconf 82' lang='grc' dir='ltr'>ἐκ</span> <span class='ocrx_word' id='word_1_676' title='bbox 2321 3552 2423 3625; x_wconf 87' lang='grc' dir='ltr'>τῆς</span> <span class='ocrx_word' id='word_1_677' title='bbox 2454 3553 2661 3624; x_wconf 82' lang='grc' dir='ltr'>ἀγορᾶς</span> <span class='ocrx_word' id='word_1_678' title='bbox 2719 3552 3128 3629; x_wconf 70' lang='grc' dir='ltr'>ἀπαλλαγέντες</span> <span class='ocrx_word' id='word_1_679' title='bbox 3160 3555 3423 3628; x_wconf 87' lang='grc' dir='ltr'>θορύϐων,</span> <span class='ocrx_word' id='word_1_680' title='bbox 3477 3562 3573 3612; x_wconf 82' lang='grc' dir='ltr'>καί</span> 
     </span>
    </p>
   </div>
   <div class='ocr_carea' id='block_1_92' title="bbox 1980 3634 3572 3710">
    <p class='ocr_par' dir='ltr' id='par_1_92' title="bbox 1980 3634 3572 3710">
     <span class='ocr_line' id='line_1_93' title="bbox 1980 3634 3572 3710; baseline 0.004 -21"><span class='ocrx_word' id='word_1_681' title='bbox 1980 3634 2079 3699; x_wconf 78' lang='grc' dir='ltr'>τὰς</span> <span class='ocrx_word' id='word_1_682' title='bbox 2107 3635 2352 3700; x_wconf 87' lang='grc' dir='ltr'>καλύϐας</span> <span class='ocrx_word' id='word_1_683' title='bbox 2376 3638 2435 3689; x_wconf 84' lang='grc' dir='ltr'>ἐν</span> <span class='ocrx_word' id='word_1_684' title='bbox 2464 3637 2671 3708; x_wconf 82' lang='grc' dir='ltr'>ἐρημίᾳ</span> <span class='ocrx_word' id='word_1_685' title='bbox 2703 3636 3026 3708; x_wconf 79' lang='grc' dir='ltr'>πηξάμενοι,</span> <span class='ocrx_word' id='word_1_686' title='bbox 3084 3639 3176 3692; x_wconf 76' lang='grc' dir='ltr'>καὶ</span> <span class='ocrx_word' id='word_1_687' title='bbox 3212 3641 3349 3710; x_wconf 85' lang='grc' dir='ltr'>πρὸς</span> <span class='ocrx_word' id='word_1_688' title='bbox 3382 3641 3572 3695; x_wconf 82' lang='grc' dir='ltr'>οὐδένα</span> 
     </span>
    </p>
   </div>
   <div class='ocr_carea' id='block_1_93' title="bbox 1980 3719 3572 3796">
    <p class='ocr_par' dir='ltr' id='par_1_93' title="bbox 1980 3719 3572 3796">
     <span class='ocr_line' id='line_1_94' title="bbox 1980 3719 3572 3796; baseline 0.006 -24"><span class='ocrx_word' id='word_1_689' title='bbox 1980 3719 2161 3773; x_wconf 83' lang='grc' dir='ltr'>κοινὸν</span> <span class='ocrx_word' id='word_1_690' title='bbox 2193 3719 2346 3774; x_wconf 83' lang='grc' dir='ltr'>οὐδὲν</span> <span class='ocrx_word' id='word_1_691' title='bbox 2397 3719 2634 3791; x_wconf 75' lang='grc' dir='ltr'>ἔχοντες,</span> <span class='ocrx_word' id='word_1_692' title='bbox 2692 3720 2811 3775; x_wconf 86' lang='grc' dir='ltr'>ἀλλ’</span> <span class='ocrx_word' id='word_1_693' title='bbox 2872 3721 3363 3794; x_wconf 88' lang='grc' dir='ltr'>ἐμφιλοσοφοῦντες</span> <span class='ocrx_word' id='word_1_694' title='bbox 3433 3728 3572 3796; x_wconf 87' lang='grc' dir='ltr'>μετά</span> 
     </span>
    </p>
   </div>
   <div class='ocr_carea' id='block_1_94' title="bbox 1979 3801 3571 3880">
    <p class='ocr_par' dir='ltr' id='par_1_94' title="bbox 1979 3801 3571 3880">
     <span class='ocr_line' id='line_1_95' title="bbox 1979 3801 3571 3880; baseline 0.005 -24"><span class='ocrx_word' id='word_1_695' title='bbox 1979 3801 2165 3867; x_wconf 79' lang='grc' dir='ltr'>ἀδείας</span> <span class='ocrx_word' id='word_1_696' title='bbox 2195 3805 2264 3874; x_wconf 81' lang='grc' dir='ltr'>τῇ</span> <span class='ocrx_word' id='word_1_697' title='bbox 2290 3803 2392 3874; x_wconf 84' lang='grc' dir='ltr'>τῆς</span> <span class='ocrx_word' id='word_1_698' title='bbox 2420 3804 2654 3874; x_wconf 86' lang='grc' dir='ltr'>ἡσυχίας</span> <span class='ocrx_word' id='word_1_699' title='bbox 2684 3804 2903 3876; x_wconf 87' lang='grc' dir='ltr'>ἐκείνης</span> <span class='ocrx_word' id='word_1_700' title='bbox 2943 3805 3174 3879; x_wconf 83' lang='grc' dir='ltr'>γαλήνῃ,</span> <span class='ocrx_word' id='word_1_701' title='bbox 3229 3808 3480 3880; x_wconf 90' lang='grc' dir='ltr'>καθάπερ</span> <span class='ocrx_word' id='word_1_702' title='bbox 3513 3811 3571 3864; x_wconf 83' lang='grc' dir='ltr'>ἐν</span> 
     </span>
    </p>
   </div>
   <div class='ocr_carea' id='block_1_95' title="bbox 1979 3884 3569 3957">
    <p class='ocr_par' dir='ltr' id='par_1_95' title="bbox 1979 3884 3569 3957">
     <span class='ocr_line' id='line_1_96' title="bbox 1979 3884 3569 3957; baseline 0.006 -19"><span class='ocrx_word' id='word_1_703' title='bbox 1979 3884 2161 3956; x_wconf 86' lang='grc' dir='ltr'>λιμένι</span> <span class='ocrx_word' id='word_1_704' title='bbox 2190 3884 2513 3956; x_wconf 86' lang='grc' dir='ltr'>καθήμενοι,</span> <span class='ocrx_word' id='word_1_705' title='bbox 2562 3885 2765 3957; x_wconf 85' lang='grc' dir='ltr'>πολλῆς</span> <span class='ocrx_word' id='word_1_706' title='bbox 2799 3889 2898 3957; x_wconf 82' lang='grc' dir='ltr'>τῆς</span> <span class='ocrx_word' id='word_1_707' title='bbox 2939 3888 3240 3957; x_wconf 82' lang='grc' dir='ltr'>ἀσφαλείας</span> <span class='ocrx_word' id='word_1_708' title='bbox 3263 3891 3569 3947; x_wconf 88' lang='grc' dir='ltr'>ἀπολαύου-</span> 
     </span>
    </p>
   </div>
   <div class='ocr_carea' id='block_1_96' title="bbox 1981 3969 3570 4042">
    <p class='ocr_par' dir='ltr' id='par_1_96' title="bbox 1981 3969 3570 4042">
     <span class='ocr_line' id='line_1_97' title="bbox 1981 3969 3570 4042; baseline 0.006 -21"><span class='ocrx_word' id='word_1_709' title='bbox 1981 3984 2084 4024; x_wconf 77' lang='grc' dir='ltr'>σινο</span> <span class='ocrx_word' id='word_1_710' title='bbox 2111 3970 2275 4040; x_wconf 77' lang='grc' dir='ltr'>ἡμεῖς</span> <span class='ocrx_word' id='word_1_711' title='bbox 2317 3969 2377 4023; x_wconf 85' lang='grc' dir='ltr'>δέ</span> <span class='ocrx_word' id='word_1_712' title='bbox 2400 3971 2451 4022; x_wconf 88' lang='grc' dir='ltr'>οἰ</span> <span class='ocrx_word' id='word_1_713' title='bbox 2480 3969 2736 4042; x_wconf 85' lang='grc' dir='ltr'>καθάπερ</span> <span class='ocrx_word' id='word_1_714' title='bbox 2758 3970 2817 4023; x_wconf 89' lang='grc' dir='ltr'>ἐν</span> <span class='ocrx_word' id='word_1_715' title='bbox 2856 3969 3006 4041; x_wconf 80' lang='grc' dir='ltr'>μέσῳ</span> <span class='ocrx_word' id='word_1_716' title='bbox 3040 3971 3265 4041; x_wconf 88' lang='grc' dir='ltr'>πελάγει</span> <span class='ocrx_word' id='word_1_717' title='bbox 3316 3975 3570 4032; x_wconf 85' lang='grc' dir='ltr'>σαλεύον-</span> 
     </span>
    </p>
   </div>
   <div class='ocr_carea' id='block_1_97' title="bbox 1976 4050 3566 4129">
    <p class='ocr_par' dir='ltr' id='par_1_97' title="bbox 1976 4050 3566 4129">
     <span class='ocr_line' id='line_1_98' title="bbox 1976 4050 3566 4129; baseline 0.004 -24"><span class='ocrx_word' id='word_1_718' title='bbox 1976 4067 2090 4120; x_wconf 90' lang='grc' dir='ltr'>τες,</span> <span class='ocrx_word' id='word_1_719' title='bbox 2153 4050 2249 4105; x_wconf 72' lang='grc' dir='ltr'>καὶ</span> <span class='ocrx_word' id='word_1_720' title='bbox 2314 4052 2528 4125; x_wconf 89' lang='grc' dir='ltr'>μυρίων</span> <span class='ocrx_word' id='word_1_721' title='bbox 2568 4052 2989 4123; x_wconf 84' lang='grc' dir='ltr'>ἁμαρτημάτων</span> <span class='ocrx_word' id='word_1_722' title='bbox 3031 4054 3275 4122; x_wconf 88' lang='grc' dir='ltr'>ἀνάγκας</span> <span class='ocrx_word' id='word_1_723' title='bbox 3329 4055 3566 4129; x_wconf 81' lang='grc' dir='ltr'>ἔχοντες,</span> 
     </span>
    </p>
   </div>
   <div class='ocr_carea' id='block_1_98' title="bbox 1980 4132 3566 4208">
    <p class='ocr_par' dir='ltr' id='par_1_98' title="bbox 1980 4132 3566 4208">
     <span class='ocr_line' id='line_1_99' title="bbox 1980 4132 3566 4208; baseline 0.005 -21"><span class='ocrx_word' id='word_1_724' title='bbox 1980 4133 2237 4205; x_wconf 81' lang='grc' dir='ltr'>συνεχοῦς</span> <span class='ocrx_word' id='word_1_725' title='bbox 2288 4135 2384 4188; x_wconf 79' lang='grc' dir='ltr'>καὶ</span> <span class='ocrx_word' id='word_1_726' title='bbox 2432 4133 2715 4206; x_wconf 89' lang='grc' dir='ltr'>διηνεκοῦς</span> <span class='ocrx_word' id='word_1_727' title='bbox 2768 4134 2858 4188; x_wconf 76' lang='grc' dir='ltr'>ἀεὶ</span> <span class='ocrx_word' id='word_1_728' title='bbox 2906 4132 3138 4205; x_wconf 89' lang='grc' dir='ltr'>δεόμεθα</span> <span class='ocrx_word' id='word_1_729' title='bbox 3174 4137 3275 4208; x_wconf 86' lang='grc' dir='ltr'>τῆς</span> <span class='ocrx_word' id='word_1_730' title='bbox 3304 4138 3412 4193; x_wconf 89' lang='grc' dir='ltr'>ἀπὸ</span> <span class='ocrx_word' id='word_1_731' title='bbox 3457 4142 3566 4196; x_wconf 89' lang='grc' dir='ltr'>τῶν</span> 
     </span>
    </p>
   </div>
   <div class='ocr_carea' id='block_1_99' title="bbox 1977 4218 3566 4297">
    <p class='ocr_par' dir='ltr' id='par_1_99' title="bbox 1977 4218 3566 4297">
     <span class='ocr_line' id='line_1_100' title="bbox 1977 4218 3566 4297; baseline 0.005 -26"><span class='ocrx_word' id='word_1_732' title='bbox 1977 4218 2210 4289; x_wconf 88' lang='grc' dir='ltr'>Γραφῶν</span> <span class='ocrx_word' id='word_1_733' title='bbox 2257 4218 2678 4291; x_wconf 82' lang='grc' dir='ltr'>παρακλήσεως.</span> <span class='ocrx_word' id='word_1_734' title='bbox 2732 4218 2962 4273; x_wconf 84' lang='grc' dir='ltr'>Ἐκεῖνοι</span> <span class='ocrx_word' id='word_1_735' title='bbox 3016 4220 3206 4292; x_wconf 75' lang='grc' dir='ltr'>πόρρω</span> <span class='ocrx_word' id='word_1_736' title='bbox 3249 4222 3349 4292; x_wconf 84' lang='grc' dir='ltr'>τῆς</span> <span class='ocrx_word' id='word_1_737' title='bbox 3386 4225 3566 4297; x_wconf 75' lang='grc' dir='ltr'>μάχης</span> 
     </span>
    </p>
   </div>
   <div class='ocr_carea' id='block_1_100' title="bbox 1977 4299 3564 4376">
    <p class='ocr_par' dir='ltr' id='par_1_100' title="bbox 1977 4299 3564 4376">
     <span class='ocr_line' id='line_1_101' title="bbox 1977 4299 3564 4376; baseline 0.005 -21"><span class='ocrx_word' id='word_1_738' title='bbox 1977 4301 2266 4374; x_wconf 87' lang='grc' dir='ltr'>κάθηνται,</span> <span class='ocrx_word' id='word_1_739' title='bbox 2285 4302 2472 4374; x_wconf 90' lang='grc' dir='ltr'>διόπερ</span> <span class='ocrx_word' id='word_1_740' title='bbox 2514 4301 2635 4355; x_wconf 83' lang='grc' dir='ltr'>οὐδέ</span> <span class='ocrx_word' id='word_1_741' title='bbox 2662 4299 2834 4356; x_wconf 84' lang='grc' dir='ltr'>πολλὰ</span> <span class='ocrx_word' id='word_1_742' title='bbox 2871 4302 3114 4372; x_wconf 89' lang='grc' dir='ltr'>δέχονται</span> <span class='ocrx_word' id='word_1_743' title='bbox 3157 4303 3466 4376; x_wconf 75' lang='grc' dir='ltr'>τραύματαο</span> <span class='ocrx_word' id='word_1_744' title='bbox 3499 4310 3564 4362; x_wconf 71' lang='grc' dir='ltr'>σῖ)</span> 
     </span>
    </p>
   </div>
   <div class='ocr_carea' id='block_1_101' title="bbox 1977 4384 3564 4458">
    <p class='ocr_par' dir='ltr' id='par_1_101' title="bbox 1977 4384 3564 4458">
     <span class='ocr_line' id='line_1_102' title="bbox 1977 4384 3564 4458; baseline 0.003 -19"><span class='ocrx_word' id='word_1_745' title='bbox 1977 4385 2035 4439; x_wconf 78' lang='grc' dir='ltr'>δέ</span> <span class='ocrx_word' id='word_1_746' title='bbox 2065 4384 2329 4457; x_wconf 90' lang='grc' dir='ltr'>διηνεκῶς</span> <span class='ocrx_word' id='word_1_747' title='bbox 2353 4385 2450 4439; x_wconf 70' lang='grc' dir='ltr'>ἐπὶ</span> <span class='ocrx_word' id='word_1_748' title='bbox 2489 4386 2589 4456; x_wconf 89' lang='grc' dir='ltr'>τῆς</span> <span class='ocrx_word' id='word_1_749' title='bbox 2632 4384 2990 4457; x_wconf 82' lang='grc' dir='ltr'>παρατάξεως</span> <span class='ocrx_word' id='word_1_750' title='bbox 3023 4385 3281 4458; x_wconf 73' lang='grc' dir='ltr'>ἕστηκας,</span> <span class='ocrx_word' id='word_1_751' title='bbox 3311 4391 3406 4443; x_wconf 79' lang='grc' dir='ltr'>καὶ</span> <span class='ocrx_word' id='word_1_752' title='bbox 3438 4409 3564 4444; x_wconf 90' lang='grc' dir='ltr'>συν-</span> 
     </span>
    </p>
   </div>
   <div class='ocr_carea' id='block_1_102' title="bbox 1976 4466 3565 4540">
    <p class='ocr_par' dir='ltr' id='par_1_102' title="bbox 1976 4466 3565 4540">
     <span class='ocr_line' id='line_1_103' title="bbox 1976 4466 3565 4540; baseline 0.005 -19"><span class='ocrx_word' id='word_1_753' title='bbox 1976 4469 2122 4540; x_wconf 86' lang='grc' dir='ltr'>εχεῖς</span> <span class='ocrx_word' id='word_1_754' title='bbox 2139 4466 2272 4539; x_wconf 84' lang='grc' dir='ltr'>δέχῃ</span> <span class='ocrx_word' id='word_1_755' title='bbox 2303 4469 2404 4532; x_wconf 86' lang='grc' dir='ltr'>τὰς</span> <span class='ocrx_word' id='word_1_756' title='bbox 2428 4466 2664 4538; x_wconf 76' lang='grc' dir='ltr'>πληγάςο</span> <span class='ocrx_word' id='word_1_757' title='bbox 2696 4468 2776 4522; x_wconf 81' lang='grc' dir='ltr'>διὸ</span> <span class='ocrx_word' id='word_1_758' title='bbox 2819 4469 2914 4524; x_wconf 79' lang='grc' dir='ltr'>καὶ</span> <span class='ocrx_word' id='word_1_759' title='bbox 2945 4468 3206 4524; x_wconf 88' lang='grc' dir='ltr'>πλειόνων</span> <span class='ocrx_word' id='word_1_760' title='bbox 3240 4488 3323 4525; x_wconf 92' lang='grc' dir='ltr'>σοι</span> <span class='ocrx_word' id='word_1_761' title='bbox 3348 4473 3429 4527; x_wconf 85' lang='grc' dir='ltr'>δεῖ</span> <span class='ocrx_word' id='word_1_762' title='bbox 3455 4474 3565 4529; x_wconf 87' lang='grc' dir='ltr'>τῶν</span> 
     </span>
    </p>
   </div>
   <div class='ocr_carea' id='block_1_103' title="bbox 1977 4549 3564 4624">
    <p class='ocr_par' dir='ltr' id='par_1_103' title="bbox 1977 4549 3564 4624">
     <span class='ocr_line' id='line_1_104' title="bbox 1977 4549 3564 4624; baseline 0.004 -20"><span class='ocrx_word' id='word_1_763' title='bbox 1977 4549 2435 4622; x_wconf 84' lang='grc' dir='ltr'>φαρμάκων.Καί</span> <span class='ocrx_word' id='word_1_764' title='bbox 2458 4551 2570 4623; x_wconf 85' lang='grc' dir='ltr'>γὰρ</span> <span class='ocrx_word' id='word_1_765' title='bbox 2589 4552 2684 4606; x_wconf 83' lang='grc' dir='ltr'>καί</span> <span class='ocrx_word' id='word_1_766' title='bbox 2713 4552 2851 4624; x_wconf 78' lang='grc' dir='ltr'>γυνὴ</span> <span class='ocrx_word' id='word_1_767' title='bbox 2875 4552 3190 4623; x_wconf 82' lang='grc' dir='ltr'>παροξύνει,</span> <span class='ocrx_word' id='word_1_768' title='bbox 3221 4556 3315 4609; x_wconf 79' lang='grc' dir='ltr'>καὶ</span> <span class='ocrx_word' id='word_1_769' title='bbox 3338 4556 3452 4620; x_wconf 77' lang='grc' dir='ltr'>υἰὸς</span> <span class='ocrx_word' id='word_1_770' title='bbox 3467 4558 3564 4611; x_wconf 84' lang='grc' dir='ltr'>λυ-</span> 
     </span>
    </p>
   </div>
   <div class='ocr_carea' id='block_1_104' title="bbox 1977 4633 3563 4711">
    <p class='ocr_par' dir='ltr' id='par_1_104' title="bbox 1977 4633 3563 4711">
     <span class='ocr_line' id='line_1_105' title="bbox 1977 4633 3563 4711; baseline 0.003 -23"><span class='ocrx_word' id='word_1_771' title='bbox 1977 4636 2091 4701; x_wconf 89' lang='grc' dir='ltr'>πεῖ,</span> <span class='ocrx_word' id='word_1_772' title='bbox 2123 4634 2217 4689; x_wconf 77' lang='grc' dir='ltr'>καί</span> <span class='ocrx_word' id='word_1_773' title='bbox 2270 4633 2489 4706; x_wconf 87' lang='grc' dir='ltr'>οἰκέτης</span> <span class='ocrx_word' id='word_1_774' title='bbox 2539 4635 2619 4699; x_wconf 85' lang='grc' dir='ltr'>εἰς</span> <span class='ocrx_word' id='word_1_775' title='bbox 2672 4634 2842 4706; x_wconf 76' lang='grc' dir='ltr'>ὀργὴν</span> <span class='ocrx_word' id='word_1_776' title='bbox 2890 4635 3187 4706; x_wconf 88' lang='grc' dir='ltr'>ἐμϐάλλει,</span> <span class='ocrx_word' id='word_1_777' title='bbox 3233 4638 3329 4691; x_wconf 74' lang='grc' dir='ltr'>καὶ</span> <span class='ocrx_word' id='word_1_778' title='bbox 3369 4639 3563 4711; x_wconf 75' lang='grc' dir='ltr'>ἐχθρὸς</span> 
     </span>
    </p>
   </div>
   <div class='ocr_carea' id='block_1_105' title="bbox 1977 4717 3559 4793">
    <p class='ocr_par' dir='ltr' id='par_1_105' title="bbox 1977 4717 3559 4793">
     <span class='ocr_line' id='line_1_106' title="bbox 1977 4717 3559 4793; baseline 0.002 -22"><span class='ocrx_word' id='word_1_779' title='bbox 1977 4717 2343 4782; x_wconf 88' lang='grc' dir='ltr'>ἐπιϐουλεύει,</span> <span class='ocrx_word' id='word_1_780' title='bbox 2374 4717 2470 4770; x_wconf 76' lang='grc' dir='ltr'>καὶ</span> <span class='ocrx_word' id='word_1_781' title='bbox 2504 4717 2660 4787; x_wconf 91' lang='grc' dir='ltr'>φίλος</span> <span class='ocrx_word' id='word_1_782' title='bbox 2688 4717 3000 4789; x_wconf 77' lang='grc' dir='ltr'>βασκαίνει,</span> <span class='ocrx_word' id='word_1_783' title='bbox 3051 4720 3147 4774; x_wconf 78' lang='grc' dir='ltr'>καὶ</span> <span class='ocrx_word' id='word_1_784' title='bbox 3186 4721 3385 4790; x_wconf 89' lang='grc' dir='ltr'>γείτων</span> <span class='ocrx_word' id='word_1_785' title='bbox 3420 4724 3559 4793; x_wconf 84' lang='grc' dir='ltr'>ἐπη-</span> 
     </span>
    </p>
   </div>
   <div class='ocr_carea' id='block_1_106' title="bbox 1983 4800 3561 4874">
    <p class='ocr_par' dir='ltr' id='par_1_106' title="bbox 1983 4800 3561 4874">
     <span class='ocr_line' id='line_1_107' title="bbox 1983 4800 3561 4874; baseline 0.003 -20"><span class='ocrx_word' id='word_1_786' title='bbox 1983 4801 2188 4874; x_wconf 84' lang='grc' dir='ltr'>ρεάζει,</span> <span class='ocrx_word' id='word_1_787' title='bbox 2211 4800 2306 4855; x_wconf 80' lang='grc' dir='ltr'>καὶ</span> <span class='ocrx_word' id='word_1_788' title='bbox 2332 4800 2748 4873; x_wconf 88' lang='grc' dir='ltr'>συστρατιώτης</span> <span class='ocrx_word' id='word_1_789' title='bbox 2782 4801 3147 4869; x_wconf 77' lang='grc' dir='ltr'>ὑποσκελίζει,</span> <span class='ocrx_word' id='word_1_790' title='bbox 3186 4803 3444 4869; x_wconf 90' lang='grc' dir='ltr'>πολλάκις</span> <span class='ocrx_word' id='word_1_791' title='bbox 3468 4809 3561 4859; x_wconf 82' lang='grc' dir='ltr'>καὶ</span> 
     </span>
    </p>
   </div>
   <div class='ocr_carea' id='block_1_107' title="bbox 1977 4883 3560 4962">
    <p class='ocr_par' dir='ltr' id='par_1_107' title="bbox 1977 4883 3560 4962">
     <span class='ocr_line' id='line_1_108' title="bbox 1977 4883 3560 4962; baseline 0 -23"><span class='ocrx_word' id='word_1_792' title='bbox 1977 4885 2240 4956; x_wconf 87' lang='grc' dir='ltr'>δικαστὴς</span> <span class='ocrx_word' id='word_1_793' title='bbox 2282 4883 2529 4949; x_wconf 88' lang='grc' dir='ltr'>ἀπειλεῖ,</span> <span class='ocrx_word' id='word_1_794' title='bbox 2577 4884 2673 4938; x_wconf 82' lang='grc' dir='ltr'>καὶ</span> <span class='ocrx_word' id='word_1_795' title='bbox 2718 4886 2880 4940; x_wconf 88' lang='grc' dir='ltr'>πενία</span> <span class='ocrx_word' id='word_1_796' title='bbox 2925 4885 3119 4951; x_wconf 87' lang='grc' dir='ltr'>λυπεῖ,</span> <span class='ocrx_word' id='word_1_797' title='bbox 3178 4888 3272 4941; x_wconf 82' lang='grc' dir='ltr'>καὶ</span> <span class='ocrx_word' id='word_1_798' title='bbox 3317 4887 3560 4962; x_wconf 77' lang='grc' dir='ltr'>ἀποϐολὴ</span> 
     </span>
    </p>
   </div>
   <div class='ocr_carea' id='block_1_108' title="bbox 1972 4967 3556 5043">
    <p class='ocr_par' dir='ltr' id='par_1_108' title="bbox 1972 4967 3556 5043">
     <span class='ocr_line' id='line_1_109' title="bbox 1972 4967 3556 5043; baseline 0.001 -20"><span class='ocrx_word' id='word_1_799' title='bbox 1972 4969 2083 5023; x_wconf 89' lang='grc' dir='ltr'>τῶν</span> <span class='ocrx_word' id='word_1_800' title='bbox 2110 4967 2550 5037; x_wconf 76' lang='grc' dir='ltr'>οἰκείωνπένθος</span> <span class='ocrx_word' id='word_1_801' title='bbox 2585 4968 2914 5041; x_wconf 73' lang='grc' dir='ltr'>ἐργάζεται,</span> <span class='ocrx_word' id='word_1_802' title='bbox 2945 4970 3041 5025; x_wconf 76' lang='grc' dir='ltr'>καὶ</span> <span class='ocrx_word' id='word_1_803' title='bbox 3083 4970 3356 5042; x_wconf 82' lang='grc' dir='ltr'>εύημερία</span> <span class='ocrx_word' id='word_1_804' title='bbox 3388 4975 3556 5043; x_wconf 73' lang='grc' dir='ltr'>φυσᾷ.</span> 
     </span>
    </p>
   </div>
   <div class='ocr_carea' id='block_1_109' title="bbox 1973 5051 3556 5127">
    <p class='ocr_par' dir='ltr' id='par_1_109' title="bbox 1973 5051 3556 5127">
     <span class='ocr_line' id='line_1_110' title="bbox 1973 5051 3556 5127; baseline 0.003 -21"><span class='ocrx_word' id='word_1_805' title='bbox 1973 5053 2070 5107; x_wconf 76' lang='grc' dir='ltr'>καὶ</span> <span class='ocrx_word' id='word_1_806' title='bbox 2115 5051 2426 5124; x_wconf 86' lang='grc' dir='ltr'>δυσπραγία</span> <span class='ocrx_word' id='word_1_807' title='bbox 2468 5052 2768 5120; x_wconf 88' lang='grc' dir='ltr'>συστέλλει,</span> <span class='ocrx_word' id='word_1_808' title='bbox 2819 5054 2916 5108; x_wconf 78' lang='grc' dir='ltr'>καὶ</span> <span class='ocrx_word' id='word_1_809' title='bbox 2968 5053 3163 5109; x_wconf 87' lang='grc' dir='ltr'>πολλαί</span> <span class='ocrx_word' id='word_1_810' title='bbox 3217 5055 3316 5126; x_wconf 86' lang='grc' dir='ltr'>μὲν</span> <span class='ocrx_word' id='word_1_811' title='bbox 3363 5056 3556 5127; x_wconf 84' lang='grc' dir='ltr'>ὀργῆς,</span> 
     </span>
    </p>
   </div>
   <div class='ocr_carea' id='block_1_110' title="bbox 1971 5134 3559 5208">
    <p class='ocr_par' dir='ltr' id='par_1_110' title="bbox 1971 5134 3559 5208">
     <span class='ocr_line' id='line_1_111' title="bbox 1971 5134 3559 5208; baseline 0.002 -19"><span class='ocrx_word' id='word_1_812' title='bbox 1971 5134 2168 5189; x_wconf 75' lang='grc' dir='ltr'>πολλαὶ</span> <span class='ocrx_word' id='word_1_813' title='bbox 2216 5135 2275 5190; x_wconf 86' lang='grc' dir='ltr'>δέ</span> <span class='ocrx_word' id='word_1_814' title='bbox 2327 5135 2645 5208; x_wconf 81' lang='grc' dir='ltr'>φροντίδων,</span> <span class='ocrx_word' id='word_1_815' title='bbox 2705 5135 2900 5191; x_wconf 74' lang='grc' dir='ltr'>πολλαὶ</span> <span class='ocrx_word' id='word_1_816' title='bbox 2945 5136 3004 5190; x_wconf 85' lang='grc' dir='ltr'>δὲ</span> <span class='ocrx_word' id='word_1_817' title='bbox 3048 5136 3287 5208; x_wconf 89' lang='grc' dir='ltr'>ἀθυμίας</span> <span class='ocrx_word' id='word_1_818' title='bbox 3326 5139 3421 5193; x_wconf 76' lang='grc' dir='ltr'>καὶ</span> <span class='ocrx_word' id='word_1_819' title='bbox 3466 5139 3559 5193; x_wconf 86' lang='grc' dir='ltr'>λύ-</span> 
     </span>
    </p>
   </div>
   <div class='ocr_carea' id='block_1_111' title="bbox 1973 5217 3557 5292">
    <p class='ocr_par' dir='ltr' id='par_1_111' title="bbox 1973 5217 3557 5292">
     <span class='ocr_line' id='line_1_112' title="bbox 1973 5217 3557 5292; baseline 0.003 -20"><span class='ocrx_word' id='word_1_820' title='bbox 1973 5235 2103 5290; x_wconf 90' lang='grc' dir='ltr'>πης,</span> <span class='ocrx_word' id='word_1_821' title='bbox 2133 5217 2326 5273; x_wconf 81' lang='grc' dir='ltr'>πολλαὶ</span> <span class='ocrx_word' id='word_1_822' title='bbox 2348 5219 2406 5273; x_wconf 82' lang='grc' dir='ltr'>δὲ</span> <span class='ocrx_word' id='word_1_823' title='bbox 2426 5218 2731 5284; x_wconf 83' lang='grc' dir='ltr'>κενοδοξίας</span> <span class='ocrx_word' id='word_1_824' title='bbox 2761 5220 2856 5274; x_wconf 73' lang='grc' dir='ltr'>καὶ</span> <span class='ocrx_word' id='word_1_825' title='bbox 2885 5220 3146 5284; x_wconf 89' lang='grc' dir='ltr'>ἀπονοίας</span> <span class='ocrx_word' id='word_1_826' title='bbox 3177 5221 3424 5292; x_wconf 79' lang='grc' dir='ltr'>ἀφορμαὶ</span> <span class='ocrx_word' id='word_1_827' title='bbox 3463 5224 3557 5276; x_wconf 81' lang='grc' dir='ltr'>καὶ</span> 
     </span>
    </p>
   </div>
   <div class='ocr_carea' id='block_1_112' title="bbox 1972 5300 3557 5376">
    <p class='ocr_par' dir='ltr' id='par_1_112' title="bbox 1972 5300 3557 5376">
     <span class='ocr_line' id='line_1_113' title="bbox 1972 5300 3557 5376; baseline 0.003 -21"><span class='ocrx_word' id='word_1_828' title='bbox 1972 5300 2210 5371; x_wconf 86' lang='grc' dir='ltr'>ἀνάγκαι</span> <span class='ocrx_word' id='word_1_829' title='bbox 2237 5300 2506 5356; x_wconf 83' lang='grc' dir='ltr'>πάντοθεν</span> <span class='ocrx_word' id='word_1_830' title='bbox 2537 5303 2689 5373; x_wconf 79' lang='grc' dir='ltr'>ἡμᾶς</span> <span class='ocrx_word' id='word_1_831' title='bbox 2716 5300 3225 5374; x_wconf 78' lang='grc' dir='ltr'>περιστοιχίζονται,</span> <span class='ocrx_word' id='word_1_832' title='bbox 3271 5304 3363 5355; x_wconf 81' lang='grc' dir='ltr'>καὶ</span> <span class='ocrx_word' id='word_1_833' title='bbox 3388 5306 3557 5376; x_wconf 79' lang='grc' dir='ltr'>μυρία</span> 
     </span>
    </p>
   </div>
   <div class='ocr_carea' id='block_1_113' title="bbox 1972 5383 3554 5459">
    <p class='ocr_par' dir='ltr' id='par_1_113' title="bbox 1972 5383 3554 5459">
     <span class='ocr_line' id='line_1_114' title="bbox 1972 5383 3554 5459; baseline 0.003 -21"><span class='ocrx_word' id='word_1_834' title='bbox 1972 5384 2313 5456; x_wconf 87' lang='grc' dir='ltr'>πανταχόθεν</span> <span class='ocrx_word' id='word_1_835' title='bbox 2338 5383 2411 5438; x_wconf 89' lang='grc' dir='ltr'>τά</span> <span class='ocrx_word' id='word_1_836' title='bbox 2439 5384 2568 5455; x_wconf 73' lang='grc' dir='ltr'>βέλη</span> <span class='ocrx_word' id='word_1_837' title='bbox 2603 5387 2851 5456; x_wconf 85' lang='grc' dir='ltr'>φέρεται·</span> <span class='ocrx_word' id='word_1_838' title='bbox 2886 5385 2968 5439; x_wconf 81' lang='grc' dir='ltr'>διὸ</span> <span class='ocrx_word' id='word_1_839' title='bbox 2990 5387 3089 5458; x_wconf 84' lang='grc' dir='ltr'>τῆς</span> <span class='ocrx_word' id='word_1_840' title='bbox 3126 5387 3234 5440; x_wconf 78' lang='grc' dir='ltr'>ἀπὸ</span> <span class='ocrx_word' id='word_1_841' title='bbox 3264 5386 3376 5440; x_wconf 89' lang='grc' dir='ltr'>τῶν</span> <span class='ocrx_word' id='word_1_842' title='bbox 3415 5390 3554 5459; x_wconf 78' lang='grc' dir='ltr'>Γραο</span> 
     </span>
    </p>
   </div>
   <div class='ocr_carea' id='block_1_114' title="bbox 1972 5466 3551 5543">
    <p class='ocr_par' dir='ltr' id='par_1_114' title="bbox 1972 5466 3551 5543">
     <span class='ocr_line' id='line_1_115' title="bbox 1972 5466 3551 5543; baseline 0.002 -23"><span class='ocrx_word' id='word_1_843' title='bbox 1972 5466 2088 5538; x_wconf 89' lang='grc' dir='ltr'>φῶν</span> <span class='ocrx_word' id='word_1_844' title='bbox 2145 5466 2448 5529; x_wconf 87' lang='grc' dir='ltr'>πανοπλίας</span> <span class='ocrx_word' id='word_1_845' title='bbox 2492 5467 2652 5539; x_wconf 88' lang='grc' dir='ltr'>χρεία</span> <span class='ocrx_word' id='word_1_846' title='bbox 2715 5467 2999 5539; x_wconf 90' lang='grc' dir='ltr'>διηνεκῶς.</span> <span class='ocrx_word' id='word_1_847' title='bbox 3065 5468 3357 5537; x_wconf 89' lang='grc' dir='ltr'>Ἐπίγνωθι</span> <span class='ocrx_word' id='word_1_848' title='bbox 3408 5472 3551 5543; x_wconf 72' lang='grc' dir='ltr'>γὰρ,</span> 
     </span>
    </p>
   </div>
   <div class='ocr_carea' id='block_1_115' title="bbox 1972 5551 3554 5623">
    <p class='ocr_par' dir='ltr' id='par_1_115' title="bbox 1972 5551 3554 5623">
     <span class='ocr_line' id='line_1_116' title="bbox 1972 5551 3554 5623; baseline 0.006 -19"><span class='ocrx_word' id='word_1_849' title='bbox 1972 5552 2158 5623; x_wconf 68' lang='grc' dir='ltr'>φησιν,</span> <span class='ocrx_word' id='word_1_850' title='bbox 2218 5552 2300 5605; x_wconf 84' lang='grc' dir='ltr'>ὅτι</span> <span class='ocrx_word' id='word_1_851' title='bbox 2348 5552 2408 5604; x_wconf 87' lang='grc' dir='ltr'>ἐν</span> <span class='ocrx_word' id='word_1_852' title='bbox 2462 5551 2614 5622; x_wconf 86' lang='grc' dir='ltr'>μέσῳ</span> <span class='ocrx_word' id='word_1_853' title='bbox 2668 5553 2911 5621; x_wconf 89' lang='grc' dir='ltr'>παγίδων</span> <span class='ocrx_word' id='word_1_854' title='bbox 2957 5551 3272 5618; x_wconf 83' lang='grc' dir='ltr'>διαϐαίνεις.</span> <span class='ocrx_word' id='word_1_855' title='bbox 3325 5557 3420 5611; x_wconf 76' lang='grc' dir='ltr'>καὶ</span> <span class='ocrx_word' id='word_1_856' title='bbox 3460 5558 3554 5612; x_wconf 77' lang='grc' dir='ltr'>ἐπὶ</span> 
     </span>
    </p>
   </div>
   <div class='ocr_carea' id='block_1_116' title="bbox 1973 5634 3552 5712">
    <p class='ocr_par' dir='ltr' id='par_1_116' title="bbox 1973 5634 3552 5712">
     <span class='ocr_line' id='line_1_117' title="bbox 1973 5634 3552 5712; baseline 0.003 -23"><span class='ocrx_word' id='word_1_857' title='bbox 1973 5634 2249 5700; x_wconf 80' lang='grc' dir='ltr'>ἐπάλξεων</span> <span class='ocrx_word' id='word_1_858' title='bbox 2280 5634 2487 5699; x_wconf 87' lang='grc' dir='ltr'>πόλεως</span> <span class='ocrx_word' id='word_1_859' title='bbox 2510 5638 2854 5707; x_wconf 87' lang='grc' dir='ltr'>περιπατεῖς.</span> <span class='ocrx_word' id='word_1_860' title='bbox 2886 5637 2996 5691; x_wconf 77' lang='grc' dir='ltr'>Καὶ</span> <span class='ocrx_word' id='word_1_861' title='bbox 3017 5637 3126 5710; x_wconf 87' lang='grc' dir='ltr'>γὰρ</span> <span class='ocrx_word' id='word_1_862' title='bbox 3150 5639 3205 5691; x_wconf 90' lang='grc' dir='ltr'>αἰ</span> <span class='ocrx_word' id='word_1_863' title='bbox 3230 5639 3329 5711; x_wconf 84' lang='grc' dir='ltr'>τῆς</span> <span class='ocrx_word' id='word_1_864' title='bbox 3351 5641 3552 5712; x_wconf 82' lang='grc' dir='ltr'>σαρκὸς</span> 
     </span>
    </p>
   </div>
   <div class='ocr_carea' id='block_1_117' title="bbox 1976 5717 3550 5795">
    <p class='ocr_par' dir='ltr' id='par_1_117' title="bbox 1976 5717 3550 5795">
     <span class='ocr_line' id='line_1_118' title="bbox 1976 5717 3550 5795; baseline 0.005 -22"><span class='ocrx_word' id='word_1_865' title='bbox 1976 5718 2261 5789; x_wconf 78' lang='grc' dir='ltr'>ἐπιθυμίαι</span> <span class='ocrx_word' id='word_1_866' title='bbox 2306 5717 2685 5793; x_wconf 86' lang='grc' dir='ltr'>χαλεπώτερον</span> <span class='ocrx_word' id='word_1_867' title='bbox 2722 5719 2830 5779; x_wconf 87' lang='grc' dir='ltr'>τῶν</span> <span class='ocrx_word' id='word_1_868' title='bbox 2871 5722 2928 5779; x_wconf 88' lang='grc' dir='ltr'>ἐν</span> <span class='ocrx_word' id='word_1_869' title='bbox 2977 5722 3128 5794; x_wconf 83' lang='grc' dir='ltr'>μέσῳ</span> <span class='ocrx_word' id='word_1_870' title='bbox 3171 5724 3550 5795; x_wconf 68' lang='grc' dir='ltr'>στρεφομένων</span> 
     </span>
    </p>
   </div>
  </div>
