4046 6146
539 280 650 338 993

540 393 1046 461 κατεξανίστανται·
1097 391 1195 446 καὶ
1239 391 1349 465 γάρ
1383 391 1478 446 καὶ
1507 388 1630 459 θψις
1663 383 1948 458 εὐπρεπὴς
1969 422 1985 449 ,
2019 379 2125 465 καὶ

541 481 703 553 σῶμα
728 479 983 551 λαμπρὸν
1007 476 1094 531 διὰ
1130 476 1238 530 τῶν
1272 463 1566 544 ὀφθαλμῶν
1603 470 1794 553 ἔϐαλε,
1838 467 1936 520 καὶ⁹
1979 463 2130 553 ῥῆμα

539 546 766 636 αἰσχρὸν
802 546 900 616 διά
929 563 1028 633 τῆς
1078 560 1249 630 ἀκοῆς
1299 558 1543 612 εἰσελθὸν
1589 552 1929 636 ἐθορύϐησεν
1967 546 2130 636 ἡμῶν

538 631 936 718 τὸννλογισμόν·
967 631 1226 708 πολλάκις
1259 644 1317 697 δὲ
1355 643 1449 697 καὶ
1486 640 1644 713 μέλος
1671 631 2130 718 κατακεκλασμέ-

539 751 630 788 νον
654 715 846 803 τὸτῆς
879 730 1058 801 ψυχῆς
1099 723 1723 797 εύτονονκατεμάλαξε.
1761 721 1874 775 Καὶ
1909 716 1961 771 τί
1987 715 2132 803 λέγω

539 817 751 884 cuii-ca;
799 796 873 870 Τὸ
1063 816 1282 869 πάντων
1314 796 1520 866 τούτων
1570 807 1954 863 εὐτελέστατον
1988 796 2130 886 εἶναι

540 903 804 965 πολλάκις
836 885 1050 963 δοκοῦν,
1114 897 1302 969 μύρων
1339 895 1490 967 ὁσμὴ
1527 889 1915 966 προσπεσοῦσά
1965 885 2130 939 ποθεν

540 985 692 1060 [758]
731 984 884 1057 παρά
914 981 1192 1053 γυναικῶν
1226 979 1651 1051 ἐταιριζομένων
1684 978 1744 1029 ἐν
1764 977 1846 1060 τῇ
1879 971 2129 1060 παρόδῳ,

539 1056 782 1125 λαϐοῦσα
815 1056 1060 1139 ἀπῆλθεν
1111 1063 1458 1137 αἰχμάλωτον
1508 1061 1616 1115 ἀπὸ
1662 1059 1823 1132 ψιλῆς
1865 1056 1966 1128 τῆς
2014 1070 2134 1106 συν-

539 1157 750 1218 τυχίας.

607 1174 820 1309 Erigat
875 1237 1046 1292 πολλὰ
1094 1233 1322 1289 τοιαῦτά
1355 1235 1470 1286 ἐστι
1503 1231 1574 1284 τά
1607 1224 1997 1300 πολιορκοῦντα
2031 1220 2129 1293 τὴν

541 1324 815 1395 ἡμετέραν
841 1322 1042 1392 ψυχήν·
1074 1319 1167 1372 καὶ
1192 1317 1272 1370 δεῖ
1302 1315 1408 1370 τῶν
1434 1314 1594 1369 θείων
1621 1311 1932 1384 φαρμάκων
1959 1309 2128 1395 ἡμῖν,

544 1390 632 1461 ἵνα
681 1390 775 1461 καὶ
819 1390 888 1459 τά
923 1390 1200 1474 γινόμενα
1259 1401 1393 1470 ἐλκη
1441 1397 1864 1480 θερανπεύωμεν,
1915 1393 2010 1446 καί¹
2059 1390 2130 1444 τὰ

547 1489 775 1563 μηδέπω
821 1490 919 1560 μὲν
947 1488 1228 1558 γινόμενα,
1279 1484 1542 1556 μέλλοντα
1571 1478 1640 1535 ’δὲ
1681 1478 1950 1563 γίνεσθαι,
1998 1493 2134 1563 προ-

544 1559 1011 1643 ἀναστέλλωμεν,.
1057 1568 1342 1642 πόρρωθεν
1405 1565 1500 1620 τοῦ
1567 1564 1812 1618 διαϐόλου
1865 1562 1938 1616 τὰ
2001 1559 2131 1643 βέλη

544 1641 1010 1718 κατασϐεννύντες
1037 1654 1134 1707 καὶ
1161 1651 1596 1723 ἀποκρουόμενοι
1630 1647 1721 1702 διὰ
1745 1647 1846 1717 τῆς
1875 1641 2133 1716 συνεχοῦς

543 1745 651 1796 τῶν
680 1741 839 1795 θείων
872 1737 1106 1812 Γραφῶν
1137 1735 1520 1806 ἀναγνώσεως.
1564 1733 1639 1787 Οὐ
1681 1731 1790 1804 γὰρ
1828 1731 1995 1796 ἐστιν,
2032 1729 2133 1783 οὐκ

545 1827 661 1878 ἐστι
709 1824 831 1877 τινὰ
883 1822 1121 1893 σωθῆναι
1177 1820 1252 1893 μὴ
1302 1818 1544 1890 συνεχῶς
1595 1814 1956 1885 ἀναγνώσεως
1997 1813 2133 1866 ἀπο-

545 1908 781 1962 λαύοντα
808 1905 1217 1977 πνευματικῆς·
1262 1902 1377 1957 ἀλλ’
1407 1903 1576 1966 ὅντως
1614 1901 1919 1970 ἀγαπητὸν,
1959 1898 2009 1951 εἰ
2037 1897 2134 1950 καὶ

544 1991 828 2061 διηνεκοῦς
855 1990 1056 2059 ταύτης
1086 1986 1450 2050 ἀπολαύοντες
1481 1988 1578 2057 τῆς
1607 1997 1635 2026 ει
1669 1981 2004 2054 θεραπείας,
2038 1981 2133 2034 δυ-

544 2075 842 2145 νηθείημεν
899 2072 1140 2144 σωθῆναί
1193 2088 1348 2125 ποτε.
1397 2070 1569 2123 Ὅταν
1615 2067 1673 2122 δὲ
1723 2066 1847 2120 καθ’
1892 2064 2132 2134 ἑκάστην

549 2160 647 2228 μὲν
676 2155 1039 2228 πληττὼμεθα
1071 2156 1173 2226 τὴν
1202 2154 1435 2226 ἡμέραν,
1488 2152 1731 2223 ἰατρείας
1764 2149 1820 2202 δέ
1863 2147 2135 2219 μηδεμιᾶς

546 2240 931 2312 ἀπολαύωμεν,
983 2237 1115 2292 ποία
1150 2237 1423 2310 σωτηρίας
1453 2235 1640 2300 ἐλπίς;
1687 2234 1800 2304 Ούχ
1837 2233 1976 2304 ὁρᾷς
2006 2231 2134 2294 τοὺς

547 2324 943 2398 χαλκοτύπους,
974 2323 1100 2386 τοὺς
1128 2321 1480 2393 χρυσοχόους,
1516 2321 1641 2384 τοὺς
1683 2315 2130 2398 ἀργυροκόπους,

546 2397 674 2472 τοὺς
716 2405 1002 2479 ἡντιναοῦν
1056 2407 1341 2478 μετιόντας
1397 2404 1614 2476 τέχνην,
1666 2403 1882 2457 ἅπαντα
1922 2399 1991 2453 τά
2032 2397 2134 2468 τῆς

545 2495 742 2565 τέχνης
770 2492 991 2562 ἔχοντας
1028 2489 1414 2562 ἀπηρτισμένα
1464 2489 1534 2541 τὰ
1573 2487 1852 2560 ἐργαλεῖα,
1905 2483 2012 2538 κᾶν
2052 2481 2135 2565 λι·

551 2564 650 2650 μδς
701 2573 1007 2645 ἀναγκάζῃ,
1063 2573 1167 2627 κᾶν
1201 2573 1364 2626 πενία
1402 2571 1560 2642 θλίϐῃ
1584 2611 1597 2632 ,
1638 2570 1818 2623 πάντα
1868 2564 2132 2638 αἰρουμέέ-

547 2679 673 2724 νους
705 2660 994 2730 ὑπομεῖναι
1030 2657 1250 2729 μᾶλλον,
1288 2657 1322 2729 ἢ
1364 2657 1476 2710 τῶν
1505 2656 1605 2725 τῆς
1642 2655 1839 2725 τέχνης
1884 2652 2132 2724 ὀργάνων

549 2743 846 2799 ἀποδόσθαι
867 2759 942 2803 τι,
970 2743 1064 2795 καὶ
1091 2741 1488 2812 διατραφῆναι;
1528 2740 1722 2793 Πολλοὶ
1757 2737 1892 2808 γοῦν
1930 2735 2132 2790 πολλά-

549 2845 637 2892 κις
665 2825 1015 2880 δανείσασθαι
1047 2826 1246 2896 μᾶλλον
1290 2825 1520 2888 εἵλοντο,
1567 2825 1663 2879 καὶ
1705 2821 1992 2895 διαθρέψαι
2040 2822 2134 2876 καὶ

547 2913 648 2982 τὴν
680 2910 856 2964 οἰκίαν
891 2910 985 2963 καὶ
1017 2909 1084 2963 τὰ
1114 2909 1323 2974 παιδία,
1370 2909 1403 2980 ἡ
1444 2908 1551 2961 τῶν
1593 2909 1690 2980 τῆς
1726 2907 1927 2978 τέχνης
1973 2906 2136 2978 ἐργα-

547 2997 708 3052 λείων
751 2996 853 3050 κᾶν
891 2996 952 3049 τὸ
1006 2994 1334 3066 μικρότατον
1381 2994 1710 3048 ἀποδόσθαι·
1743 2993 1839 3046 καὶ
1886 2991 2034 3063 μάλα
2071 3008 2134 3060 γε

548 3082 793 3145 εἰκότως.
825 3079 1002 3133 Ἱσασι
1029 3079 1138 3150 γὰρ
1166 3080 1280 3141 ὅτι,
1321 3078 1640 3149 πραθέντων
1688 3076 1931 3142 ἐκείνων,
1960 3075 2135 3148 ἄχρη-

550 3165 741 3220 στατά
777 3165 876 3235 τῆς
904 3165 1097 3236 τέχνης
1123 3164 1305 3228 αὐτοῖς
1342 3164 1590 3228 ἅπαντα,
1627 3163 1723 3216 καὶ
1755 3165 1788 3233 ἡ
1826 3162 1928 3233 τῆς
1966 3162 2134 3214 εὐπο-

509 3275 512 3277 ·
551 3251 675 3322 ρίας
733 3249 989 3312 ὑπόθεσις
1034 3248 1304 3321 ἀνῄρηται
1357 3249 1524 3301 πᾶσα.
1569 3247 1824 3301 Ἐκείνων
1877 3245 1978 3316 μέν
2025 3244 2133 3318 γάρ

552 3334 845 3404 μενόντων,
895 3332 1116 3386 δυνατὸν
1157 3332 1226 3386 τὰ
1267 3332 1529 3403 γινόμενα
1572 3331 1910 3402 δανείσματα
1957 3330 2137 3402 χρόνῳ

549 3419 683 3472 ποτὲ
710 3415 1064 3470 διαλύσασθαι
1095 3417 1162 3487 τῇ
1207 3416 1376 3488 τέχνῃ
1416 3415 1656 3485 συνεχῶς
1697 3415 2046 3487 χρωμένους·
2086 3415 2134 3468 εί

548 3503 608 3558 δὲ
657 3502 960 3571 φθάσαντες
1018 3499 1226 3571 ἑτέροις
1264 3498 1407 3553 αύτά
1453 3501 1734 3556 ἀπόδοιντο
1775 3499 1826 3566 b,
1876 3499 2133 3571 οὐδεμίαν

549 3587 732 3640 οὐκέτι
774 3584 1130 3654 παραμυθίαν
1182 3585 1249 3654 τῇ
1298 3583 1462 3656 πενίᾳ
1519 3584 1614 3637 καὶ
1663 3582 1740 3654 τῷ
1778 3583 1924 3655 λιμῷ
1969 3583 2137 3638 ποθεν

550 3669 832 3737 ἐπινοῆσαι
857 3666 1194 3736 δυνήσονται.
1224 3665 1411 3730 Οὕτως
1435 3661 1528 3721 οὖν
1553 3668 1647 3720 καὶ
1663 3669 1810 3739 ἡμᾶς
1835 3666 2137 3722 διακεῖσθαι

551 3755 680 3825 χρή.
719 3751 985 3821 Καθάπερ
1032 3749 1140 3821 γὰρ
1197 3749 1429 3812 ἐκείνοις
1473 3749 1730 3820 ἐργαλεῖα
1787 3751 1889 3822 τῆς
1939 3751 2136 3823 τέχνης

551 3837 670 3890 ἐστὶ
722 3834 902 3905 σφῦρα
936 3835 1029 3888 καὶ
1058 3833 1250 3904 ἄκμων
1281 3833 1376 3886 καὶ
1409 3834 1692 3906 πυράγρα·
1742 3834 1885 3889 οὕτω
1923 3835 1988 3908 δὴ
2045 3836 2139 3889 καὶ

556 3922 683 3992 ἡμῖν
709 3916 966 3991 ἐργαλεῖα
995 3916 1092 3988 τῆς
1119 3916 1314 3988 τέχνης
1346 3917 1495 3970 ἐστὶν
1515 3918 1852 3975 ἀποστολικά
1877 3919 1980 3976 καὶ
2009 3937 2141 3993 προ-

552 4005 760 4078 φητικά
781 4002 980 4075 βιϐλία,
1007 4002 1100 4055 καὶ
1118 4004 1266 4055 πᾶσα
1290 4001 1481 4073 Γραφὴ
1499 4001 1858 4070 θεόπνευστος
1886 4006 1981 4059 καὶ
1997 4005 2140 4076 ὠφέ-

551 4093 729 4161 λιμος.
783 4089 892 4140 Καὶ
931 4087 1183 4158 καθάπερ
1234 4090 1433 4141 ἐκεῖνοι
1479 4087 1548 4142 δι’
1585 4089 1811 4144 ἐκείνων
1854 4091 1922 4146 τὰ
1969 4091 2138 4164 σκεύη

553 4176 752 4238 πάντα,
773 4172 912 4244 ἅπερ
945 4171 1012 4226 ἂν
1043 4171 1269 4236 λάϐωσι,
1304 4171 1742 4227 διαπλάττουσιν·
1779 4175 1921 4230 οὕτω
1955 4175 2018 4250 δὴ
2049 4178 2142 4230 καὶ

553 4261 714 4330 ἡμεῖς
739 4257 828 4311 διά
863 4258 1070 4311 τούτων
1097 4257 1196 4328 τὴν
1225 4257 1404 4330 ψυχὴν
1439 4257 1537 4330 τὴν
1564 4259 1842 4334 ἡμετέραν
1879 4262 2142 4332 χαλκεύο-

556 4360 680 4416 μεν,
713 4342 808 4395 καὶ
829 4340 1267 4413 διεστραμμένην
1303 4340 1645 4412 διορθοῦμεν,
1675 4344 1768 4397 καὶ
1811 4343 2144 4400 παλαιωθεῖ-

557 4444 658 4480 σαν
688 4423 1131 4495 ἀνακαινίζομεν.
1172 4424 1431 4479 Κάκεῖνοι
1459 4425 1558 4496 μὲν
1591 4425 1754 4498 μέχρι
1786 4428 1894 4482 τῶν
1925 4430 2143 4502 σχημά-

554 4527 665 4564 των
695 4509 792 4580 τὴν
822 4508 1032 4562 ἑαυτῶν
1058 4508 1460 4563 ἐπιδείκνυνται
1491 4510 1707 4583 τέχνην·
1739 4513 1800 4565 ού
1825 4513 1933 4584 γὰρ
1960 4513 2025 4585 δὴ
2048 4513 2146 4585 τὴν

556 4596 690 4666 ὓλην
714 4594 820 4649 τῶν
849 4593 1057 4646 σκευῶν
1105 4594 1431 4666 μεταϐαλεῖν
1471 4594 1706 4652 δύναιντ’
1751 4597 1845 4664 ἂν,
1886 4599 2009 4653 οὐδὲ
2052 4600 2146 4654 τὸν

555 4681 797 4752 ἄργυρον
842 4677 1067 4747 ποιῆσαι
1112 4677 1337 4748 χρυσὸν,
1385 4676 1522 4733 ἀλλά
1569 4680 1696 4744 τοὺς
1723 4681 1930 4746 τύπους
1963 4683 2145 4737 αὐτῶν

559 4760 1068 4835 μεταρῤυθμίξουσι
1100 4762 1283 4833 μόνον·
1316 4761 1382 4816 σὺ
1405 4761 1462 4816 δὲ
1494 4763 1593 4834 οὐχ
1620 4763 1814 4832 οὕτως,
1861 4766 1976 4820 ἀλλ’
2001 4766 2145 4838 ἔχεις

553 4866 610 4902 τι
637 4846 800 4901 πλέον
833 4845 1080 4913 ἐκείνων,
1115 4847 1210 4900 καὶ
1243 4845 1454 4914 ξύλινον
1485 4847 1680 4912 σκεῦος
1711 4849 1892 4904 λαϐὼν
1939 4852 2146 4927 δυνήσῃ

554 4932 690 4988 ποτέ
724 4929 959 5003 χρυσοῦν
989 4931 1232 5002 ποιῆσαι.
1263 4931 1374 4986 Καὶ
1389 4931 1580 4986 τούτου
1615 4933 1824 5005 μάρτυς
1857 4939 1885 4990 ὁ
1913 4935 2144 5002 Παῦλος,

554 5016 697 5071 οὕτω
721 5016 916 5085 λέγων·
962 5016 1058 5069 Ἐν
1086 5014 1326 5086 μεγάλῃ
1359 5014 1428 5069 δὲ
1455 5017 1613 5084 οἰκίᾳ
1649 5021 1760 5073 οὐκ
1791 5019 1926 5074 ἐστι
1950 5021 2148 5090 μόνον

555 5101 754 5167 σκεύη
795 5097 997 5168 χρυσᾶ
1029 5098 1130 5154 καὶ
1175 5098 1427 5170 ἀργυρᾶ,
1459 5101 1621 5157 ἀλλὰ
1659 5103 1760 5158 καὶ
1790 5103 2012 5168 ξύλινα
2043 5107 2145 5158 καί

559 5183 904 5253 ὀστράκινα.
950 5183 1086 5238 Ἐάν
1101 5201 1192 5252 τις
1223 5179 1337 5240 οὖν
1361 5185 1661 5258 ἐκκαθάρῃ
1683 5187 1903 5242 ἑαυτὸν
1925 5188 1994 5242 ἐκ
2021 5189 2149 5243 τού-

558 5287 696 5326 των.
730 5269 906 5324 ἔσται
933 5269 1157 5336 σκεῦος
1179 5271 1267 5338 εἰς
1285 5269 1467 5342 τιμὴν
1485 5272 1880 5342 ἡγιασμένον,
1917 5273 2014 5327 καί
2049 5275 2148 5329 εὕ-

556 5370 829 5422 χρηστον
863 5353 944 5420 τῷ
973 5353 1243 5425 δεσπότῃ
1279 5359 1368 5424 εἰς
1391 5355 1515 5412 πᾶν
1543 5357 1723 5429 ἔργον
1740 5359 1967 5428 ἀγαθὸν
1993 5359 2147 5428 ἡτοι-

552 5438 889 5510 μασμένον.
919 5439 1013 5512 Μὴ
1064 5440 1244 5496 τοίνυν
1297 5441 1591 5514 ἀμελῶμεν
1636 5444 1736 5516 τῆς
1767 5446 2012 5510 κτήσεως
2037 5446 2147 5502 τῶν

616 5655 644 5726 .°
673 5655 768 5726 Hii
789 5656 1250 5726 ῖαῦτῃςμεῖέκόντες
1271 5671 1370 5726 τῆςο

613 5717 642 5759 ιι
671 5718 770 5768 Alii
798 5717 1033 5769 ἀποδοῖέν.
1052 5717 1532 5794 Ρξυιοιῖοείσυίᾶεηι
1553 5741 1666 5779 mss.
1683 5729 1809 5779 οὕτω
1832 5731 1889 5789 δὴ
1908 5733 2137 5792 uiam.

1253 273 1312 330 S.
1354 270 1639 330 JOANNIS
1675 261 2167 326 CHRYSOSTOMI
2209 258 2528 316 ARCHIEP.
2571 257 3130 316 CONSTANTINOP.
3664 265 3745 324 994

2241 376 2485 448 βιϐλίων,
2517 377 2606 433 ἵνα
2641 377 2715 448 μὴ
2747 378 2877 448 περὶ
2914 375 2984 430 τά
3010 375 3202 447 καίρια
3232 374 3500 446 δεξώμεθα
3526 376 3614 451 τὴν
3637 384 3745 455 πλη.

2232 468 2354 538 γὴν,
2401 468 2542 540 μηδὲ
2585 467 2805 541 χρυσίον
2846 467 3282 539 κατορύττωμεν,
3315 467 3445 522 ἀλλά
3488 469 3646 540 βιϐλία
3674 477 3742 550 θη-

2234 559 2580 631 σαυρίζωμεν
2608 560 2819 622 ἑαυτοῖς
2838 558 3204 629 πνευματικά.
3227 557 3300 611 Τὸ
3324 559 3420 630 μὲν
3436 561 3535 632 γὰρ
3553 567 3747 634 χρυσίον,

2233 652 2362 706 ὅταν
2395 649 2546 722 [759]
2576 649 2798 728 γένηται
2827 649 3011 714 πλέον,
3043 649 3163 704 τότε
3205 648 3434 720 μάλιστα
3467 652 3748 713 ἐπιϐουλεύει

2230 747 2345 807 τοῖς
2398 743 2775 814 κεκτημένοις·
2808 740 2874 796 τά
2903 742 2960 794 δέ
3012 739 3192 811 βιϐλία
3229 741 3556 812 ἀποκείμενα
3589 748 3746 822 πολλὴν

2240 836 2476 908 παρέχει
2501 837 2614 898 τοῖς
2644 834 2827 906 έχουσι
2852 833 2949 906 τὴν
2988 832 3276 903 ὠφέλειαν.

2305 929 2518 1000 Ὠσπερ
2548 927 2657 998 γάρ
2687 927 2817 981 ἔνθα
2843 923 2963 1001 ἃ.νῇ
2998 911 3341 999 ἀποκείμενα
3368 927 3504 980 ὅπλα
3529 928 3748 1000 βασιλικὰ,

2232 1020 2336 1076 κᾶν
2365 1021 2555 1093 μηδείς
2590 1017 2676 1096 ᾖό
2720 1020 3078 1092 κεχρημένος,
3107 1019 3310 1090 πολλὴν
3338 1021 3551 1091 παρέχει
3582 1027 3674 1088 τοῖς
3692 1026 3752 1079 ἒν-

2232 1114 2323 1169 δον
2351 1114 2561 1168 οἰκοῦσι
2587 1114 2687 1187 τὴν
2734 1114 3002 1186 φυλακὴν,
3053 1112 3180 1168 οὔτε
3214 1115 3444 1189 λῃστῶν,
3471 1117 3581 1170 οὔτε
3605 1136 3751 1191 τοιχω-

2236 1205 2438 1280 ρύχων,
2468 1205 2592 1261 οὔτε
2617 1206 2778 1262 ἄλλου
2811 1207 2960 1271 τινὸς
2977 1207 3086 1261 τῶν
3102 1206 3541 1280 κακουργούντων
3564 1210 3752 1281 τολμῶν-

2231 1317 2325 1363 τος
2345 1298 2599 1370 ἐπιϐῆναι
2630 1301 2732 1371 τῆς
2755 1300 2948 1365 οἰκίας·
2967 1299 3138 1362 οὓτως
3163 1299 3290 1353 ἔνθα
3312 1300 3376 1354 ἂν
3445 1300 3606 1371 βιϐλία
3629 1319 3753 1355 πνευ-

2244 1391 2472 1463 ματικὰ,
2496 1393 2646 1445 πᾶσα
2682 1391 2891 1446 ἐκεῖθεν
2916 1391 3198 1447 ἐλαύνεται
3235 1392 3476 1464 ἐνέργεια
3507 1392 3752 1464 διαϐολικὴ,

2233 1483 2334 1538 καὶ
2357 1483 2527 1556 πολλὴ
2559 1486 2672 1548 τοῖς
2709 1483 3011 1538 ἐνοικοῦσιν
3047 1484 3250 1556 ἀρετῆς
3285 1483 3608 1556 παράκλησις
3631 1483 3755 1552 γίνε-

2233 1596 2341 1633 ται.
2367 1578 2478 1634 Καὶ
2508 1579 2646 1650 αὐτὴ
2677 1578 2789 1650 γάρ
2811 1577 2934 1633 καθ’
2976 1577 3176 1648 ἐαυτὴν
3211 1577 3320 1630 τῶν
3353 1576 3558 1647 βιϐλίων
3588 1579 3616 1648 ἡ
3654 1576 3748 1646 ὖψις

2232 1671 2628 1744 ὀκνηροτέρους
2684 1672 2832 1743 ἡμᾶς
2875 1670 3014 1743 πρὸς
3058 1671 3158 1742 τὴν
3187 1669 3459 1743 ἁμαρτίαν
3500 1670 3754 1741 ἐργάζεται.

2234 1764 2355 1819 Κάν
2396 1781 2458 1818 τε
2486 1764 2595 1837 γὰρ
2626 1763 2988 1836 τολμήσωμέν
3018 1781 3073 1818 τι
3097 1764 3206 1818 τῶν
3226 1764 3674 1836 ἀπηγορευμένων,
3688 1762 3758 1817 καὶ

2235 1851 2582 1926 ἀκαθάρτους
2609 1853 2836 1917 ἑαυτοὺς
2868 1852 3260 1925 ἐργασώμεθα,
3280 1854 3573 1918 ἐπανιόντες
3599 1854 3755 1918 οίκαδε,

2247 1943 2344 1997 καὶ
2377 1942 2446 1997 τά
2481 1941 2661 2012 βιϐλία
2692 1942 2950 2016 ὁρῶντες,
2985 1944 3186 2014 μᾶλλον
3206 1943 3366 2016 ἡμῶν
3394 1944 3758 2014 καταδικάζομεν

2235 2034 2296 2089 τὸ
2327 2035 2583 2101 συνειδὸς,
2605 2035 2698 2089 καὶ
2729 2035 2867 2108 πρὸς
2891 2037 2953 2090 τὸ
2984 2038 3100 2100 τοῖς
3126 2036 3316 2100 αὐτοῖς
3343 2039 3630 2108 περιπεσεῖν
3641 2036 3760 2107 ὀκνη-

2238 2128 2448 2200 ρότεροι
2463 2127 2746 2201 γινόμεθα·
2776 2129 2842 2184 ἄν
2862 2146 2926 2182 τε
2958 2129 3122 2184 πάλιν
3155 2131 3215 2184 ἐν
3262 2129 3526 2202 ἁγιωσύνῃ
3555 2129 3760 2183 διατελῶ-

2238 2237 2359 2292 μεν,
2403 2220 2625 2275 πλείονα
2670 2221 2882 2276 ἐκεῖθεν
2923 2221 3283 2294 λαμϐάνομεν
3330 2221 3427 2294 τὴν
3474 2221 3702 2290 ὠφέλειαν
3723 2231 3760 2273 ε.

2237 2314 2390 2384 ’Δμα
2413 2314 2524 2385 γὰρ
2551 2313 2727 2385 ἣψατό
2759 2332 2844 2378 τις
2878 2313 3244 2385 Εύαγγελίου,
3274 2315 3367 2370 καὶ
3398 2313 3762 2386 μετερῤύθμισεν

2235 2405 2428 2460 ἐαυτοῦ
2475 2405 2575 2478 τὴν
2616 2406 2853 2462 διάνοιαν
2904 2407 3126 2473 εὐθέως,
3161 2408 3264 2462 καὶ
3295 2407 3402 2461 τῶν
3427 2405 3661 2478 βιωτικῶν
3682 2407 3761 2460 ἀπο

2236 2497 2434 2572 έστησε
2451 2500 2547 2554 καὶ
2574 2500 2682 2554 ἀπὸ
2720 2501 2817 2573 τῆς
2844 2499 3024 2571 ὅψεως
3055 2500 3231 2573 μόνης
3279 2499 3464 2570 αὐτῆς.
3503 2501 3561 2553 Εἰ
3601 2499 3650 2552 δὲ
3690 2497 3763 2551 καὶ

2235 2591 2544 2662 ἀνάγνωσις
2586 2593 2940 2665 προσγένοιτο
2970 2591 3230 2665 ἀκριϐὴς,
3285 2592 3522 2663 καθάπερ
3550 2591 3601 2642 ἐν
3635 2589 3763 2660 ἱεροῖς

2237 2685 2507 2757 ἀδύτοιςὴ
2537 2685 2684 2758 ψυχὴ
2717 2686 3044 2758 τελουμένη,
3083 2684 3266 2750 οὕτως
3305 2683 3659 2756 ἐκκαθαίρεται
3693 2679 3765 2753 καὶ

2239 2777 2465 2849 βελτίων
2495 2778 2724 2847 γίνεται,
2774 2775 2869 2831 τοῦ
2902 2775 3040 2831 Θεοῦ
3091 2776 3409 2849 ὁμιλοῦντος
3443 2775 3568 2845 αὐτῇ
3592 2773 3667 2827 διὰ
3683 2770 3765 2824 τῶν

2236 2869 2584 2941 γραμμάτων
2613 2871 2858 2926 ἐκείνων.

2312 2960 2377 3015 Τί
2403 2957 2516 3028 οῦν,
2554 2963 2621 3018 ἂν
2653 2962 2727 3036 μὴ
2776 2961 3007 3033 εἰδῶμεν
3038 2962 3110 3016 τὰ
3148 2961 3472 3035 ἐγκείμενα;
3503 2957 3653 3029 φησί.
3673 2954 3767 3009 Md-

2237 3056 2396 3110 λιστα
2429 3056 2527 3128 μὲν
2559 3057 2664 3110 κᾶν
2683 3055 2757 3128 μὴ
2790 3055 2938 3128 εἰδῇς
2957 3055 3026 3110 τά
3059 3056 3379 3129 ἐγκείμενοι,
3406 3054 3496 3109 ἀπ’
3520 3052 3669 3121 αὐτῆς
3690 3046 3767 3116 τῆς

2238 3147 2599 3218 ἀναγνώσεως
2641 3147 2810 3210 πολὺς
2837 3150 2866 3202 ὁ
2894 3148 3167 3221 ἁγιασμὸς
3225 3148 3451 3219 γίνεται.
3496 3143 3679 3205 ’Ἄλλως
3703 3141 3764 3202 δὲ,

2237 3237 2500 3293 ἀδύνατον
2539 3237 2719 3293 πάντα
2746 3241 2834 3293 ἐπ’
2873 3241 2996 3312 ῐσης
3033 3241 3274 3309 ἀγνοεῖν·
3318 3237 3407 3293 διά
3446 3235 3545 3309 γὰρ
3589 3230 3764 3300 τοῦτοὴ

2237 3329 2332 3385 τοῦ
2365 3330 2683 3404 Πνεύματος
2703 3331 3027 3404 ᾠκονόμησε
3046 3332 3207 3404 χάρις
3244 3330 3477 3393 τελώνας
3510 3328 3595 3383 καὶ
3619 3323 3766 3385 ἀλιέας

2239 3424 2336 3479 καὶ
2365 3418 2723 3498 σκηνοποιοὺς
2755 3427 2851 3480 καὶ
2886 3427 3150 3498 ποιμένας
3176 3426 3279 3480 καὶ
3298 3423 3540 3486 αἰπόλους
3559 3413 3766 3475 καὶίδιὼ-

2237 3533 2338 3582 τας
2370 3519 2466 3573 καὶ
2493 3518 2894 3591 ἀγραμμάτους
2918 3518 3092 3572 ταῦτα
3120 3518 3394 3573 συνθεῖναι
3413 3516 3477 3570 τὰ
3503 3510 3674 3586 βιϐλία,
3698 3507 3767 3560 ἵνα

2241 3609 2432 3682 μηδεὶς
2464 3609 2575 3664 τῶν
2601 3609 2827 3664 ἰδιωτῶν
2850 3610 2933 3674 εἰς
2960 3609 3166 3681 ταύτην
3201 3609 3306 3681 ἔχῃ
3340 3604 3667 3676 καταφεύγειν
3689 3598 3764 3668 τὴν

2241 3699 2539 3770 πρόφασιν,
2566 3700 2654 3755 ἵνα
2669 3701 2836 3756 πᾶσιν
2856 3699 3161 3756 εὐσύνοπτοι
3236 3703 3306 3756 τά
3319 3699 3592 3770 λεγόμενα,
3607 3695 3681 3748 ίνα
3694 3693 3766 3746 καὶ

2237 3791 2653 3863 ὀχειροτέχνης,
2693 3792 2788 3845 καὶ
2817 3792 3056 3862 οἰκέτης,
3084 3793 3177 3874 καί
3213 3794 3249 3866 ἡ
3281 3794 3424 3865 χήρα
3470 3788 3611 3862 γυνὴ,
3636 3784 3715 3839 καὶ
3743 3781 3766 3833 ὁ

2239 3883 2458 3936 πάντων
2481 3881 2580 3936 ἀνθ
2589 3879 2782 3953 ρώπων
2797 3882 3194 3954 ἀμαθέστατος,
3227 3883 3458 3956 κερδάνῃ
3472 3899 3526 3935 τε
3551 3878 3634 3933 καὶ
3655 3877 3768 3944 ὠφε-

2239 3973 2377 4046 ληθῇ
2402 3972 2554 4046 παρά
2583 3975 2682 4046 τῆς
2705 3974 3044 4048 ἀκροάσεως.
3078 3976 3154 4029 Οὐ
3185 3976 3300 4048 γάρ
3333 3975 3464 4048 πρὸς
3491 3968 3766 4036 κενοδοξίαν,

2243 4069 2498 4139 καθάπερ
2545 4069 2596 4122 οἰ
2636 4067 2858 4133 ἔξωθεν,
2901 4067 3040 4121 ἀλλά
3080 4067 3220 4139 πρὸς
3255 4069 3358 4141 τὴν
3400 4065 3649 4136 σωτηρίαν
3683 4059 3769 4112 τῶν

2242 4162 2547 4216 ἀκουόντων
2571 4159 2741 4214 ταῦτα
2761 4160 2940 4215 πάντα
2958 4160 3266 4233 συνέθηκαν
3281 4163 3329 4215 οἰ
3353 4159 3502 4232 παρά
3522 4158 3610 4228 τὴν
3631 4151 3767 4226 ἀρχὴν

2250 4253 2681 4321 καταξιωθέντες
2713 4254 2810 4324 τῆς
2836 4253 2930 4308 τοῦ
2955 4253 3275 4325 Πνεύματος
3303 4255 3534 4325 χάριτος.

2315 4355 2383 4417 γ’.
2401 4349 2464 4401 υί
2483 4347 2583 4418 μὲν
2598 4347 2706 4419 γὰρ
2726 4346 2923 4414 ἔξωθεν
2941 4348 3219 4418 φιλόσοφοι
3236 4349 3332 4402 καὶ
3350 4349 3563 4420 ῥήτορες
3582 4341 3663 4396 καὶ
3678 4351 3770 4404 συγο

2244 4443 2476 4512 γραφεῖς
2507 4440 2569 4494 ού
2602 4440 2664 4493 τὸ
2690 4442 2843 4511 κοινῇ
2880 4439 3159 4512 συμφέρον
3201 4439 3505 4510 ζητοῦντες,
3536 4433 3636 4488 ἀλλ’
3657 4430 3770 4486 (hu);

2245 4533 2400 4586 αὐτοὶ
2429 4530 2795 4602 θαυμασθεῖεν
2831 4531 2990 4602 μόνον
3021 4532 3372 4597 σκοποῦντες,
3402 4530 3456 4583 εῖ
3479 4545 3528 4581 τι
3558 4525 3641 4581 καὶ
3664 4519 3767 4592 χρή·

2249 4642 2409 4695 σιμον
2442 4620 2616 4688 εἷπον,
2647 4623 2948 4689 καὶτοῦτο,
2991 4624 3248 4697 καθάπερ
3293 4627 3350 4679 ἐν
3405 4623 3545 4693 ζόφῳ
3573 4617 3682 4680 τινὶ,
3722 4610 3769 4679 τῇ

2249 4718 2470 4790 συνήθει
2490 4717 2730 4788 ἀσαφείᾳ
2750 4717 2782 4756 -ἀ
2811 4717 3182 4789 κατέκρυψαν.
3221 4718 3286 4771 Ol
3323 4718 3381 4771 δέ
3419 4711 3678 4770 ἀπόστολοι
3703 4706 3770 4759 καὶ

2247 4808 2299 4861 οἱ
2327 4808 2601 4879 προφῆται
2638 4808 2949 4861 τούναντίον
2995 4806 3139 4861 ἅπαν
3187 4806 3467 4873 ἐποίησαν·
3515 4797 3644 4868 σαφῆ
3691 4791 3770 4862 γὰρ

2247 4902 2342 4956 καὶ
2363 4901 2499 4972 δῆλα
2532 4899 2600 4953 τά
2645 4900 2776 4974 παρ’
2816 4899 3024 4953 ἑαυτῶν
3063 4898 3410 4969 κατέστησαν
3464 4894 3666 4953 ἅπασιν.
3699 4886 3768 4939 ἅτε

2247 4993 2418 5046 κοινοὶ
2449 4993 2549 5063 τῆς
2578 4990 2901 5064 οἰκουμένης
2941 4990 3094 5055 ὄντες
3129 4989 3460 5051 διδάσκαλοι,
3487 4986 3566 5039 ἵνα
3589 4983 3771 5035 ἕκαστος

2248 5085 2342 5138 καὶ
2368 5083 2434 5136 δι’
2469 5084 2662 5137 ἑαυτοῦ
2687 5082 2977 5153 μανθάνειν
2995 5082 3221 5152 δύνηται
3251 5083 3317 5134 ἐκ
3344 5080 3444 5149 τῆς
3467 5070 3771 5141 ἀναγνώσεωῖ

2250 5178 2418 5251 μόνης
2441 5177 2509 5231 τὰ
2533 5175 2820 5246 λεγόμενα.
2850 5175 2960 5229 Καὶ
3002 5176 3159 5229 τοῦτο
3211 5165 3603 5245 προαναφωνῶν
3625 5164 3650 5215 ὁ
3669 5172 3753 5229 προ

2249 5244 2428 5343 έρήτης
2459 5244 2675 5340 ἔλεγεν(
2699 5271 2978 5325 Ἔσονται
2997 5268 3219 5338 πάντες
3245 5244 3504 5322 διδακτοί
3531 5244 3768 5314 Θεοῦ·κα²

2310 5545 2560 5610 ⁴εᾼίἰὶτήν
2578 5546 2855 5610 ἀσφάλειαν.
3112 5609 3118 5610 γ
3181 5609 3187 5610 γ
3332 5605 3342 5610 _
3422 5603 3449 5610 _
3515 5599 3542 5610 __
3574 5596 3585 5606 ,

2309 5610 2338 5647 d
2362 5608 2498 5657 Unus
2519 5598 2607 5657 ins.
2633 5598 2680 5657 ἐν
2703 5610 2828 5672 ζόφῳ
2852 5613 2909 5671 τῇ
2933 5609 3152 5674 συνηθείᾳ
3172 5605 3393 5719 ἀσαῗῗίᾳ,
3420 5598 3617 5651 Savil.in
3644 5598 3764 5660 marg-

2320 5672 2446 5719 ζόαω
2467 5673 2496 5719 ἡ
2521 5673 2721 5719 συνήθης
2743 5672 2964 5719 ἀσάφεια.
2992 5672 3141 5719 Βαγίι.
3185 5675 3234 5718 et
3327 5666 3446 5716 orel.
3467 5667 3524 5719 τῇ
3545 5665 3618 5717 τῆς
3636 5651 3764 5703 συνθτ

2247 5671 2296 5719 ἐν
2320 5651 2726 5783 ζσὲἒῷἶινᾶνήὸἦξ
2737 5651 3152 5734 ἕᾶξςέἕὶοἷὲὶὶὶῆῗ
3173 5651 3446 5719 ἓίἭὸῖ-ἱξι.
3467 5667 3524 5726 τῇ
3545 5665 3618 5717 τῆς
3636 5651 3766 5703 σκευή·

2247 5749 2336 5792 κης
2385 5747 2568 5796 σαφειᾳ.
