4046 6146
336 269 441 328 993

342 387 532 444 Carnis
560 389 704 444 enim
732 390 1177 462 concupiscentiae
1203 391 1380 447 acrius
1408 391 1689 462 insurgunt
1730 389 1923 446 adver-

340 497 432 537 sus
456 496 551 536 eos
571 522 586 548 ,
615 488 705 553 qut
743 485 796 537 in
827 483 1101 538 hominum
1129 483 1312 538 vivunt
1338 482 1667 554 frequentia.
1699 497 1832 554 quos
1874 488 1930 538 et

343 573 536 626 decora
582 573 742 628 facies
765 613 782 640 ,
813 582 868 629 et
886 576 1128 644 corporis
1152 575 1296 630 nitor
1332 575 1472 645 capit
1500 590 1596 645 per
1633 575 1850 641 oculos,
1874 582 1929 629 et

345 665 570 719 verbum
601 665 914 721 obscaenum
943 682 1038 736 per
1061 682 1218 722 aures
1243 670 1540 738 ingressum
1568 667 1746 723 turbat
1773 665 1928 721 nobis

347 759 640 812 rationem:
671 758 978 827 frequenter
1001 769 1055 814 et
1082 769 1198 814 arte
1223 761 1492 815 modulata
1521 760 1696 816 mollis
1747 760 1927 814 cantio

346 847 509 902 animi
555 851 905 904 constantiam
957 851 1220 907 labefacit.
1257 851 1362 907 Sed
1388 852 1513 923 quid
1555 852 1667 908 hate
1697 867 1932 909 comme-

348 939 541 992 moro?
565 938 718 1008 Quod
746 939 829 996 his
851 927 1100 996 omnibus
1122 943 1328 998 videtur
1349 959 1470 999 esse
1490 943 1666 1008 vilius,
1694 960 1932 1016 unguen-

351 1035 528 1082 torum
569 1030 703 1085 odor
725 1031 972 1087 alicunde
993 1033 1239 1102 aspirans
1263 1049 1291 1088 a
1325 1034 1653 1090 mulierculis
1683 1035 1735 1090 in
1763 1034 1931 1090 forni-

347 1120 500 1174 cibus
528 1129 790 1191 qutestum
810 1125 1167 1179 meretricium
1197 1126 1590 1194 exercentibus,
1613 1142 1677 1182 ex
1703 1127 1931 1198 simplici

347 1226 578 1266 occursu
609 1213 1014 1282 comprehendit
1037 1225 1090 1270 et
1109 1216 1321 1271 abducit
1344 1218 1636 1288 captivum.

420 1305 475 1358 2.
495 1303 662 1376 Magis
681 1315 940 1360 tentantur
958 1311 1044 1377 qui
1061 1320 1322 1364 versantur
1335 1312 1388 1364 in
1408 1311 1932 1368 ﬂuitantium—Adeo

352 1398 516 1451 multa
532 1409 652 1453 sunt
667 1415 786 1469 quae
799 1410 1033 1454 nostram
1047 1406 1787 1478 oppugnantanimam,eoque
1798 1423 1932 1478 opus

353 1488 610 1545 habemus
625 1491 816 1546 divinis
833 1493 1213 1565 remediis,quo
1224 1497 1380 1551 simul
1394 1507 1447 1553 et
1460 1498 1567 1568 jam
1583 1501 1814 1570 acceptis
1827 1501 1936 1555 vul-

351 1583 571 1638 neribus
600 1583 932 1653 medeamur,
963 1595 1016 1641 et
1057 1603 1177 1657 qua:
1219 1589 1449 1644 nondum
1477 1591 1691 1660 quidem
1736 1591 1931 1647 inﬂicta

351 1681 494 1739 sunt,
513 1674 605 1728 sed
645 1683 768 1745 post
813 1676 1136 1747 infligentur,
1167 1679 1572 1748 prohibeamus,
1603 1683 1812 1737 eminus
1837 1699 1931 1739 ve-

352 1762 549 1828 nientia
562 1763 756 1819 diaboli
771 1766 972 1835 spicula
986 1769 1382 1839 exstinguentes
1393 1769 1828 1841 depellentesque
1841 1788 1935 1842 per

351 1853 618 1908 assiduam
658 1855 956 1912 divinarum
991 1857 1381 1930 Scripturarum
1419 1862 1724 1920 lectionem.
1753 1864 1934 1936 Neque

350 1949 494 2002 enim
527 1949 637 2004 fieri
677 1959 885 2020 potest,
912 1967 1017 2006 non
1044 1962 1239 2024 potest,
1270 1955 1502 2025 inquam,
1533 1955 1666 2022 fieri,
1707 1967 1765 2012 ut
1791 1958 1936 2028 quis-

352 2053 511 2108 quam
532 2040 754 2095 salutem
770 2051 1102 2112 assequatur,
1118 2045 1172 2098 ni
1194 2045 1404 2101 assidue
1417 2056 1659 2101 versetur
1683 2048 1737 2101 in
1758 2047 1937 2102 lectio-

357 2146 426 2186 ne
452 2132 730 2200 spirituali.
779 2133 892 2189 ιηἸο
920 2135 1174 2205 przeclare
1215 2152 1400 2192 revera
1437 2138 1710 2194 nobiscum
1740 2141 1931 2210 agitur,

352 2223 560 2279 etiamsi
605 2235 860 2296 perpetuo
890 2227 1046 2298 hujus
1071 2229 1447 2285 medicamenti
1477 2233 1796 2301 participes,
1832 2232 1934 2285 ³ιί-

353 2315 568 2384 quando
607 2317 832 2372 salutem
858 2319 1111 2388 consequi
1139 2321 1422 2388 possimus.
1451 2321 1602 2388 Quod
1627 2323 1670 2377 si
1699 2321 1937 2392 quotidie

353 2406 712 2473 vulneremur,
744 2409 1003 2463 medelam
1031 2425 1155 2464 vero
1183 2410 1378 2464 nullam
1405 2411 1783 2482 adipiscamur,
1813 2427 1936 2482 qua:

354 2495 515 2551 fuerit
534 2512 658 2566 spes
680 2500 909 2554 salutis?
936 2501 1128 2554 Annon
1149 2501 1296 2555 vides
1321 2501 1496 2556 fabros
1517 2504 1755 2570 mrarios,
1791 2503 1936 2557 auri-

355 2590 480 2644 lices
498 2632 514 2657 ,
545 2591 722 2647 fabros
747 2593 1076 2664 argentarios
1097 2635 1112 2657 ,
1139 2593 1365 2664 denique
1393 2609 1485 2650 eos
1511 2595 1599 2664 qui
1627 2611 1937 2664 quamcum-

353 2697 460 2750 que
490 2693 740 2738 exercent
763 2695 930 2739 artem
952 2727 967 2750 ,
991 2686 1166 2738 omnia
1192 2686 1322 2740 artis
1346 2685 1696 2741 instrumenta
1742 2686 1935 2742 habere

353 2783 537 2842 parata
557 2783 611 2828 et
636 2774 834 2844 integra
859 2793 872 2829 :
896 2776 1138 2845 quamvis
1159 2777 1442 2846 compellat
1467 2775 1636 2831 fames
1657 2817 1671 2841 ,
1695 2777 1936 2846 quamvis

351 2861 554 2933 afﬂigat
594 2864 768 2934 in0pia
791 2906 805 2926 ,
831 2866 1007 2920 omnia
1039 2875 1390 2936 pranptantcs
1433 2867 1696 2922 sustinere
1725 2867 1934 2936 potius,

354 2970 513 3025 quam
560 2967 616 3010 ut
657 2973 722 3012 ex
761 2959 1123 3013 instrumentis
1163 2960 1370 3014 artificii
1409 2959 1675 3029 quidpiam
1705 2957 1938 3013 vendere

355 3047 554 3112 velint,
586 3055 744 3116 atque
768 3047 890 3102 hinc
910 3047 1018 3102 ali?
1045 3049 1224 3119 Itaque
1251 3048 1402 3104 tnulti
1441 3048 1744 3118 frequenter
1763 3047 1938 3117 potius

356 3135 654 3193 habuerunt
679 3149 913 3194 mutuam
950 3141 1225 3210 pecuniam
1266 3140 1542 3210 accipere,
1585 3148 1645 3194 ut
1686 3139 1936 3195 familiam

355 3236 411 3283 et
431 3228 628 3284 liberos
649 3230 887 3295 alerent,
914 3247 1074 3301 quam
1102 3231 1186 3285 vel
1210 3230 1483 3285 minimum
1505 3229 1699 3300 aliquid
1723 3245 1785 3284 ex
1808 3229 1937 3284 artis

359 3318 729 3375 instrumentis
769 3321 1038 3376 vendere:
1077 3321 1234 3391 idque
1275 3321 1396 3392 jure
1461 3321 1681 3391 optimo.
1731 3321 1938 3376 Norunt

355 3410 498 3464 enim
520 3412 660 3480 quod
681 3411 964 3465 divenditis
993 3413 1098 3468 illis
1119 3453 1135 3478 ,
1168 3427 1255 3466 ars
1281 3413 1526 3468 universa
1570 3411 1698 3482 ipsis
1739 3412 1808 3467 sit
1852 3412 1936 3466 itt-

357 3501 538 3566 utilis.
588 3509 862 3572 totumque
903 3514 1138 3572 quaestus
1187 3503 1584 3558 fundamentum
1631 3503 1933 3558 sublatum:

357 3591 464 3645 illis
483 3599 662 3646 autem
689 3593 1026 3646 manentibus
1047 3633 1062 3659 ,
1094 3592 1206 3646 fieri
1231 3601 1404 3663 potest
1426 3601 1481 3647 ut
1505 3601 1835 3648 contractum
1861 3607 1937 3648 tes

357 3681 586 3737 alienum
650 3697 934 3754 progressu
984 3685 1238 3754 temporis
1293 3684 1578 3754 aliquando
1641 3685 1938 3740 dissolvant

355 3775 548 3846 iugiter
567 3786 776 3832 utentes
797 3777 1043 3832 artificio.
1068 3777 1219 3845 Quod
1259 3778 1304 3832 si
1332 3779 1638 3848 priusquam
1683 3777 1936 3832 solverint

359 3882 434 3921 ars
461 3868 692 3923 alienum
713 3910 730 3936 ,
758 3869 878 3924 aliis
901 3884 963 3924 ea
993 3869 1258 3936 vendant,
1283 3869 1392 3940 jam
1421 3885 1525 3924 non
1549 3877 1629 3924 est
1655 3869 1793 3924 unde
1814 3884 1937 3939 pos-

357 3959 466 4014 sint
514 3961 758 4015 solatium
802 3961 1014 4031 aliquod
1066 3959 1218 4016 famis
1265 3961 1562 4032 inopiteque
1611 3960 1932 4030 excogitare.

359 4050 471 4105 lloc
499 4066 626 4106 sane
672 4053 850 4106 animo
892 4068 990 4107 nos
1014 4068 1225 4123 quoque
1257 4051 1506 4121 prteditos
1546 4065 1666 4107 esse
1703 4059 1932 4122 oportet.

357 4140 813 4207 Quemadmodum
867 4145 1008 4198 enim
1057 4144 1162 4199 illis
1204 4145 1332 4199 artis
1387 4145 1738 4199 instrumenta
1777 4153 1932 4214 sunt,

358 4232 618 4298 malleus,
649 4235 831 4299 incus,
875 4235 1114 4304 forceps:
1159 4237 1239 4291 sic
1277 4245 1330 4292 et
1371 4237 1524 4293 nobis
1564 4239 1694 4292 artis
1736 4238 1934 4293 instru-

360 4331 538 4376 menta
577 4334 701 4377 sunt
722 4325 1080 4394 apostolorum
1108 4341 1170 4381 ac
1198 4327 1572 4398 prophetarum
1594 4329 1715 4383 libri
1737 4330 1938 4384 omnis-

359 4429 464 4483 que
489 4414 762 4484 Scriptura
805 4415 1056 4471 divinitus
1094 4418 1344 4488 inspirata
1367 4428 1420 4473 et
1444 4419 1587 4474 utilis
1616 4418 1690 4490 (2.
1717 4420 1852 4474 Tim.
1879 4421 1933 4476 5.

360 4504 472 4577 16).
507 4505 573 4560 Et
599 4507 1045 4576 quemadmodum
1088 4509 1160 4563 illi
1189 4525 1282 4578 per
1305 4511 1657 4568 instrumenta
1684 4513 1937 4584 quidquid

360 4597 657 4653 faciendum
680 4601 1011 4670 susceperint
1037 4602 1350 4672 perficiunt:
1380 4603 1452 4658 ita
1491 4619 1621 4661 sane
1644 4615 1695 4661 et
1724 4620 1819 4662 nos
1843 4621 1938 4676 per

360 4688 459 4743 hos
503 4690 820 4745 fabricamur
878 4692 1110 4747 animam
1172 4701 1447 4762 nostram,
1491 4694 1938 4767 depravatamque

357 4782 704 4851 corrigimus,
757 4789 813 4837 et
858 4783 1205 4839 inveteratam
1253 4800 1597 4842 renovamus.
1645 4788 1818 4856 Atque
1863 4787 1938 4842 illi

359 4871 573 4940 quidem
615 4873 870 4928 hactenus
895 4875 1053 4942 modo
1077 4885 1332 4945 praestant
1355 4892 1505 4932 suam
1529 4887 1702 4934 artem
1745 4887 1802 4933 ut
1827 4878 1937 4932 for-

360 4979 501 5017 mam
531 4963 728 5018 addant
769 4965 964 5020 rebus:
997 4982 1172 5038 neque
1209 4968 1352 5023 enim
1405 4979 1628 5040 possunt
1662 4972 1938 5026 materiam

361 5069 607 5108 vasorum
637 5065 990 5112 transmutare
1010 5101 1024 5124 ,
1055 5075 1227 5132 neque
1254 5076 1323 5115 ex
1355 5070 1576 5133 argento
1597 5077 1782 5117 aurum
1811 5063 1938 5117 red-

359 5145 488 5200 dere
525 5163 539 5200 :
578 5147 670 5201 sed
721 5147 906 5203 harum
955 5166 1132 5206 rerum
1176 5154 1370 5222 ﬁguras
1419 5166 1748 5224 componunt
1786 5155 1940 5211 dum-

362 5247 525 5293 taxat.
583 5240 662 5295 Tu
727 5257 854 5297 vero
923 5259 1027 5299 non
1077 5245 1186 5312 ita,
1236 5245 1330 5301 sed
1395 5247 1622 5318 amplius
1689 5248 1938 5318 quiddam

363 5345 514 5403 potes
562 5352 575 5388 :
623 5350 743 5390 nam
789 5337 1019 5406 ligneum
1085 5353 1179 5394 vas
1241 5349 1516 5410 acceptum
1585 5340 1784 5411 poteris
1841 5341 1942 5395 ali-

362 5425 574 5492 quando
612 5427 836 5482 reddere
884 5443 1132 5483 aureum:
1173 5429 1260 5484 cui
1303 5431 1379 5486 rei
1412 5431 1560 5487 testis
1603 5440 1684 5487 cst
1711 5431 1938 5499 Paulus,

362 5515 416 5569 in
441 5516 580 5572 hunc
602 5518 825 5588 loquens
850 5519 1100 5576 modum:
1126 5519 1194 5576 In
1233 5537 1418 5593 magna
1445 5533 1610 5578 autem
1649 5524 1798 5579 domo
1842 5541 1945 5580 non

366 5619 529 5664 totum
555 5623 672 5666 sunt
703 5631 821 5667 uasa
851 5631 1004 5668 aurea
1032 5624 1078 5669 et
1097 5625 1366 5687 argentea,
1392 5618 1482 5672 sed
1523 5626 1571 5673 et
1617 5619 1784 5690 lignea
1812 5620 1946 5690 [icti-

367 5700 548 5772 liaque.
583 5702 644 5757 Si
691 5705 800 5775 quis
827 5705 980 5776 igitur
1007 5708 1354 5779 expurgaverit
1384 5709 1606 5782 seipsum
1631 5711 1694 5766 ab
1719 5710 1816 5778 his,
1847 5712 1940 5766 erit

1570 277 1657 332 DE
1699 274 1967 332 LAZARO
2005 275 2246 334 CONCIU
2286 278 2372 335 ΙΙΙ.

3499 283 3599 342 9N

2035 405 2125 445 uas
2144 392 2196 446 in
2224 393 2463 450 honorem
2492 396 2883 466 sanctiﬁcatum,
2909 409 2955 454 et
2977 399 3104 454 utile
3124 400 3343 456 Domino
3367 403 3436 456 ad
3463 420 3609 459 omne

2033 499 2163 552 opus
2182 485 2366 540 bonum
2387 498 2726 558 praparatum
2755 488 2828 564 (2.
2849 489 2992 546 Tim.‘
3007 492 3060 546 2.
3084 493 3172 547 20.
3194 493 3255 548 2l
3271 501 3308 563 ).
3329 503 3512 564 Itaque
3543 512 3609 550 ne

2035 576 2361 646 negl-igamus
2386 579 2538 633 nobis
2575 596 2762 650 parare
2782 582 2963 649 libros,
2980 598 3046 637 ne
3063 585 3202 638 circa
3225 585 3399 638 vitalia
3422 588 3611 640 vulnus

2033 665 2386 735 accipiamus:
2417 683 2514 723 nec
2540 685 2726 725 aurum
2752 671 3082 730 defodiamus
3104 716 3119 740 ,
3149 675 3243 730 sed
3285 677 3437 731 nobis
3479 682 3611 747 lpSIB

2036 756 2388 813 recondamus
2418 759 2721 815 thesaurum
2747 763 3000 818 librorum
3045 766 3380 834 spiritalium.
3410 771 3608 826 Aurum

2035 846 2250 915 quidem
2271 863 2394 903 cum
2421 850 2653 906 maxime
2679 854 2871 908 crescit
2891 895 2906 920 ,
2937 865 3044 910 tum
3082 857 3309 911 maxime
3339 858 3614 912 insidiatur

2037 936 2465 1005 possidentibus:
2503 940 2622 995 libri
2668 957 2798 998 vero
2844 946 3060 1013 repositi
3103 946 3324 1002 multam
3369 947 3615 1003 adferunt

2039 1031 2356 1087 habentibus
2395 1035 2698 1090 utilitatem.

2108 1125 2388 1180 Sacrorum
2407 1127 2648 1181 librorum
2689 1129 2823 1182 laus.
2862 1158 2935 1169 —
2971 1129 3426 1196 Quemadmodum
3471 1131 3612 1186 enim

2037 1229 2182 1268 arma
2209 1216 2406 1286 regalia
2434 1217 2687 1288 reposita,
2714 1218 2922 1273 etiamsi
2954 1235 3110 1274 nemo
3135 1220 3238 1274 illis
3264 1237 3392 1274 usus
3416 1223 3503 1285 sit,
3534 1232 3614 1276 ta-

2037 1321 2160 1362 men
2188 1308 2272 1375 iis,
2296 1309 2386 1378 qui
2417 1307 2656 1364 habitant
2700 1310 2754 1363 in
2795 1309 2998 1365 mdibus
3046 1311 3135 1365 ubi
3182 1311 3412 1380 reposita
3456 1321 3612 1376 sunt,

2037 1401 2256 1455 multam
2280 1401 2517 1472 prtebent
2551 1401 2844 1458 custodiam
2886 1418 2949 1457 ac
2975 1411 3208 1458 tutamen
3228 1444 3243 1471 ,
3275 1403 3401 1457 dum
3445 1418 3617 1473 neque

2038 1493 2292 1559 latrones,
2308 1509 2479 1564 neque
2496 1495 2754 1564 parietum
2774 1494 3123 1564 perfossores,
3139 1509 3311 1566 neque
3325 1495 3461 1550 alius
3475 1495 3619 1565 quis.

2039 1585 2177 1655 piam
2199 1586 2579 1641 sceleratorum
2601 1587 2755 1642 audet
2772 1575 3123 1658 eam‘aggredi
3137 1588 3354 1642 domum
3375 1606 3386 1640 :
3406 1588 3483 1642 sic
3499 1587 3619 1642 ubi-

2038 1691 2266 1748 cumque
2292 1678 2484 1733 fuerint
2504 1678 2621 1733 libri
2648 1679 2932 1748 spiritales,
2961 1679 3106 1733 illinc
3132 1679 3306 1734 omnis
3335 1678 3616 1747 expellitur

2038 1767 2120 1823 vis
2144 1769 2402 1824 diabolica
2425 1812 2440 1836 ,
2469 1770 2740 1840 multaque
2793 1770 3210 1826 inhabitantibus
3258 1770 3463 1825 accedit
3513 1768 3618 1822 vir-

2039 1860 2168 1914 tutis
2215 1861 2542 1916 consolatio:
2571 1861 2997 1932 quandoquidem
3051 1862 3163 1930 ipse
3207 1861 3366 1916 etiam
3418 1876 3520 1931 per
3557 1877 3618 1917 se

2039 1950 2293 2006 librorum
2337 1961 2580 2024 aspectus
2622 1953 2894 2023 segniores
2924 1967 3022 2007 nos
3064 1951 3240 2007 reddit
3285 1951 3352 2006 ad
3399 1966 3621 2020 peccante

2039 2039 2188 2096 dum.
2231 2041 2354 2097 Sive
2401 2043 2544 2097 enim
2598 2043 2870 2113 quidpiam
2923 2042 3039 2097 ausi
3087 2042 3345 2097 fuerimus
3395 2056 3616 2109 eorum,

2039 2146 2157 2201 qua:
2180 2132 2443 2201 prohibita
2471 2141 2628 2199 sunt,
2676 2148 2879 2204 nosque
2901 2134 3044 2202 ipsos
3081 2132 3471 2188 reddiderimus
3511 2134 3626 2202 pol-

2041 2223 2483 2290 lutos,revcrsos
2528 2227 2867 2294 domum,ac
2917 2227 3079 2281 libros
3128 2225 3398 2282 intuentes
3445 2227 3622 2281 acrius

2041 2330 2140 2371 nos
2183 2317 2501 2373 condemnat
2537 2319 2895 2387 conscientia,
2942 2320 3316 2389 reddimurque
3371 2318 3622 2373 lentiores

2041 2408 2108 2463 ad
2162 2408 2346 2464 eadem
2389 2411 2696 2480 repetenda.
2729 2410 2956 2465 Rursum
3009 2411 3121 2465 sive
3172 2410 3224 2464 in
3272 2411 3620 2464 sanctimonia

2040 2500 2458 2570 perstiterimns,
2513 2501 2768 2570 majorem
2825 2501 2948 2555 inde
2997 2501 3273 2554 utilitatem
3305 2500 3618 2570 accipimus.

2039 2591 2170 2645 Nam
2215 2592 2372 2646 simul
2423 2601 2581 2662 atque
2635 2593 2804 2661 tetigit
2843 2592 3032 2662 aliquis
3089 2591 3462 2662 Evangelium,
3497 2606 3620 2646 mox

2039 2683 2337 2751 composuit
2363 2698 2511 2736 suam
2542 2683 2704 2752 ipsius
2747 2692 3006 2745 mentem.
3039 2692 3091 2737 et
3118 2697 3148 2736 a
3195 2683 3356 2736 rebus
3399 2682 3621 2736 munda-

2042 2774 2124 2826 nis
2174 2773 2424 2839 abduxit,
2479 2773 2639 2844 idque
2689 2768 2752 2828 ex
2809 2774 2922 2843 ipso
2959 2773 3074 2828 solo
3122 2782 3358 2842 aspectu.
3391 2773 3541 2838 Quod
3569 2775 3619 2827 si

2040 2861 2326 2916 accesserit
2354 2860 2578 2932 diligens
2618 2863 2804 2928 lectio,
2835 2878 2938 2916 non
2971 2863 3126 2916 aliter
3165 2877 3322 2930 quam
3355 2863 3406 2915 in
3451 2863 3619 2916 sacris

2041 2952 2213 3022 adytis
2233 2993 2247 3018 ,
2271 2952 2430 3007 rebus
2454 2953 2645 3007 divinis
2675 2954 2876 3007 initiata
2919 2954 3093 3007 anima
3116 2995 3128 3018 ,
3155 2954 3234 3008 sic
3285 2961 3619 3023 rcpurgatur,

2041 3045 2334 3113 meliorque
2365 3044 2616 3112 redditur,
2648 3045 2761 3100 Deo
2786 3059 2907 3099 cum
2962 3047 3070 3116 ipsa
3113 3060 3208 3114 per
3234 3045 3350 3100 illas
3379 3046 3619 3115 Scriptu-

2041 3151 2128 3192 ras
2153 3137 2505 3206 colloquente.

2111 3227 2279 3282 Lectio
2301 3229 2582 3298 Scriptura:
2599 3229 2749 3282 etiam
2771 3245 2872 3282 non
2900 3227 3168 3282 intellecta!
3188 3229 3348 3283 utilis.
3371 3258 3446 3269 —
3481 3229 3616 3297 Quid

2041 3319 2219 3388 igitur,
2251 3318 2528 3387 inquiunt,
2566 3319 2609 3372 si
2658 3333 2764 3373 non
2807 3318 3160 3388 intelligamus
3193 3333 3253 3373 ea
3283 3334 3402 3389 qua:
3443 3320 3618 3374 conti-

2039 3417 2234 3465 nentur
2259 3409 2446 3464 libris?
2473 3408 2701 3464 Maxime
2720 3409 2934 3480 quidem
2961 3410 3170 3464 etiamsi
3215 3425 3320 3464 non
3353 3411 3617 3482 intelligas

2042 3501 2151 3556 illic
2189 3501 2498 3567 recondita,
2528 3510 2702 3554 tamen
2735 3515 2800 3554 ex
2847 3499 2961 3569 ipsa
2988 3500 3214 3554 lectione
3239 3500 3406 3554 multa
3446 3499 3620 3555 nasci-

2041 3601 2127 3648 tur
2151 3591 2520 3646 sanctimonia.
2543 3591 2869 3661 Quamquam
2911 3589 3024 3644 fieri
3049 3605 3154 3644 non
3185 3598 3363 3660 potest
3389 3600 3442 3644 ut
3492 3605 3612 3644 om-

2041 3685 2126 3737 nia
2152 3697 2218 3738 ex
2264 3699 2416 3752 aequo
2444 3683 2653 3752 ignores
2692 3698 2705 3735 :
2737 3691 3015 3752 propterea
3066 3679 3326 3750 siquidem
3381 3681 3612 3750 Spiritus

2037 3775 2204 3846 gratia
2235 3774 2562 3844 dispensavit
2585 3788 2647 3827 ac
2688 3771 2942 3843 providit,
2975 3781 3033 3825 ut
3053 3770 3316 3841 publicani
3337 3813 3353 3837 ,
3386 3773 3616 3841 piscato-

2039 3882 2160 3931 res,
2201 3865 2660 3921 tabernaculorum
2689 3862 2939 3932 opifices,
2986 3871 3229 3930 pastores
3257 3871 3312 3916 et
3354 3862 3615 3931 caprarii,

2040 3958 2219 4012 idiotre
2241 3999 2255 4022 ,
2279 3956 2534 4021 illiterati,
2557 3956 2656 4008 hos
2684 3955 2848 4008 libros
2872 3961 3291 4022 componerent,
3321 3962 3377 4006 et
3406 3968 3471 4007 ne
3499 3954 3620 4022 quis

2039 4049 2319 4104 idiotarum
2340 4048 2405 4102 ad
2434 4047 2571 4101 hanc
2597 4043 2924 4100 difficultatis
2949 4041 3232 4113 confugere
3250 4050 3430 4111 posset
3453 4059 3620 4099 excu-

2039 4141 2296 4195 sationem
2315 4181 2328 4204 ,
2352 4147 2410 4194 ut
2437 4136 2684 4194 omnibus
2708 4135 2876 4190 facilia
2903 4144 3189 4203 conspectu
3214 4141 3394 4188 essent
3411 4147 3472 4188 ea
3499 4149 3618 4202 qua:

2039 4231 2309 4297 dicuntur,
2333 4240 2390 4285 ut
2415 4237 2469 4285 et
2497 4227 2701 4299 opifex,
2731 4235 2784 4282 et
2816 4225 3042 4280 famulus
3062 4266 3077 4290 ,
3106 4235 3161 4279 et
3203 4225 3357 4278 vidua
3399 4223 3616 4290 mulier,

2039 4332 2094 4378 et
2122 4323 2357 4377 onmium
2390 4319 2662 4374 hominum
2693 4316 3086 4371 indoctissimus
3106 4330 3168 4368 ex
3194 4313 3366 4367 audita
3390 4313 3620 4367 lectione

2039 4415 2237 4485 aliquid
2276 4413 2406 4468 lucri
2436 4411 2786 4481 utilitatisque
2837 4416 3156 4477 reportaret.
3197 4407 3311 4462 Non
3359 4407 3500 4462 enim
3551 4407 3618 4461 ad

2041 4511 2253 4564 inanem
2312 4507 2573 4578 gloriam,
2618 4502 3064 4574 quemadmodum
3110 4502 3358 4569 Ethnici,
3402 4502 3497 4557 sed
3552 4502 3621 4556 ad

2040 4600 2366 4655 audientium
2387 4599 2614 4653 salutem
2641 4597 2756 4651 haec
2781 4595 2958 4651 omnia
2979 4604 3394 4664 composuerunt
3414 4595 3468 4659 ii,
3486 4609 3622 4664 quos

2040 4694 2109 4748 ab
2134 4693 2283 4747 initio
2311 4692 2450 4746 Dens
2474 4689 2717 4760 dignatus
2741 4697 2822 4743 est
2841 4687 3004 4758 gratia
3021 4687 3266 4754 Spiritus.

2111 4784 2165 4838 3.
2206 4782 2480 4853 Siquidem
2508 4783 2542 4836 ii
2560 4782 2648 4852 qui
2669 4789 2794 4836 sunt
2818 4797 2849 4835 a
2875 4779 3085 4835 Christo
3115 4779 3271 4834 alieni
3297 4777 3619 4848 philosophi,

2041 4875 2274 4940 dicendi,
2315 4873 2568 4942 artifices,
2589 4867 2840 4928 rhetores
2860 4914 2874 4938 ,
2907 4885 2970 4924 ac
2999 4869 3256 4924 librorum
3301 4868 3620 4936 scriptorcs,

2044 4984 2150 5023 non
2176 4965 2318 5038 quod
2344 4968 2396 5022 in
2435 4980 2715 5021 commune
2739 4963 2988 5019 conducit
3013 4969 3311 5030 qumrentes
3331 5001 3346 5025 ,
3375 4958 3468 5013 sed
3495 4958 3620 5016 illud

2043 5069 2346 5130 spectantes
2372 5066 2430 5112 ut
2467 5057 2567 5128 ipsi
2596 5065 2718 5111 sunt
2740 5055 2790 5108 in
2820 5052 3201 5115 admiratione,
3233 5049 3442 5104 etiamsi
3467 5049 3619 5118 'quid

2043 5152 2176 5208 utile
2206 5151 2469 5216 dixerint,
2499 5149 2600 5203 hoc
2619 5161 2829 5217 quoque
2855 5141 3301 5214 quemadmodum
3322 5140 3375 5194 in
3397 5139 3622 5209 caligine

2043 5244 2268 5316 quadam
2288 5285 2305 5313 ,
2332 5250 2584 5297 consueta
2613 5239 2712 5293 sibi
2733 5237 3062 5292 occultarum
3097 5233 3437 5287 obscuritate.
3479 5233 3618 5301 Apo.

2044 5337 2166 5392 stoli
2193 5351 2319 5390 vero
2341 5349 2404 5389 ac
2431 5331 2703 5402 prophetae
2729 5328 2908 5384 omnia
2937 5335 3120 5380 contra
3145 5325 3418 5381 fecerunt:
3447 5326 3586 5379 mani
3604 5353 3620 5363 -

2047 5427 2180 5485 festa
2256 5427 2541 5493 claraque,
2606 5435 2724 5491 quae
2796 5417 3175 5490 prodiderunt,
3256 5427 3625 5486 exposuerunt

2047 5517 2323 5584 omnibus,
2344 5513 2508 5571 veluti
2529 5525 2840 5569 communes
2861 5509 3004 5564 orbis
3035 5507 3284 5563 doctores
3302 5549 3317 5573 ,
3353 5517 3409 5562 nt
3436 5523 3532 5578 per
3560 5521 3625 5561 se

2047 5611 2274 5682 quisque
2289 5606 2497 5664 discere
2515 5603 2680 5675 possit
2700 5617 2761 5657 ea
2784 5617 2901 5672 qua)
2925 5600 3170 5655 dicuntur
3183 5614 3214 5654 e
3233 5597 3344 5654 sola
3371 5597 3621 5653 lectione.

2051 5707 2164 5763 lloc
2183 5713 2305 5760 ante
2333 5699 2692 5774 prmnuntians
2718 5695 2972 5772 propheta
2987 5693 3197 5752 diccbat
3223 5710 3236 5748 :
3259 5691 3426 5748 Erunt
3454 5701 3631 5740 omnes
