  <div class='ocr_page' id='page_1' title='image "/cluster/home/n/w/nwhite01/storage/ocr_20150623/48/mdp.39015032114640/475.png"; bbox 0 0 4046 6146; ppageno 0'>
   <div class='ocr_carea' id='block_1_1' title="bbox 526 307 630 365">
    <p class='ocr_par' dir='ltr' id='par_1_1' title="bbox 526 307 630 365">
     <span class='ocr_line' id='line_1_1' title="bbox 526 307 630 365; baseline -0.029 0"><span class='ocrx_word' id='word_1_1' title='bbox 526 307 630 365; x_wconf 72' lang='lat'><strong><em>995</em></strong></span> 
     </span>
    </p>
   </div>
   <div class='ocr_carea' id='block_1_2' title="bbox 525 416 2092 492">
    <p class='ocr_par' dir='ltr' id='par_1_2' title="bbox 525 416 2092 492">
     <span class='ocr_line' id='line_1_2' title="bbox 525 416 2092 492; baseline -0.005 -14"><span class='ocrx_word' id='word_1_2' title='bbox 525 427 661 479; x_wconf 71' lang='lat' dir='ltr'><strong><em>doct:</em></strong></span> <span class='ocrx_word' id='word_1_3' title='bbox 679 441 710 477; x_wconf 93' lang='lat' dir='ltr'><strong><em>a</em></strong></span> <span class='ocrx_word' id='word_1_4' title='bbox 737 423 842 480; x_wconf 85' lang='lat' dir='ltr'><strong><em>Deo</em></strong></span> <span class='ocrx_word' id='word_1_5' title='bbox 861 465 875 488; x_wconf 97' lang='lat'><strong><em>,</em></strong></span> <span class='ocrx_word' id='word_1_6' title='bbox 905 432 950 476; x_wconf 88' lang='lat' dir='ltr'><strong><em>et</em></strong></span> <span class='ocrx_word' id='word_1_7' title='bbox 974 439 1076 476; x_wconf 91' lang='lat' dir='ltr'><strong><em>non</em></strong></span> <span class='ocrx_word' id='word_1_8' title='bbox 1115 421 1243 475; x_wconf 87' lang='lat' dir='ltr'><strong><em>dicet</em></strong></span> <span class='ocrx_word' id='word_1_9' title='bbox 1278 421 1485 492; x_wconf 86' lang='lat' dir='ltr'><strong><em>quisque</em></strong></span> <span class='ocrx_word' id='word_1_10' title='bbox 1513 419 1741 489; x_wconf 74' lang='lat' dir='ltr'><strong><em>proximo</em></strong></span> <span class='ocrx_word' id='word_1_11' title='bbox 1781 435 1902 481; x_wconf 87' lang='lat' dir='ltr'><strong><em>suo,</em></strong></span> <span class='ocrx_word' id='word_1_12' title='bbox 1928 416 2092 470; x_wconf 81' lang='lat' dir='ltr'><strong><em>Nosce</em></strong></span> 
     </span>
    </p>
   </div>
   <div class='ocr_carea' id='block_1_3' title="bbox 530 507 2097 585">
    <p class='ocr_par' dir='ltr' id='par_1_3' title="bbox 530 507 2097 585">
     <span class='ocr_line' id='line_1_3' title="bbox 530 507 2097 585; baseline -0.008 -15"><span class='ocrx_word' id='word_1_13' title='bbox 530 517 735 583; x_wconf 85' lang='lat' dir='ltr'><strong><em>Deum,</em></strong></span> <span class='ocrx_word' id='word_1_14' title='bbox 766 514 1001 585; x_wconf 88' lang='lat' dir='ltr'><strong><em>quoniam</em></strong></span> <span class='ocrx_word' id='word_1_15' title='bbox 1030 529 1198 566; x_wconf 89' lang='lat' dir='ltr'><strong><em>omnes</em></strong></span> <span class='ocrx_word' id='word_1_16' title='bbox 1225 519 1423 564; x_wconf 87' lang='lat' dir='ltr'><strong><em>noscent</em></strong></span> <span class='ocrx_word' id='word_1_17' title='bbox 1454 525 1534 563; x_wconf 90' lang='lat' dir='ltr'><strong><em>me</em></strong></span> <span class='ocrx_word' id='word_1_18' title='bbox 1570 525 1603 561; x_wconf 89' lang='lat' dir='ltr'><strong><em>a</em></strong></span> <span class='ocrx_word' id='word_1_19' title='bbox 1631 509 1836 561; x_wconf 84' lang='lat' dir='ltr'><strong><em>minimo</em></strong></span> <span class='ocrx_word' id='word_1_20' title='bbox 1875 507 2097 575; x_wconf 87' lang='lat' dir='ltr'><strong><em>ipsorum</em></strong></span> 
     </span>
    </p>
   </div>
   <div class='ocr_carea' id='block_1_4' title="bbox 525 595 2095 678">
    <p class='ocr_par' dir='ltr' id='par_1_4' title="bbox 525 595 2095 678">
     <span class='ocr_line' id='line_1_4' title="bbox 525 595 2095 678; baseline -0.008 -15"><span class='ocrx_word' id='word_1_21' title='bbox 525 625 682 678; x_wconf 88' lang='lat' dir='ltr'><strong><em>usque</em></strong></span> <span class='ocrx_word' id='word_1_22' title='bbox 721 623 786 660; x_wconf 81' lang='lat' dir='ltr'><strong><em>aa</em></strong></span> <span class='ocrx_word' id='word_1_23' title='bbox 834 605 1113 658; x_wconf 69' lang='lat' dir='ltr'><strong><em>maximum</em></strong></span> <span class='ocrx_word' id='word_1_24' title='bbox 1152 617 1322 657; x_wconf 88' lang='lat' dir='ltr'><strong><em>eorum</em></strong></span> <span class='ocrx_word' id='word_1_25' title='bbox 1353 601 1486 673; x_wconf 83' lang='lat' dir='ltr'><strong><em>(Jer.</em></strong></span> <span class='ocrx_word' id='word_1_26' title='bbox 1517 599 1714 655; x_wconf 59' lang='lat'><strong><em>51.34.</em></strong></span> <span class='ocrx_word' id='word_1_27' title='bbox 1762 608 1808 653; x_wconf 87' lang='lat' dir='ltr'><strong><em>et</em></strong></span> <span class='ocrx_word' id='word_1_28' title='bbox 1852 597 2009 652; x_wconf 83' lang='lat' dir='ltr'><strong><em>Joan.</em></strong></span> <span class='ocrx_word' id='word_1_29' title='bbox 2039 595 2095 650; x_wconf 88' lang='lat'><strong><em>6.</em></strong></span> 
     </span>
    </p>
   </div>
   <div class='ocr_carea' id='block_1_5' title="bbox 525 691 2096 768">
    <p class='ocr_par' dir='ltr' id='par_1_5' title="bbox 525 691 2096 768">
     <span class='ocr_line' id='line_1_5' title="bbox 525 691 2096 768; baseline -0.008 -15"><span class='ocrx_word' id='word_1_30' title='bbox 525 700 596 754; x_wconf 76' lang='grc'><strong><em>45</em></strong></span> <span class='ocrx_word' id='word_1_31' title='bbox 618 701 657 768; x_wconf 93' lang='grc'><strong><em>).</em></strong></span> <span class='ocrx_word' id='word_1_32' title='bbox 691 697 758 752; x_wconf 85' lang='grc' dir='ltr'><strong><em>Ει</em></strong></span> <span class='ocrx_word' id='word_1_33' title='bbox 785 696 979 751; x_wconf 87' lang='lat' dir='ltr'><strong><em>Paulus</em></strong></span> <span class='ocrx_word' id='word_1_34' title='bbox 1008 695 1175 765; x_wconf 82' lang='lat' dir='ltr'><strong>inquit</strong></span> <span class='ocrx_word' id='word_1_35' title='bbox 1205 712 1219 748; x_wconf 94' lang='lat'><strong><em>:</em></strong></span> <span class='ocrx_word' id='word_1_36' title='bbox 1251 693 1318 746; x_wconf 87' lang='lat' dir='ltr'><strong><em>Et</em></strong></span> <span class='ocrx_word' id='word_1_37' title='bbox 1347 709 1436 764; x_wconf 92' lang='lat' dir='ltr'><strong><em>ego</em></strong></span> <span class='ocrx_word' id='word_1_38' title='bbox 1457 733 1474 758; x_wconf 93' lang='lat'><strong><em>,</em></strong></span> <span class='ocrx_word' id='word_1_39' title='bbox 1501 691 1680 762; x_wconf 72' lang='lat' dir='ltr'><strong><em>fratres</em></strong></span> <span class='ocrx_word' id='word_1_40' title='bbox 1703 732 1719 758; x_wconf 94' lang='lat'><strong><em>,</em></strong></span> <span class='ocrx_word' id='word_1_41' title='bbox 1744 691 1855 744; x_wconf 81' lang='lat' dir='ltr'><strong><em>ueni</em></strong></span> <span class='ocrx_word' id='word_1_42' title='bbox 1895 691 1962 743; x_wconf 85' lang='lat' dir='ltr'><strong><em>ad</em></strong></span> <span class='ocrx_word' id='word_1_43' title='bbox 1991 705 2096 754; x_wconf 81' lang='lat' dir='ltr'><strong><em>vos,</em></strong></span> 
     </span>
    </p>
   </div>
   <div class='ocr_carea' id='block_1_6' title="bbox 527 781 2098 859">
    <p class='ocr_par' dir='ltr' id='par_1_6' title="bbox 527 781 2098 859">
     <span class='ocr_line' id='line_1_6' title="bbox 527 781 2098 859; baseline -0.006 -16"><span class='ocrx_word' id='word_1_44' title='bbox 527 806 628 843; x_wconf 82' lang='lat' dir='ltr'><strong><em>non</em></strong></span> <span class='ocrx_word' id='word_1_45' title='bbox 653 805 742 859; x_wconf 86' lang='lat' dir='ltr'><strong><em>per</em></strong></span> <span class='ocrx_word' id='word_1_46' title='bbox 767 785 1111 842; x_wconf 75' lang='lat' dir='ltr'><strong><em>excellentiam</em></strong></span> <span class='ocrx_word' id='word_1_47' title='bbox 1142 784 1384 840; x_wconf 87' lang='lat' dir='ltr'><strong><em>sermonis</em></strong></span> <span class='ocrx_word' id='word_1_48' title='bbox 1409 792 1496 837; x_wconf 90' lang='lat' dir='ltr'><strong><em>aut</em></strong></span> <span class='ocrx_word' id='word_1_49' title='bbox 1523 782 1784 850; x_wconf 75' lang='lat' dir='ltr'><strong><em>sapientia:</em></strong></span> <span class='ocrx_word' id='word_1_50' title='bbox 1802 823 1817 847; x_wconf 93' lang='lat'><strong><em>,</em></strong></span> <span class='ocrx_word' id='word_1_51' title='bbox 1863 781 2098 834; x_wconf 87' lang='lat' dir='ltr'><strong><em>nuntians</em></strong></span> 
     </span>
    </p>
   </div>
   <div class='ocr_carea' id='block_1_7' title="bbox 525 872 2131 949">
    <p class='ocr_par' dir='ltr' id='par_1_7' title="bbox 525 872 2131 949">
     <span class='ocr_line' id='line_1_7' title="bbox 525 872 2131 949; baseline -0.007 -16"><span class='ocrx_word' id='word_1_52' title='bbox 525 879 974 949; x_wconf 69' lang='lat' dir='ltr'><strong><em>vobis~mysterium</em></strong></span> <span class='ocrx_word' id='word_1_53' title='bbox 1001 877 1098 932; x_wconf 87' lang='lat' dir='ltr'><strong><em>Dei</em></strong></span> <span class='ocrx_word' id='word_1_54' title='bbox 1123 875 1197 945; x_wconf 80' lang='grc'><strong><em>(1.</em></strong></span> <span class='ocrx_word' id='word_1_55' title='bbox 1224 875 1338 930; x_wconf 85' lang='lat' dir='ltr'><strong><em>Cor.</em></strong></span> <span class='ocrx_word' id='word_1_56' title='bbox 1371 876 1425 929; x_wconf 76' lang='lat'><strong><em>2.</em></strong></span> <span class='ocrx_word' id='word_1_57' title='bbox 1457 876 1529 944; x_wconf 81' lang='grc'><strong><em>1).</em></strong></span> <span class='ocrx_word' id='word_1_58' title='bbox 1558 875 1624 928; x_wconf 88' lang='lat' dir='ltr'><strong><em>Et</em></strong></span> <span class='ocrx_word' id='word_1_59' title='bbox 1652 875 1842 928; x_wconf 89' lang='lat' dir='ltr'><strong><em>iterum</em></strong></span> <span class='ocrx_word' id='word_1_60' title='bbox 1875 890 1888 924; x_wconf 93' lang='lat'><strong><em>:</em></strong></span> <span class='ocrx_word' id='word_1_61' title='bbox 1919 872 2131 944; x_wconf 89' lang='lat' dir='ltr'><strong><em>Sermo_</em></strong></span> 
     </span>
    </p>
   </div>
   <div class='ocr_carea' id='block_1_8' title="bbox 526 964 2095 1038">
    <p class='ocr_par' dir='ltr' id='par_1_8' title="bbox 526 964 2095 1038">
     <span class='ocr_line' id='line_1_8' title="bbox 526 964 2095 1038; baseline -0.006 -14"><span class='ocrx_word' id='word_1_62' title='bbox 526 985 667 1024; x_wconf 89' lang='lat' dir='ltr'><strong><em>meus</em></strong></span> <span class='ocrx_word' id='word_1_63' title='bbox 709 979 757 1023; x_wconf 86' lang='lat' dir='ltr'><strong><em>et</em></strong></span> <span class='ocrx_word' id='word_1_64' title='bbox 784 969 1075 1038; x_wconf 61' lang='lat' dir='ltr'><strong><em>praedicatio</em></strong></span> <span class='ocrx_word' id='word_1_65' title='bbox 1101 984 1206 1022; x_wconf 89' lang='lat' dir='ltr'><strong><em>non</em></strong></span> <span class='ocrx_word' id='word_1_66' title='bbox 1232 968 1284 1021; x_wconf 92' lang='lat' dir='ltr'><strong><em>in</em></strong></span> <span class='ocrx_word' id='word_1_67' title='bbox 1312 964 1715 1038; x_wconf 87' lang='lat' dir='ltr'><strong><em>persuasibilibus</em></strong></span> <span class='ocrx_word' id='word_1_68' title='bbox 1749 967 1981 1016; x_wconf 75' lang='lat' dir='ltr'><strong><em>humana:</em></strong></span> <span class='ocrx_word' id='word_1_69' title='bbox 2008 978 2095 1015; x_wconf 86' lang='lat' dir='ltr'><strong><em>sa-</em></strong></span> 
     </span>
    </p>
   </div>
   <div class='ocr_carea' id='block_1_9' title="bbox 527 1053 2099 1129">
    <p class='ocr_par' dir='ltr' id='par_1_9' title="bbox 527 1053 2099 1129">
     <span class='ocr_line' id='line_1_9' title="bbox 527 1053 2099 1129; baseline -0.005 -16"><span class='ocrx_word' id='word_1_70' title='bbox 527 1059 726 1129; x_wconf 73' lang='lat' dir='ltr'><strong><em>pientia</em></strong></span> <span class='ocrx_word' id='word_1_71' title='bbox 759 1059 952 1126; x_wconf 77' lang='lat' dir='ltr'><strong><em>verbis,</em></strong></span> <span class='ocrx_word' id='word_1_72' title='bbox 1003 1058 1094 1112; x_wconf 86' lang='lat' dir='ltr'><strong><em>sed</em></strong></span> <span class='ocrx_word' id='word_1_73' title='bbox 1139 1059 1192 1111; x_wconf 90' lang='lat' dir='ltr'><strong><em>in</em></strong></span> <span class='ocrx_word' id='word_1_74' title='bbox 1228 1053 1511 1110; x_wconf 76' lang='lat' dir='ltr'><strong><em>ostensione</em></strong></span> <span class='ocrx_word' id='word_1_75' title='bbox 1554 1055 1760 1125; x_wconf 78' lang='lat' dir='ltr'><strong><em>spiritus</em></strong></span> <span class='ocrx_word' id='word_1_76' title='bbox 1811 1069 1871 1106; x_wconf 90' lang='lat' dir='ltr'><strong><em>ac</em></strong></span> <span class='ocrx_word' id='word_1_77' title='bbox 1921 1053 2099 1106; x_wconf 80' lang='lat' dir='ltr'><strong><em>uirtute</em></strong></span> 
     </span>
    </p>
   </div>
   <div class='ocr_carea' id='block_1_10' title="bbox 525 1141 2100 1219">
    <p class='ocr_par' dir='ltr' id='par_1_10' title="bbox 525 1141 2100 1219">
     <span class='ocr_line' id='line_1_10' title="bbox 525 1141 2100 1219; baseline -0.005 -17"><span class='ocrx_word' id='word_1_78' title='bbox 525 1149 638 1218; x_wconf 84' lang='lat' dir='ltr'><strong><em>(Id.</em></strong></span> <span class='ocrx_word' id='word_1_79' title='bbox 666 1165 713 1202; x_wconf 81' lang='grc' dir='ltr'><strong><em>υ.</em></strong></span> <span class='ocrx_word' id='word_1_80' title='bbox 740 1149 819 1219; x_wconf 76' lang='grc'><strong><em>4).</em></strong></span> <span class='ocrx_word' id='word_1_81' title='bbox 850 1149 918 1202; x_wconf 89' lang='lat' dir='ltr'><strong><em>Et</em></strong></span> <span class='ocrx_word' id='word_1_82' title='bbox 956 1163 1203 1202; x_wconf 89' lang='lat' dir='ltr'><strong><em>rursum:</em></strong></span> <span class='ocrx_word' id='word_1_83' title='bbox 1226 1146 1499 1214; x_wconf 85' lang='lat' dir='ltr'><strong><em>Loquimur</em></strong></span> <span class='ocrx_word' id='word_1_84' title='bbox 1517 1145 1647 1198; x_wconf 87' lang='lat' dir='ltr'><strong><em>enim</em></strong></span> <span class='ocrx_word' id='word_1_85' title='bbox 1667 1143 1996 1212; x_wconf 85' lang='lat' dir='ltr'><strong><em>sapientiam,</em></strong></span> <span class='ocrx_word' id='word_1_86' title='bbox 2020 1141 2100 1194; x_wconf 90' lang='lat' dir='ltr'><strong><em>in-</em></strong></span> 
     </span>
    </p>
   </div>
   <div class='ocr_carea' id='block_1_11' title="bbox 527 1232 2095 1309">
    <p class='ocr_par' dir='ltr' id='par_1_11' title="bbox 527 1232 2095 1309">
     <span class='ocr_line' id='line_1_11' title="bbox 527 1232 2095 1309; baseline -0.005 -16"><span class='ocrx_word' id='word_1_87' title='bbox 527 1240 674 1309; x_wconf 84' lang='lat' dir='ltr'><strong>quit,</strong></span> <span class='ocrx_word' id='word_1_88' title='bbox 705 1255 804 1292; x_wconf 89' lang='lat' dir='ltr'><strong><em>non</em></strong></span> <span class='ocrx_word' id='word_1_89' title='bbox 824 1238 998 1293; x_wconf 74' lang='lat' dir='ltr'><strong><em>steculi</em></strong></span> <span class='ocrx_word' id='word_1_90' title='bbox 1028 1239 1179 1306; x_wconf 79' lang='lat' dir='ltr'><strong><em>hujus</em></strong></span> <span class='ocrx_word' id='word_1_91' title='bbox 1196 1277 1213 1303; x_wconf 95' lang='lat'><strong><em>,</em></strong></span> <span class='ocrx_word' id='word_1_92' title='bbox 1243 1252 1401 1306; x_wconf 88' lang='lat' dir='ltr'><strong><em>neque</em></strong></span> <span class='ocrx_word' id='word_1_93' title='bbox 1420 1235 1704 1305; x_wconf 84' lang='lat' dir='ltr'><strong><em>principum</em></strong></span> <span class='ocrx_word' id='word_1_94' title='bbox 1732 1234 1882 1303; x_wconf 87' lang='lat' dir='ltr'><strong><em>hujus</em></strong></span> <span class='ocrx_word' id='word_1_95' title='bbox 1905 1232 2095 1297; x_wconf 83' lang='lat' dir='ltr'><strong><em>steculi,</em></strong></span> 
     </span>
    </p>
   </div>
   <div class='ocr_carea' id='block_1_12' title="bbox 524 1324 2098 1399">
    <p class='ocr_par' dir='ltr' id='par_1_12' title="bbox 524 1324 2098 1399">
     <span class='ocr_line' id='line_1_12' title="bbox 524 1324 2098 1399; baseline -0.004 -16"><span class='ocrx_word' id='word_1_96' title='bbox 524 1329 611 1398; x_wconf 86' lang='lat' dir='ltr'><strong><em>qui</em></strong></span> <span class='ocrx_word' id='word_1_97' title='bbox 635 1337 1028 1398; x_wconf 87' lang='lat' dir='ltr'><strong><em>corrumpuntur</em></strong></span> <span class='ocrx_word' id='word_1_98' title='bbox 1057 1327 1162 1399; x_wconf 86' lang='lat' dir='ltr'><strong><em>(Ib.</em></strong></span> <span class='ocrx_word' id='word_1_99' title='bbox 1196 1343 1244 1382; x_wconf 84' lang='grc' dir='ltr'><strong><em>υ.</em></strong></span> <span class='ocrx_word' id='word_1_100' title='bbox 1275 1326 1352 1396; x_wconf 88' lang='lat'><strong><em>6).</em></strong></span> <span class='ocrx_word' id='word_1_101' title='bbox 1379 1324 1478 1380; x_wconf 88' lang='lat' dir='ltr'><strong><em>Cui</em></strong></span> <span class='ocrx_word' id='word_1_102' title='bbox 1522 1325 1666 1380; x_wconf 90' lang='lat' dir='ltr'><strong><em>enim</em></strong></span> <span class='ocrx_word' id='word_1_103' title='bbox 1693 1339 1799 1378; x_wconf 91' lang='lat' dir='ltr'><strong><em>non</em></strong></span> <span class='ocrx_word' id='word_1_104' title='bbox 1835 1330 1958 1378; x_wconf 88' lang='lat' dir='ltr'><strong><em>sunt</em></strong></span> <span class='ocrx_word' id='word_1_105' title='bbox 1981 1337 2098 1377; x_wconf 90' lang='lat' dir='ltr'><strong><em>ma-</em></strong></span> 
     </span>
    </p>
   </div>
   <div class='ocr_carea' id='block_1_13' title="bbox 525 1413 2096 1488">
    <p class='ocr_par' dir='ltr' id='par_1_13' title="bbox 525 1413 2096 1488">
     <span class='ocr_line' id='line_1_13' title="bbox 525 1413 2096 1488; baseline -0.004 -16"><span class='ocrx_word' id='word_1_106' title='bbox 525 1418 714 1474; x_wconf 90' lang='lat' dir='ltr'><strong><em>nifesta</em></strong></span> <span class='ocrx_word' id='word_1_107' title='bbox 738 1433 1084 1487; x_wconf 59' lang='lat' dir='ltr'><strong><em>quaecumque</em></strong></span> <span class='ocrx_word' id='word_1_108' title='bbox 1108 1418 1160 1472; x_wconf 91' lang='lat' dir='ltr'><strong><em>in</em></strong></span> <span class='ocrx_word' id='word_1_109' title='bbox 1181 1417 1467 1488; x_wconf 87' lang='lat' dir='ltr'><strong><em>Evangelio</em></strong></span> <span class='ocrx_word' id='word_1_110' title='bbox 1505 1418 1698 1485; x_wconf 88' lang='lat' dir='ltr'><strong><em>scripta</em></strong></span> <span class='ocrx_word' id='word_1_111' title='bbox 1721 1424 1843 1469; x_wconf 90' lang='lat' dir='ltr'><strong><em>sunt</em></strong></span> <span class='ocrx_word' id='word_1_112' title='bbox 1885 1413 2096 1485; x_wconf 79' lang='lat' dir='ltr'><strong><em>(Matth.</em></strong></span> 
     </span>
    </p>
   </div>
   <div class='ocr_carea' id='block_1_14' title="bbox 525 1505 2094 1579">
    <p class='ocr_par' dir='ltr' id='par_1_14' title="bbox 525 1505 2094 1579">
     <span class='ocr_line' id='line_1_14' title="bbox 525 1505 2094 1579; baseline -0.003 -16"><span class='ocrx_word' id='word_1_113' title='bbox 525 1510 580 1563; x_wconf 82' lang='lat'><strong><em>5.</em></strong></span> <span class='ocrx_word' id='word_1_114' title='bbox 603 1511 657 1564; x_wconf 71' lang='grc'><strong><em>4.</em></strong></span> <span class='ocrx_word' id='word_1_115' title='bbox 685 1525 792 1579; x_wconf 86' lang='lat' dir='ltr'><strong><em>sqq.</em></strong></span> <span class='ocrx_word' id='word_1_116' title='bbox 817 1507 834 1577; x_wconf 93' lang='lat'>)</span> <span class='ocrx_word' id='word_1_117' title='bbox 859 1508 882 1561; x_wconf 85' lang='lat'><strong>?</strong></span> <span class='ocrx_word' id='word_1_118' title='bbox 905 1508 1035 1574; x_wconf 85' lang='lat' dir='ltr'><strong><em>Quis</em></strong></span> <span class='ocrx_word' id='word_1_119' title='bbox 1063 1516 1238 1562; x_wconf 84' lang='lat' dir='ltr'><strong><em>autem</em></strong></span> <span class='ocrx_word' id='word_1_120' title='bbox 1268 1507 1492 1562; x_wconf 90' lang='lat' dir='ltr'><strong><em>audiens</em></strong></span> <span class='ocrx_word' id='word_1_121' title='bbox 1518 1507 1700 1562; x_wconf 89' lang='lat' dir='ltr'><strong><em>beatos</em></strong></span> <span class='ocrx_word' id='word_1_122' title='bbox 1740 1520 1860 1561; x_wconf 90' lang='lat' dir='ltr'><strong><em>esse</em></strong></span> <span class='ocrx_word' id='word_1_123' title='bbox 1901 1505 2058 1560; x_wconf 88' lang='lat' dir='ltr'><strong><em>mites</em></strong></span> <span class='ocrx_word' id='word_1_124' title='bbox 2079 1544 2094 1570; x_wconf 91' lang='lat'><strong><em>,</em></strong></span> 
     </span>
    </p>
   </div>
   <div class='ocr_carea' id='block_1_15' title="bbox 529 1594 2101 1664">
    <p class='ocr_par' dir='ltr' id='par_1_15' title="bbox 529 1594 2101 1664">
     <span class='ocr_line' id='line_1_15' title="bbox 529 1594 2101 1664; baseline -0.003 -11"><span class='ocrx_word' id='word_1_125' title='bbox 529 1598 714 1653; x_wconf 88' lang='lat' dir='ltr'><strong><em>beatos</em></strong></span> <span class='ocrx_word' id='word_1_126' title='bbox 755 1597 1130 1653; x_wconf 86' lang='lat' dir='ltr'><strong><em>misericordes</em></strong></span> <span class='ocrx_word' id='word_1_127' title='bbox 1152 1637 1167 1664; x_wconf 97' lang='lat'><strong><em>,</em></strong></span> <span class='ocrx_word' id='word_1_128' title='bbox 1199 1596 1380 1652; x_wconf 90' lang='lat' dir='ltr'><strong><em>beatos</em></strong></span> <span class='ocrx_word' id='word_1_129' title='bbox 1423 1595 1619 1650; x_wconf 91' lang='lat' dir='ltr'><strong><em>mundo</em></strong></span> <span class='ocrx_word' id='word_1_130' title='bbox 1660 1594 1854 1660; x_wconf 91' lang='lat' dir='ltr'><strong><em>corde,</em></strong></span> <span class='ocrx_word' id='word_1_131' title='bbox 1882 1603 2101 1649; x_wconf 65' lang='lat' dir='ltr'><strong><em>caetera-</em></strong></span> 
     </span>
    </p>
   </div>
   <div class='ocr_carea' id='block_1_16' title="bbox 525 1685 2099 1758">
    <p class='ocr_par' dir='ltr' id='par_1_16' title="bbox 525 1685 2099 1758">
     <span class='ocr_line' id='line_1_16' title="bbox 525 1685 2099 1758; baseline -0.003 -16"><span class='ocrx_word' id='word_1_132' title='bbox 525 1703 628 1758; x_wconf 91' lang='lat' dir='ltr'><strong><em>que</em></strong></span> <span class='ocrx_word' id='word_1_133' title='bbox 657 1687 979 1757; x_wconf 88' lang='lat' dir='ltr'><strong><em>hujusmodi,</em></strong></span> <span class='ocrx_word' id='word_1_134' title='bbox 1008 1687 1182 1756; x_wconf 81' lang='lat' dir='ltr'><strong><em>egebit</em></strong></span> <span class='ocrx_word' id='word_1_135' title='bbox 1210 1695 1533 1756; x_wconf 62' lang='lat' dir='ltr'><strong><em>praeceptore</em></strong></span> <span class='ocrx_word' id='word_1_136' title='bbox 1554 1727 1570 1752; x_wconf 95' lang='lat'><strong><em>,</em></strong></span> <span class='ocrx_word' id='word_1_137' title='bbox 1603 1695 1658 1740; x_wconf 93' lang='lat' dir='ltr'><strong><em>ut</em></strong></span> <span class='ocrx_word' id='word_1_138' title='bbox 1682 1685 1878 1755; x_wconf 90' lang='lat' dir='ltr'><strong><em>aliquid</em></strong></span> <span class='ocrx_word' id='word_1_139' title='bbox 1915 1698 2099 1739; x_wconf 91' lang='lat' dir='ltr'><strong><em>eorum</em></strong></span> 
     </span>
    </p>
   </div>
   <div class='ocr_carea' id='block_1_17' title="bbox 525 1772 2102 1848">
    <p class='ocr_par' dir='ltr' id='par_1_17' title="bbox 525 1772 2102 1848">
     <span class='ocr_line' id='line_1_17' title="bbox 525 1772 2102 1848; baseline -0.004 -15"><span class='ocrx_word' id='word_1_140' title='bbox 525 1778 666 1834; x_wconf 87' lang='lat' dir='ltr'><strong><em>dicat</em></strong></span> <span class='ocrx_word' id='word_1_141' title='bbox 693 1793 810 1848; x_wconf 75' lang='lat' dir='ltr'><strong><em>qua:</em></strong></span> <span class='ocrx_word' id='word_1_142' title='bbox 851 1775 1132 1832; x_wconf 88' lang='lat' dir='ltr'><strong><em>dicuntur?</em></strong></span> <span class='ocrx_word' id='word_1_143' title='bbox 1171 1777 1365 1832; x_wconf 82' lang='lat' dir='ltr'><strong><em>Verum</em></strong></span> <span class='ocrx_word' id='word_1_144' title='bbox 1413 1776 1558 1846; x_wconf 87' lang='lat' dir='ltr'><strong><em>signa</em></strong></span> <span class='ocrx_word' id='word_1_145' title='bbox 1581 1814 1598 1842; x_wconf 95' lang='lat'><strong><em>,</em></strong></span> <span class='ocrx_word' id='word_1_146' title='bbox 1637 1775 1908 1838; x_wconf 88' lang='lat' dir='ltr'><strong><em>miracula,</em></strong></span> <span class='ocrx_word' id='word_1_147' title='bbox 1937 1772 2102 1828; x_wconf 90' lang='lat' dir='ltr'><strong><em>histo-</em></strong></span> 
     </span>
    </p>
   </div>
   <div class='ocr_carea' id='block_1_18' title="bbox 526 1866 2100 1936">
    <p class='ocr_par' dir='ltr' id='par_1_18' title="bbox 526 1866 2100 1936">
     <span class='ocr_line' id='line_1_18' title="bbox 526 1866 2100 1936; baseline -0.001 -12"><span class='ocrx_word' id='word_1_148' title='bbox 526 1870 620 1924; x_wconf 63' lang='lat' dir='ltr'><strong><em>riae</em></strong></span> <span class='ocrx_word' id='word_1_149' title='bbox 642 1910 658 1936; x_wconf 97' lang='lat'><strong><em>,</em></strong></span> <span class='ocrx_word' id='word_1_150' title='bbox 688 1885 794 1924; x_wconf 90' lang='lat' dir='ltr'><strong><em>non</em></strong></span> <span class='ocrx_word' id='word_1_151' title='bbox 835 1869 1002 1924; x_wconf 89' lang='lat' dir='ltr'><strong><em>cuivis</em></strong></span> <span class='ocrx_word' id='word_1_152' title='bbox 1025 1877 1150 1923; x_wconf 90' lang='lat' dir='ltr'><strong><em>nota</em></strong></span> <span class='ocrx_word' id='word_1_153' title='bbox 1192 1866 1576 1936; x_wconf 89' lang='lat' dir='ltr'><strong><em>manifestaque</em></strong></span> <span class='ocrx_word' id='word_1_154' title='bbox 1619 1867 1777 1922; x_wconf 84' lang='lat' dir='ltr'><strong><em>sunt?</em></strong></span> <span class='ocrx_word' id='word_1_155' title='bbox 1803 1867 2100 1922; x_wconf 71' lang='lat' dir='ltr'><strong><em>Przetextus</em></strong></span> 
     </span>
    </p>
   </div>
   <div class='ocr_carea' id='block_1_19' title="bbox 524 1957 1861 2029">
    <p class='ocr_par' dir='ltr' id='par_1_19' title="bbox 524 1957 1861 2029">
     <span class='ocr_line' id='line_1_19' title="bbox 524 1957 1861 2029; baseline -0.002 -15"><span class='ocrx_word' id='word_1_156' title='bbox 524 1960 627 2015; x_wconf 90' lang='lat' dir='ltr'><strong><em>iste</em></strong></span> <span class='ocrx_word' id='word_1_157' title='bbox 650 1967 804 2016; x_wconf 90' lang='lat' dir='ltr'><strong><em>estet</em></strong></span> <span class='ocrx_word' id='word_1_158' title='bbox 826 1959 1064 2014; x_wconf 86' lang='lat' dir='ltr'><strong><em>causatio</em></strong></span> <span class='ocrx_word' id='word_1_159' title='bbox 1087 1999 1104 2027; x_wconf 93' lang='lat'><strong><em>,</em></strong></span> <span class='ocrx_word' id='word_1_160' title='bbox 1135 1959 1461 2029; x_wconf 75' lang='lat' dir='ltr'><strong><em>pigrititeque</em></strong></span> <span class='ocrx_word' id='word_1_161' title='bbox 1487 1957 1861 2012; x_wconf 88' lang='lat' dir='ltr'><strong><em>velamentum.</em></strong></span> 
     </span>
    </p>
   </div>
   <div class='ocr_carea' id='block_1_20' title="bbox 594 2047 2100 2118">
    <p class='ocr_par' dir='ltr' id='par_1_20' title="bbox 594 2047 2100 2118">
     <span class='ocr_line' id='line_1_20' title="bbox 594 2047 2100 2118; baseline 0 -16"><span class='ocrx_word' id='word_1_162' title='bbox 594 2049 762 2103; x_wconf 86' lang='lat' dir='ltr'><strong><em>Lectio</em></strong></span> <span class='ocrx_word' id='word_1_163' title='bbox 789 2051 969 2104; x_wconf 85' lang='lat' dir='ltr'><strong><em>iterata</em></strong></span> <span class='ocrx_word' id='word_1_164' title='bbox 996 2050 1156 2118; x_wconf 88' lang='lat' dir='ltr'><strong><em>aperit</em></strong></span> <span class='ocrx_word' id='word_1_165' title='bbox 1190 2048 1420 2102; x_wconf 89' lang='lat' dir='ltr'><strong><em>obscura.</em></strong></span> <span class='ocrx_word' id='word_1_166' title='bbox 1449 2075 1521 2087; x_wconf 91' lang='lat'><strong><em>-—</em></strong></span> <span class='ocrx_word' id='word_1_167' title='bbox 1560 2047 1673 2102; x_wconf 88' lang='lat' dir='ltr'><strong><em>Non</em></strong></span> <span class='ocrx_word' id='word_1_168' title='bbox 1705 2047 1955 2117; x_wconf 88' lang='lat' dir='ltr'><strong><em>intelligis</em></strong></span> <span class='ocrx_word' id='word_1_169' title='bbox 1979 2062 2100 2118; x_wconf 81' lang='lat' dir='ltr'><strong><em>qua:</em></strong></span> 
     </span>
    </p>
   </div>
   <div class='ocr_carea' id='block_1_21' title="bbox 526 2137 2100 2209">
    <p class='ocr_par' dir='ltr' id='par_1_21' title="bbox 526 2137 2100 2209">
     <span class='ocr_line' id='line_1_21' title="bbox 526 2137 2100 2209; baseline 0.001 -19"><span class='ocrx_word' id='word_1_170' title='bbox 526 2137 749 2196; x_wconf 89' lang='lat' dir='ltr'><strong><em>insunt:</em></strong></span> <span class='ocrx_word' id='word_1_171' title='bbox 797 2140 1063 2209; x_wconf 90' lang='lat' dir='ltr'><strong><em>quomodo</em></strong></span> <span class='ocrx_word' id='word_1_172' title='bbox 1106 2138 1276 2206; x_wconf 89' lang='lat' dir='ltr'><strong><em>possis</em></strong></span> <span class='ocrx_word' id='word_1_173' title='bbox 1316 2137 1599 2208; x_wconf 88' lang='lat' dir='ltr'><strong><em>aliquando</em></strong></span> <span class='ocrx_word' id='word_1_174' title='bbox 1643 2138 1958 2208; x_wconf 82' lang='lat' dir='ltr'><strong><em>intelligere,</em></strong></span> <span class='ocrx_word' id='word_1_175' title='bbox 2009 2138 2100 2208; x_wconf 88' lang='lat' dir='ltr'><strong><em>qui</em></strong></span> 
     </span>
    </p>
   </div>
   <div class='ocr_carea' id='block_1_22' title="bbox 527 2229 2097 2301">
    <p class='ocr_par' dir='ltr' id='par_1_22' title="bbox 527 2229 2097 2301">
     <span class='ocr_line' id='line_1_22' title="bbox 527 2229 2097 2301; baseline -0.004 -13"><span class='ocrx_word' id='word_1_176' title='bbox 527 2249 597 2288; x_wconf 90' lang='lat' dir='ltr'><strong><em>ne</em></strong></span> <span class='ocrx_word' id='word_1_177' title='bbox 625 2233 813 2286; x_wconf 85' lang='lat' dir='ltr'><strong><em>leviter</em></strong></span> <span class='ocrx_word' id='word_1_178' title='bbox 836 2231 1049 2301; x_wconf 87' lang='lat' dir='ltr'><strong><em>quidem</em></strong></span> <span class='ocrx_word' id='word_1_179' title='bbox 1089 2229 1348 2300; x_wconf 86' lang='lat' dir='ltr'><strong><em>inspicere</em></strong></span> <span class='ocrx_word' id='word_1_180' title='bbox 1393 2229 1565 2284; x_wconf 86' lang='lat' dir='ltr'><strong><em>velis?</em></strong></span> <span class='ocrx_word' id='word_1_181' title='bbox 1609 2229 1770 2284; x_wconf 89' lang='lat' dir='ltr'><strong><em>Sume</em></strong></span> <span class='ocrx_word' id='word_1_182' title='bbox 1812 2229 2004 2282; x_wconf 91' lang='lat' dir='ltr'><strong><em>librum</em></strong></span> <span class='ocrx_word' id='word_1_183' title='bbox 2043 2229 2097 2282; x_wconf 92' lang='lat' dir='ltr'><strong><em>in</em></strong></span> 
     </span>
    </p>
   </div>
   <div class='ocr_carea' id='block_1_23' title="bbox 525 2318 2098 2388">
    <p class='ocr_par' dir='ltr' id='par_1_23' title="bbox 525 2318 2098 2388">
     <span class='ocr_line' id='line_1_23' title="bbox 525 2318 2098 2388; baseline -0.002 -13"><span class='ocrx_word' id='word_1_184' title='bbox 525 2335 735 2386; x_wconf 88' lang='lat' dir='ltr'><strong><em>manus,</em></strong></span> <span class='ocrx_word' id='word_1_185' title='bbox 766 2319 880 2388; x_wconf 82' lang='lat' dir='ltr'><strong><em>lege</em></strong></span> <span class='ocrx_word' id='word_1_186' title='bbox 903 2318 1176 2373; x_wconf 85' lang='lat' dir='ltr'><strong><em>historiam</em></strong></span> <span class='ocrx_word' id='word_1_187' title='bbox 1205 2332 1437 2384; x_wconf 90' lang='lat' dir='ltr'><strong><em>omnem,</em></strong></span> <span class='ocrx_word' id='word_1_188' title='bbox 1466 2325 1519 2372; x_wconf 92' lang='lat' dir='ltr'><strong><em>et</em></strong></span> <span class='ocrx_word' id='word_1_189' title='bbox 1544 2333 1661 2387; x_wconf 78' lang='lat' dir='ltr'><strong><em>qua:</em></strong></span> <span class='ocrx_word' id='word_1_190' title='bbox 1688 2328 1810 2372; x_wconf 87' lang='lat' dir='ltr'><strong><em>nota</em></strong></span> <span class='ocrx_word' id='word_1_191' title='bbox 1839 2325 1962 2372; x_wconf 90' lang='lat' dir='ltr'><strong><em>sunt</em></strong></span> <span class='ocrx_word' id='word_1_192' title='bbox 1983 2331 2098 2372; x_wconf 89' lang='lat' dir='ltr'><strong><em>me-</em></strong></span> 
     </span>
    </p>
   </div>
   <div class='ocr_carea' id='block_1_24' title="bbox 529 2400 2100 2478">
    <p class='ocr_par' dir='ltr' id='par_1_24' title="bbox 529 2400 2100 2478">
     <span class='ocr_line' id='line_1_24' title="bbox 529 2400 2100 2478; baseline -0.003 -13"><span class='ocrx_word' id='word_1_193' title='bbox 529 2410 695 2465; x_wconf 84' lang='lat' dir='ltr'><strong><em>moria</em></strong></span> <span class='ocrx_word' id='word_1_194' title='bbox 723 2419 939 2474; x_wconf 90' lang='lat' dir='ltr'><strong><em>tenens,</em></strong></span> <span class='ocrx_word' id='word_1_195' title='bbox 971 2423 1032 2464; x_wconf 90' lang='lat' dir='ltr'><strong><em>ea</em></strong></span> <span class='ocrx_word' id='word_1_196' title='bbox 1065 2400 1435 2478; x_wconf 66' lang='lat' dir='ltr'><strong><em>quae&#39;obscura</em></strong></span> <span class='ocrx_word' id='word_1_197' title='bbox 1463 2414 1588 2462; x_wconf 89' lang='lat' dir='ltr'><strong><em>sunt</em></strong></span> <span class='ocrx_word' id='word_1_198' title='bbox 1615 2422 1904 2478; x_wconf 91' lang='lat' dir='ltr'><strong><em>parumque</em></strong></span> <span class='ocrx_word' id='word_1_199' title='bbox 1931 2407 2100 2462; x_wconf 88' lang='lat' dir='ltr'><strong><em>mani-</em></strong></span> 
     </span>
    </p>
   </div>
   <div class='ocr_carea' id='block_1_25' title="bbox 527 2485 2094 2572">
    <p class='ocr_par' dir='ltr' id='par_1_25' title="bbox 527 2485 2094 2572">
     <span class='ocr_line' id='line_1_25' title="bbox 527 2485 2094 2572; baseline -0.001 -18"><span class='ocrx_word' id='word_1_200' title='bbox 527 2500 686 2569; x_wconf 86' lang='lat' dir='ltr'><strong><em>festa,</em></strong></span> <span class='ocrx_word' id='word_1_201' title='bbox 715 2503 1017 2572; x_wconf 83' lang='lat' dir='ltr'><strong><em>frequenter</em></strong></span> <span class='ocrx_word' id='word_1_202' title='bbox 1045 2485 1316 2571; x_wconf 88' lang='lat' dir='ltr'><strong><em>percurre.</em></strong></span> <span class='ocrx_word' id='word_1_203' title='bbox 1348 2500 1498 2568; x_wconf 85' lang='lat' dir='ltr'><strong><em>Quod</em></strong></span> <span class='ocrx_word' id='word_1_204' title='bbox 1537 2500 1582 2554; x_wconf 88' lang='lat' dir='ltr'><strong><em>si</em></strong></span> <span class='ocrx_word' id='word_1_205' title='bbox 1607 2513 1710 2553; x_wconf 91' lang='lat' dir='ltr'><strong><em>non</em></strong></span> <span class='ocrx_word' id='word_1_206' title='bbox 1725 2499 1934 2570; x_wconf 68' lang='lat' dir='ltr'><strong><em>&#39;poleris</em></strong></span> <span class='ocrx_word' id='word_1_207' title='bbox 1960 2501 2094 2554; x_wconf 86' lang='lat' dir='ltr'><strong><em>assi-</em></strong></span> 
     </span>
    </p>
   </div>
   <div class='ocr_carea' id='block_1_26' title="bbox 525 2591 2098 2663">
    <p class='ocr_par' dir='ltr' id='par_1_26' title="bbox 525 2591 2098 2663">
     <span class='ocr_line' id='line_1_26' title="bbox 525 2591 2098 2663; baseline -0.003 -13"><span class='ocrx_word' id='word_1_208' title='bbox 525 2595 726 2651; x_wconf 88' lang='lat' dir='ltr'><strong><em>duitate</em></strong></span> <span class='ocrx_word' id='word_1_209' title='bbox 754 2595 995 2649; x_wconf 85' lang='lat' dir='ltr'><strong><em>lectionis</em></strong></span> <span class='ocrx_word' id='word_1_210' title='bbox 1021 2593 1259 2648; x_wconf 90' lang='lat' dir='ltr'><strong><em>invenire</em></strong></span> <span class='ocrx_word' id='word_1_211' title='bbox 1286 2592 1428 2663; x_wconf 86' lang='lat' dir='ltr'><strong><em>quod</em></strong></span> <span class='ocrx_word' id='word_1_212' title='bbox 1452 2592 1666 2660; x_wconf 88' lang='lat' dir='ltr'><strong><em>dicitur,</em></strong></span> <span class='ocrx_word' id='word_1_213' title='bbox 1706 2591 1900 2646; x_wconf 88' lang='lat' dir='ltr'><strong><em>accede</em></strong></span> <span class='ocrx_word' id='word_1_214' title='bbox 1925 2592 1990 2646; x_wconf 90' lang='lat' dir='ltr'><strong><em>ad</em></strong></span> <span class='ocrx_word' id='word_1_215' title='bbox 2013 2606 2098 2646; x_wconf 86' lang='lat' dir='ltr'><strong><em>sa-</em></strong></span> 
     </span>
    </p>
   </div>
   <div class='ocr_carea' id='block_1_27' title="bbox 527 2681 2097 2756">
    <p class='ocr_par' dir='ltr' id='par_1_27' title="bbox 527 2681 2097 2756">
     <span class='ocr_line' id='line_1_27' title="bbox 527 2681 2097 2756; baseline -0.002 -16"><span class='ocrx_word' id='word_1_216' title='bbox 527 2687 859 2756; x_wconf 89' lang='lat' dir='ltr'><strong><em>pientiorem,</em></strong></span> <span class='ocrx_word' id='word_1_217' title='bbox 883 2683 1016 2739; x_wconf 88' lang='lat' dir='ltr'><strong><em>vade</em></strong></span> <span class='ocrx_word' id='word_1_218' title='bbox 1038 2683 1104 2738; x_wconf 90' lang='lat' dir='ltr'><strong><em>ad</em></strong></span> <span class='ocrx_word' id='word_1_219' title='bbox 1130 2683 1424 2750; x_wconf 89' lang='lat' dir='ltr'><strong><em>doctorem,</em></strong></span> <span class='ocrx_word' id='word_1_220' title='bbox 1447 2683 1773 2738; x_wconf 91' lang='lat' dir='ltr'><strong><em>communica</em></strong></span> <span class='ocrx_word' id='word_1_221' title='bbox 1794 2681 1860 2737; x_wconf 88' lang='lat' dir='ltr'><strong><em>de</em></strong></span> <span class='ocrx_word' id='word_1_222' title='bbox 1891 2683 1952 2737; x_wconf 91' lang='lat' dir='ltr'><strong><em>iis</em></strong></span> <span class='ocrx_word' id='word_1_223' title='bbox 1978 2697 2097 2752; x_wconf 79' lang='lat' dir='ltr'><strong><em>quae</em></strong></span> 
     </span>
    </p>
   </div>
   <div class='ocr_carea' id='block_1_28' title="bbox 527 2772 2097 2845">
    <p class='ocr_par' dir='ltr' id='par_1_28' title="bbox 527 2772 2097 2845">
     <span class='ocr_line' id='line_1_28' title="bbox 527 2772 2097 2845; baseline -0.003 -14"><span class='ocrx_word' id='word_1_224' title='bbox 527 2777 723 2845; x_wconf 82' lang='lat' dir='ltr'><strong><em>scripta</em></strong></span> <span class='ocrx_word' id='word_1_225' title='bbox 751 2785 892 2842; x_wconf 87' lang='lat' dir='ltr'><strong><em>sunt,</em></strong></span> <span class='ocrx_word' id='word_1_226' title='bbox 923 2775 1134 2830; x_wconf 90' lang='lat' dir='ltr'><strong><em>declara</em></strong></span> <span class='ocrx_word' id='word_1_227' title='bbox 1158 2775 1442 2830; x_wconf 88' lang='lat' dir='ltr'><strong><em>vehemens</em></strong></span> <span class='ocrx_word' id='word_1_228' title='bbox 1461 2773 1711 2828; x_wconf 91' lang='lat' dir='ltr'><strong><em>studium.</em></strong></span> <span class='ocrx_word' id='word_1_229' title='bbox 1743 2772 1811 2828; x_wconf 88' lang='lat' dir='ltr'><strong><em>Et</em></strong></span> <span class='ocrx_word' id='word_1_230' title='bbox 1834 2773 1880 2829; x_wconf 89' lang='lat' dir='ltr'><strong><em>si</em></strong></span> <span class='ocrx_word' id='word_1_231' title='bbox 1906 2774 2097 2829; x_wconf 90' lang='lat' dir='ltr'><strong><em>viderit</em></strong></span> 
     </span>
    </p>
   </div>
   <div class='ocr_carea' id='block_1_29' title="bbox 526 2865 2096 2933">
    <p class='ocr_par' dir='ltr' id='par_1_29' title="bbox 526 2865 2096 2933">
     <span class='ocr_line' id='line_1_29' title="bbox 526 2865 2096 2933; baseline -0.002 -10"><span class='ocrx_word' id='word_1_232' title='bbox 526 2878 577 2923; x_wconf 88' lang='lat' dir='ltr'><strong><em>te</em></strong></span> <span class='ocrx_word' id='word_1_233' title='bbox 607 2869 746 2923; x_wconf 87' lang='lat' dir='ltr'><strong><em>Deus</em></strong></span> <span class='ocrx_word' id='word_1_234' title='bbox 774 2876 970 2922; x_wconf 87' lang='lat' dir='ltr'><strong><em>tantam</em></strong></span> <span class='ocrx_word' id='word_1_235' title='bbox 1014 2867 1176 2922; x_wconf 91' lang='lat' dir='ltr'><strong><em>animi</em></strong></span> <span class='ocrx_word' id='word_1_236' title='bbox 1213 2867 1536 2922; x_wconf 84' lang='lat' dir='ltr'><strong><em>alacritatem</em></strong></span> <span class='ocrx_word' id='word_1_237' title='bbox 1573 2865 1845 2933; x_wconf 89' lang='lat' dir='ltr'><strong><em>adhibere,</em></strong></span> <span class='ocrx_word' id='word_1_238' title='bbox 1874 2880 1977 2920; x_wconf 91' lang='lat' dir='ltr'><strong><em>non</em></strong></span> <span class='ocrx_word' id='word_1_239' title='bbox 2004 2866 2096 2921; x_wconf 86' lang='lat' dir='ltr'><strong><em>de-</em></strong></span> 
     </span>
    </p>
   </div>
   <div class='ocr_carea' id='block_1_30' title="bbox 525 2958 2093 3031">
    <p class='ocr_par' dir='ltr' id='par_1_30' title="bbox 525 2958 2093 3031">
     <span class='ocr_line' id='line_1_30' title="bbox 525 2958 2093 3031; baseline -0.002 -16"><span class='ocrx_word' id='word_1_240' title='bbox 525 2961 711 3031; x_wconf 89' lang='lat' dir='ltr'><strong><em>spiciet</em></strong></span> <span class='ocrx_word' id='word_1_241' title='bbox 761 2969 900 3015; x_wconf 87' lang='lat' dir='ltr'><strong><em>tuam</em></strong></span> <span class='ocrx_word' id='word_1_242' title='bbox 944 2960 1268 3030; x_wconf 77' lang='lat' dir='ltr'><strong><em>vigilantiam</em></strong></span> <span class='ocrx_word' id='word_1_243' title='bbox 1309 2974 1373 3014; x_wconf 89' lang='lat' dir='ltr'><strong><em>ac</em></strong></span> <span class='ocrx_word' id='word_1_244' title='bbox 1417 2958 1846 3014; x_wconf 89' lang='lat' dir='ltr'><strong><em>sollicitudinem.</em></strong></span> <span class='ocrx_word' id='word_1_245' title='bbox 1897 2958 2093 3013; x_wconf 85' lang='lat' dir='ltr'><strong><em>Verum</em></strong></span> 
     </span>
    </p>
   </div>
   <div class='ocr_carea' id='block_1_31' title="bbox 522 3049 2094 3120">
    <p class='ocr_par' dir='ltr' id='par_1_31' title="bbox 522 3049 2094 3120">
     <span class='ocr_line' id='line_1_31' title="bbox 522 3049 2094 3120; baseline -0.002 -13"><span class='ocrx_word' id='word_1_246' title='bbox 522 3053 682 3108; x_wconf 91' lang='lat' dir='ltr'><strong><em>etiam</em></strong></span> <span class='ocrx_word' id='word_1_247' title='bbox 712 3053 758 3106; x_wconf 89' lang='lat' dir='ltr'><strong><em>si</em></strong></span> <span class='ocrx_word' id='word_1_248' title='bbox 799 3053 973 3107; x_wconf 88' lang='lat' dir='ltr'><strong><em>nullus</em></strong></span> <span class='ocrx_word' id='word_1_249' title='bbox 1015 3052 1174 3106; x_wconf 89' lang='lat' dir='ltr'><strong><em>homo</em></strong></span> <span class='ocrx_word' id='word_1_250' title='bbox 1200 3061 1251 3106; x_wconf 84' lang='lat' dir='ltr'><strong><em>te</em></strong></span> <span class='ocrx_word' id='word_1_251' title='bbox 1287 3050 1525 3106; x_wconf 88' lang='lat' dir='ltr'><strong><em>docuerit</em></strong></span> <span class='ocrx_word' id='word_1_252' title='bbox 1556 3049 1697 3120; x_wconf 90' lang='lat' dir='ltr'><strong><em>quod</em></strong></span> <span class='ocrx_word' id='word_1_253' title='bbox 1742 3049 1957 3119; x_wconf 63' lang='lat' dir='ltr'><strong><em>quieris,</em></strong></span> <span class='ocrx_word' id='word_1_254' title='bbox 1983 3049 2094 3118; x_wconf 88' lang='lat' dir='ltr'><strong><em>ipse</em></strong></span> 
     </span>
    </p>
   </div>
   <div class='ocr_carea' id='block_1_32' title="bbox 521 3139 2093 3210">
    <p class='ocr_par' dir='ltr' id='par_1_32' title="bbox 521 3139 2093 3210">
     <span class='ocr_line' id='line_1_32' title="bbox 521 3139 2093 3210; baseline -0.004 -10"><span class='ocrx_word' id='word_1_255' title='bbox 521 3146 637 3201; x_wconf 88' lang='lat' dir='ltr'><strong><em>sine</em></strong></span> <span class='ocrx_word' id='word_1_256' title='bbox 662 3145 823 3200; x_wconf 88' lang='lat' dir='ltr'><strong><em>dubio</em></strong></span> <span class='ocrx_word' id='word_1_257' title='bbox 840 3144 1116 3199; x_wconf 86' lang='lat' dir='ltr'><strong><em>reserabit.</em></strong></span> <span class='ocrx_word' id='word_1_258' title='bbox 1137 3143 1398 3199; x_wconf 82' lang='lat' dir='ltr'><strong><em>Memento</em></strong></span> <span class='ocrx_word' id='word_1_259' title='bbox 1417 3140 1645 3197; x_wconf 85' lang='lat' dir='ltr'><strong><em>eunuchi</em></strong></span> <span class='ocrx_word' id='word_1_260' title='bbox 1662 3141 1857 3210; x_wconf 77' lang='lat' dir='ltr'><strong><em>regina:</em></strong></span> <span class='ocrx_word' id='word_1_261' title='bbox 1883 3139 2093 3194; x_wconf 63' lang='lat' dir='ltr'><strong><em>Ethio-</em></strong></span> 
     </span>
    </p>
   </div>
   <div class='ocr_carea' id='block_1_33' title="bbox 522 3233 2093 3307">
    <p class='ocr_par' dir='ltr' id='par_1_33' title="bbox 522 3233 2093 3307">
     <span class='ocr_line' id='line_1_33' title="bbox 522 3233 2093 3307; baseline -0.003 -16"><span class='ocrx_word' id='word_1_262' title='bbox 522 3253 668 3307; x_wconf 86' lang='lat' dir='ltr'><strong><em>pum,</em></strong></span> <span class='ocrx_word' id='word_1_263' title='bbox 717 3237 808 3307; x_wconf 91' lang='lat' dir='ltr'><strong><em>qui</em></strong></span> <span class='ocrx_word' id='word_1_264' title='bbox 850 3252 969 3291; x_wconf 92' lang='lat' dir='ltr'><strong><em>cum</em></strong></span> <span class='ocrx_word' id='word_1_265' title='bbox 1015 3244 1155 3291; x_wconf 85' lang='lat' dir='ltr'><strong><em>esset</em></strong></span> <span class='ocrx_word' id='word_1_266' title='bbox 1195 3235 1354 3290; x_wconf 90' lang='lat' dir='ltr'><strong><em>homo</em></strong></span> <span class='ocrx_word' id='word_1_267' title='bbox 1381 3235 1667 3300; x_wconf 89' lang='lat' dir='ltr'><strong><em>barbarus,</em></strong></span> <span class='ocrx_word' id='word_1_268' title='bbox 1694 3233 2093 3302; x_wconf 90' lang='lat' dir='ltr'><strong><em>innumerisque</em></strong></span> 
     </span>
    </p>
   </div>
   <div class='ocr_carea' id='block_1_34' title="bbox 520 3325 2090 3396">
    <p class='ocr_par' dir='ltr' id='par_1_34' title="bbox 520 3325 2090 3396">
     <span class='ocr_line' id='line_1_34' title="bbox 520 3325 2090 3396; baseline -0.005 -11"><span class='ocrx_word' id='word_1_269' title='bbox 520 3331 783 3385; x_wconf 87' lang='lat' dir='ltr'><strong><em>distentus</em></strong></span> <span class='ocrx_word' id='word_1_270' title='bbox 841 3328 1314 3394; x_wconf 88' lang='lat' dir='ltr'><strong><em>sollicitudinibus,</em></strong></span> <span class='ocrx_word' id='word_1_271' title='bbox 1366 3335 1420 3382; x_wconf 90' lang='lat' dir='ltr'><strong><em>et</em></strong></span> <span class='ocrx_word' id='word_1_272' title='bbox 1476 3325 1809 3396; x_wconf 83' lang='lat' dir='ltr'><strong><em>undiquaque</em></strong></span> <span class='ocrx_word' id='word_1_273' title='bbox 1859 3325 2090 3380; x_wconf 91' lang='lat' dir='ltr'><strong><em>circum-</em></strong></span> 
     </span>
    </p>
   </div>
   <div class='ocr_carea' id='block_1_35' title="bbox 519 3415 2091 3491">
    <p class='ocr_par' dir='ltr' id='par_1_35' title="bbox 519 3415 2091 3491">
     <span class='ocr_line' id='line_1_35' title="bbox 519 3415 2091 3491; baseline -0.004 -15"><span class='ocrx_word' id='word_1_274' title='bbox 519 3429 702 3491; x_wconf 89' lang='lat' dir='ltr'><strong><em>septus</em></strong></span> <span class='ocrx_word' id='word_1_275' title='bbox 728 3421 950 3491; x_wconf 89' lang='lat' dir='ltr'><strong><em>negotiis</em></strong></span> <span class='ocrx_word' id='word_1_276' title='bbox 969 3461 984 3488; x_wconf 96' lang='lat'><strong><em>,</em></strong></span> <span class='ocrx_word' id='word_1_277' title='bbox 1013 3433 1113 3474; x_wconf 89' lang='lat' dir='ltr'><strong><em>nec</em></strong></span> <span class='ocrx_word' id='word_1_278' title='bbox 1141 3418 1458 3489; x_wconf 82' lang='lat' dir='ltr'><strong><em>intelligeret</em></strong></span> <span class='ocrx_word' id='word_1_279' title='bbox 1484 3432 1602 3487; x_wconf 73' lang='lat' dir='ltr'><strong><em>qua:</em></strong></span> <span class='ocrx_word' id='word_1_280' title='bbox 1627 3416 1853 3487; x_wconf 83' lang='lat' dir='ltr'><strong><em>legebat,</em></strong></span> <span class='ocrx_word' id='word_1_281' title='bbox 1886 3415 2091 3486; x_wconf 77' lang='lat' dir='ltr'><strong><em>legebat</em></strong></span> 
     </span>
    </p>
   </div>
   <div class='ocr_carea' id='block_1_36' title="bbox 521 3505 2092 3577">
    <p class='ocr_par' dir='ltr' id='par_1_36' title="bbox 521 3505 2092 3577">
     <span class='ocr_line' id='line_1_36' title="bbox 521 3505 2092 3577; baseline -0.003 -11"><span class='ocrx_word' id='word_1_282' title='bbox 521 3522 694 3566; x_wconf 87' lang='lat' dir='ltr'><strong><em>tamen</em></strong></span> <span class='ocrx_word' id='word_1_283' title='bbox 722 3512 772 3566; x_wconf 95' lang='lat' dir='ltr'><strong><em>in</em></strong></span> <span class='ocrx_word' id='word_1_284' title='bbox 793 3526 949 3566; x_wconf 90' lang='lat' dir='ltr'><strong><em>curru</em></strong></span> <span class='ocrx_word' id='word_1_285' title='bbox 970 3511 1180 3566; x_wconf 86' lang='lat' dir='ltr'><strong><em>sedens.</em></strong></span> <span class='ocrx_word' id='word_1_286' title='bbox 1200 3508 1349 3577; x_wconf 85' lang='lat' dir='ltr'><strong><em>Quod</em></strong></span> <span class='ocrx_word' id='word_1_287' title='bbox 1374 3509 1419 3564; x_wconf 92' lang='lat' dir='ltr'><strong><em>si</em></strong></span> <span class='ocrx_word' id='word_1_288' title='bbox 1449 3509 1500 3562; x_wconf 91' lang='lat' dir='ltr'><strong><em>in</em></strong></span> <span class='ocrx_word' id='word_1_289' title='bbox 1526 3508 1609 3563; x_wconf 88' lang='lat' dir='ltr'><strong><em>via</em></strong></span> <span class='ocrx_word' id='word_1_290' title='bbox 1629 3517 1824 3563; x_wconf 88' lang='lat' dir='ltr'><strong><em>tantam</em></strong></span> <span class='ocrx_word' id='word_1_291' title='bbox 1848 3505 2092 3577; x_wconf 61' lang='lat' dir='ltr'><strong><em>praestitit</em></strong></span> 
     </span>
    </p>
   </div>
   <div class='ocr_carea' id='block_1_37' title="bbox 521 3597 2091 3672">
    <p class='ocr_par' dir='ltr' id='par_1_37' title="bbox 521 3597 2091 3672">
     <span class='ocr_line' id='line_1_37' title="bbox 521 3597 2091 3672; baseline -0.003 -15"><span class='ocrx_word' id='word_1_292' title='bbox 521 3602 878 3672; x_wconf 80' lang='lat' dir='ltr'><strong><em>diligentiam,</em></strong></span> <span class='ocrx_word' id='word_1_293' title='bbox 925 3602 1097 3670; x_wconf 87' lang='lat' dir='ltr'><strong><em>cogita</em></strong></span> <span class='ocrx_word' id='word_1_294' title='bbox 1141 3600 1312 3670; x_wconf 84' lang='lat' dir='ltr'><strong><em>qualis</em></strong></span> <span class='ocrx_word' id='word_1_295' title='bbox 1350 3598 1512 3653; x_wconf 83' lang='lat' dir='ltr'><strong><em>fuerit</em></strong></span> <span class='ocrx_word' id='word_1_296' title='bbox 1548 3598 1692 3652; x_wconf 91' lang='lat' dir='ltr'><strong><em>domi</em></strong></span> <span class='ocrx_word' id='word_1_297' title='bbox 1737 3612 1999 3652; x_wconf 87' lang='lat' dir='ltr'><strong><em>versans:</em></strong></span> <span class='ocrx_word' id='word_1_298' title='bbox 2043 3597 2091 3652; x_wconf 89' lang='lat' dir='ltr'><strong><em>si</em></strong></span> 
     </span>
    </p>
   </div>
   <div class='ocr_carea' id='block_1_38' title="bbox 527 3687 2091 3761">
    <p class='ocr_par' dir='ltr' id='par_1_38' title="bbox 527 3687 2091 3761">
     <span class='ocr_line' id='line_1_38' title="bbox 527 3687 2091 3761; baseline -0.004 -15"><span class='ocrx_word' id='word_1_299' title='bbox 527 3702 763 3760; x_wconf 84' lang='lat' dir='ltr'><strong><em>tempore</em></strong></span> <span class='ocrx_word' id='word_1_300' title='bbox 804 3689 1147 3761; x_wconf 87' lang='lat' dir='ltr'><strong><em>profectionis</em></strong></span> <span class='ocrx_word' id='word_1_301' title='bbox 1191 3703 1296 3743; x_wconf 91' lang='lat' dir='ltr'><strong><em>non</em></strong></span> <span class='ocrx_word' id='word_1_302' title='bbox 1340 3687 1590 3742; x_wconf 90' lang='lat' dir='ltr'><strong><em>sustinuit</em></strong></span> <span class='ocrx_word' id='word_1_303' title='bbox 1617 3687 1817 3756; x_wconf 87' lang='lat' dir='ltr'><strong><em>absque</em></strong></span> <span class='ocrx_word' id='word_1_304' title='bbox 1864 3687 2091 3741; x_wconf 89' lang='lat' dir='ltr'><strong><em>lectione</em></strong></span> 
     </span>
    </p>
   </div>
   <div class='ocr_carea' id='block_1_39' title="bbox 523 3778 2088 3848">
    <p class='ocr_par' dir='ltr' id='par_1_39' title="bbox 523 3778 2088 3848">
     <span class='ocr_line' id='line_1_39' title="bbox 523 3778 2088 3848; baseline -0.003 -11"><span class='ocrx_word' id='word_1_305' title='bbox 523 3798 761 3848; x_wconf 88' lang='lat' dir='ltr'><strong><em>manere,</em></strong></span> <span class='ocrx_word' id='word_1_306' title='bbox 804 3782 972 3836; x_wconf 86' lang='lat' dir='ltr'><strong><em>multo</em></strong></span> <span class='ocrx_word' id='word_1_307' title='bbox 1002 3781 1176 3835; x_wconf 90' lang='lat' dir='ltr'><strong><em>minus</em></strong></span> <span class='ocrx_word' id='word_1_308' title='bbox 1204 3779 1346 3834; x_wconf 91' lang='lat' dir='ltr'><strong><em>domi</em></strong></span> <span class='ocrx_word' id='word_1_309' title='bbox 1386 3779 1576 3834; x_wconf 88' lang='lat' dir='ltr'><strong><em>sedens</em></strong></span> <span class='ocrx_word' id='word_1_310' title='bbox 1603 3797 1617 3832; x_wconf 90' lang='lat'><strong><em>:</em></strong></span> <span class='ocrx_word' id='word_1_311' title='bbox 1649 3779 1693 3834; x_wconf 91' lang='lat' dir='ltr'><strong><em>si</em></strong></span> <span class='ocrx_word' id='word_1_312' title='bbox 1721 3779 1852 3833; x_wconf 90' lang='lat' dir='ltr'><strong><em>nihil</em></strong></span> <span class='ocrx_word' id='word_1_313' title='bbox 1890 3778 2088 3832; x_wconf 90' lang='lat' dir='ltr'><strong><em>intelli-</em></strong></span> 
     </span>
    </p>
   </div>
   <div class='ocr_carea' id='block_1_40' title="bbox 519 3869 2088 3944">
    <p class='ocr_par' dir='ltr' id='par_1_40' title="bbox 519 3869 2088 3944">
     <span class='ocr_line' id='line_1_40' title="bbox 519 3869 2088 3944; baseline -0.003 -16"><span class='ocrx_word' id='word_1_314' title='bbox 519 3888 650 3944; x_wconf 89' lang='lat' dir='ltr'><strong><em>gens</em></strong></span> <span class='ocrx_word' id='word_1_315' title='bbox 695 3872 928 3942; x_wconf 82' lang='lat' dir='ltr'><strong><em>legebat,</em></strong></span> <span class='ocrx_word' id='word_1_316' title='bbox 959 3887 1056 3926; x_wconf 91' lang='lat' dir='ltr'><strong><em>nec</em></strong></span> <span class='ocrx_word' id='word_1_317' title='bbox 1097 3869 1302 3924; x_wconf 88' lang='lat' dir='ltr'><strong><em>destitit</em></strong></span> <span class='ocrx_word' id='word_1_318' title='bbox 1329 3884 1357 3922; x_wconf 92' lang='lat' dir='ltr'><strong><em>a</em></strong></span> <span class='ocrx_word' id='word_1_319' title='bbox 1403 3869 1661 3935; x_wconf 89' lang='lat' dir='ltr'><strong><em>lectione,</em></strong></span> <span class='ocrx_word' id='word_1_320' title='bbox 1702 3869 1868 3923; x_wconf 92' lang='lat' dir='ltr'><strong><em>multo</em></strong></span> <span class='ocrx_word' id='word_1_321' title='bbox 1911 3869 2088 3924; x_wconf 91' lang='lat' dir='ltr'><strong><em>minus</em></strong></span> 
     </span>
    </p>
   </div>
   <div class='ocr_carea' id='block_1_41' title="bbox 521 3959 2085 4034">
    <p class='ocr_par' dir='ltr' id='par_1_41' title="bbox 521 3959 2085 4034">
     <span class='ocr_line' id='line_1_41' title="bbox 521 3959 2085 4034; baseline -0.004 -16"><span class='ocrx_word' id='word_1_322' title='bbox 521 3973 796 4034; x_wconf 87' lang='lat' dir='ltr'><strong><em>postquam</em></strong></span> <span class='ocrx_word' id='word_1_323' title='bbox 833 3961 1112 4016; x_wconf 84' lang='lat' dir='ltr'><strong><em>didicerat.</em></strong></span> <span class='ocrx_word' id='word_1_324' title='bbox 1147 3960 1277 4015; x_wconf 88' lang='lat' dir='ltr'><strong><em>Nam</em></strong></span> <span class='ocrx_word' id='word_1_325' title='bbox 1308 3968 1367 4014; x_wconf 93' lang='lat' dir='ltr'><strong><em>ut</em></strong></span> <span class='ocrx_word' id='word_1_326' title='bbox 1394 3959 1562 4025; x_wconf 88' lang='lat' dir='ltr'><strong><em>scias,</em></strong></span> <span class='ocrx_word' id='word_1_327' title='bbox 1596 3959 1738 4030; x_wconf 89' lang='lat' dir='ltr'><strong><em>quod</em></strong></span> <span class='ocrx_word' id='word_1_328' title='bbox 1777 3974 1882 4014; x_wconf 93' lang='lat' dir='ltr'><strong><em>non</em></strong></span> <span class='ocrx_word' id='word_1_329' title='bbox 1926 3959 2085 4014; x_wconf 88' lang='lat' dir='ltr'><strong><em>intel-</em></strong></span> 
     </span>
    </p>
   </div>
   <div class='ocr_carea' id='block_1_42' title="bbox 519 4049 2086 4125">
    <p class='ocr_par' dir='ltr' id='par_1_42' title="bbox 519 4049 2086 4125">
     <span class='ocr_line' id='line_1_42' title="bbox 519 4049 2086 4125; baseline -0.006 -15"><span class='ocrx_word' id='word_1_330' title='bbox 519 4057 709 4110; x_wconf 84' lang='lat' dir='ltr'><strong><em>:excrit</em></strong></span> <span class='ocrx_word' id='word_1_331' title='bbox 732 4071 850 4125; x_wconf 82' lang='lat' dir='ltr'><strong><em>quae</em></strong></span> <span class='ocrx_word' id='word_1_332' title='bbox 879 4055 1104 4124; x_wconf 83' lang='lat' dir='ltr'><strong><em>legebat,</em></strong></span> <span class='ocrx_word' id='word_1_333' title='bbox 1137 4052 1258 4107; x_wconf 90' lang='lat' dir='ltr'><strong><em>audi</em></strong></span> <span class='ocrx_word' id='word_1_334' title='bbox 1298 4050 1422 4122; x_wconf 91' lang='lat' dir='ltr'><strong><em>quid</em></strong></span> <span class='ocrx_word' id='word_1_335' title='bbox 1448 4050 1577 4106; x_wconf 90' lang='lat' dir='ltr'><strong><em>dicit</em></strong></span> <span class='ocrx_word' id='word_1_336' title='bbox 1602 4050 1910 4120; x_wconf 86' lang='lat' dir='ltr'><strong><em>Philippus:</em></strong></span> <span class='ocrx_word' id='word_1_337' title='bbox 1946 4049 2086 4102; x_wconf 83' lang='lat' dir='ltr'><strong><em>Num</em></strong></span> 
     </span>
    </p>
   </div>
   <div class='ocr_carea' id='block_1_43' title="bbox 516 4139 2084 4218">
    <p class='ocr_par' dir='ltr' id='par_1_43' title="bbox 516 4139 2084 4218">
     <span class='ocr_line' id='line_1_43' title="bbox 516 4139 2084 4218; baseline -0.004 -18"><span class='ocrx_word' id='word_1_338' title='bbox 516 4147 752 4218; x_wconf 84' lang='lat' dir='ltr'><strong><em>intelligis</em></strong></span> <span class='ocrx_word' id='word_1_339' title='bbox 781 4161 893 4216; x_wconf 79' lang='lat' dir='ltr'><strong><em>qua:</em></strong></span> <span class='ocrx_word' id='word_1_340' title='bbox 919 4145 1041 4214; x_wconf 85' lang='lat' dir='ltr'><strong><em>legis</em></strong></span> <span class='ocrx_word' id='word_1_341' title='bbox 1067 4142 1206 4213; x_wconf 81' lang='lat' dir='ltr'><strong><em>(Act.</em></strong></span> <span class='ocrx_word' id='word_1_342' title='bbox 1238 4143 1291 4198; x_wconf 88' lang='lat'><strong><em>8.</em></strong></span> <span class='ocrx_word' id='word_1_343' title='bbox 1314 4140 1404 4214; x_wconf 76' lang='lat'><strong><em>50)</em></strong></span> <span class='ocrx_word' id='word_1_344' title='bbox 1423 4142 1446 4195; x_wconf 87' lang='lat'><strong>?</strong></span> <span class='ocrx_word' id='word_1_345' title='bbox 1466 4143 1638 4211; x_wconf 88' lang='lat' dir='ltr'><strong><em>Atque</em></strong></span> <span class='ocrx_word' id='word_1_346' title='bbox 1668 4141 1759 4195; x_wconf 89' lang='lat' dir='ltr'><strong><em>ille</em></strong></span> <span class='ocrx_word' id='word_1_347' title='bbox 1786 4139 1867 4195; x_wconf 87' lang='lat' dir='ltr'><strong><em>his</em></strong></span> <span class='ocrx_word' id='word_1_348' title='bbox 1890 4139 2084 4194; x_wconf 88' lang='lat' dir='ltr'><strong><em>auditis</em></strong></span> 
     </span>
    </p>
   </div>
   <div class='ocr_carea' id='block_1_44' title="bbox 516 4231 2083 4307">
    <p class='ocr_par' dir='ltr' id='par_1_44' title="bbox 516 4231 2083 4307">
     <span class='ocr_line' id='line_1_44' title="bbox 516 4231 2083 4307; baseline -0.004 -15"><span class='ocrx_word' id='word_1_349' title='bbox 516 4254 622 4292; x_wconf 91' lang='lat' dir='ltr'><strong><em>non</em></strong></span> <span class='ocrx_word' id='word_1_350' title='bbox 654 4235 962 4307; x_wconf 87' lang='lat' dir='ltr'><strong><em>pudefactus</em></strong></span> <span class='ocrx_word' id='word_1_351' title='bbox 999 4245 1100 4300; x_wconf 86' lang='lat' dir='ltr'><strong><em>est,</em></strong></span> <span class='ocrx_word' id='word_1_352' title='bbox 1135 4249 1234 4289; x_wconf 90' lang='lat' dir='ltr'><strong><em>nec</em></strong></span> <span class='ocrx_word' id='word_1_353' title='bbox 1257 4233 1498 4299; x_wconf 85' lang='lat' dir='ltr'><strong><em>erubuit,</em></strong></span> <span class='ocrx_word' id='word_1_354' title='bbox 1527 4231 1618 4287; x_wconf 92' lang='lat' dir='ltr'><strong><em>sed</em></strong></span> <span class='ocrx_word' id='word_1_355' title='bbox 1646 4231 1906 4286; x_wconf 88' lang='lat' dir='ltr'><strong><em>inscitiam</em></strong></span> <span class='ocrx_word' id='word_1_356' title='bbox 1932 4246 2083 4286; x_wconf 91' lang='lat' dir='ltr'><strong><em>suam</em></strong></span> 
     </span>
    </p>
   </div>
   <div class='ocr_carea' id='block_1_45' title="bbox 519 4322 2083 4396">
    <p class='ocr_par' dir='ltr' id='par_1_45' title="bbox 519 4322 2083 4396">
     <span class='ocr_line' id='line_1_45' title="bbox 519 4322 2083 4396; baseline -0.005 -14"><span class='ocrx_word' id='word_1_357' title='bbox 519 4327 794 4382; x_wconf 82' lang='lat' dir='ltr'><strong><em>confessus</em></strong></span> <span class='ocrx_word' id='word_1_358' title='bbox 819 4335 900 4379; x_wconf 92' lang='lat' dir='ltr'><strong><em>est</em></strong></span> <span class='ocrx_word' id='word_1_359' title='bbox 926 4326 1142 4394; x_wconf 89' lang='lat' dir='ltr'><strong><em>aitque:</em></strong></span> <span class='ocrx_word' id='word_1_360' title='bbox 1173 4324 1392 4389; x_wconf 85' lang='lat' dir='ltr'><strong><em>Quinam</em></strong></span> <span class='ocrx_word' id='word_1_361' title='bbox 1430 4323 1643 4392; x_wconf 88' lang='lat' dir='ltr'><strong><em>possim,</em></strong></span> <span class='ocrx_word' id='word_1_362' title='bbox 1685 4322 1783 4376; x_wconf 89' lang='lat' dir='ltr'><strong><em>nisi</em></strong></span> <span class='ocrx_word' id='word_1_363' title='bbox 1810 4323 1921 4396; x_wconf 85' lang='lat' dir='ltr'><strong><em>quis</em></strong></span> <span class='ocrx_word' id='word_1_364' title='bbox 1958 4323 2083 4375; x_wconf 80' lang='lat' dir='ltr'><strong><em>mihi</em></strong></span> 
     </span>
    </p>
   </div>
   <div class='ocr_carea' id='block_1_46' title="bbox 513 4412 2082 4488">
    <p class='ocr_par' dir='ltr' id='par_1_46' title="bbox 513 4412 2082 4488">
     <span class='ocr_line' id='line_1_46' title="bbox 513 4412 2082 4488; baseline -0.004 -15"><span class='ocrx_word' id='word_1_365' title='bbox 513 4418 783 4474; x_wconf 85' lang='lat' dir='ltr'><strong><em>ostenderit</em></strong></span> <span class='ocrx_word' id='word_1_366' title='bbox 812 4415 914 4488; x_wconf 94' lang='lat' dir='ltr'><strong><em>(Ib.</em></strong></span> <span class='ocrx_word' id='word_1_367' title='bbox 943 4431 988 4470; x_wconf 86' lang='grc' dir='ltr'><strong><em>υ.</em></strong></span> <span class='ocrx_word' id='word_1_368' title='bbox 1021 4415 1148 4485; x_wconf 73' lang='lat'><strong><em>31)?</em></strong></span> <span class='ocrx_word' id='word_1_369' title='bbox 1175 4415 1308 4469; x_wconf 88' lang='lat' dir='ltr'><strong><em>Cum</em></strong></span> <span class='ocrx_word' id='word_1_370' title='bbox 1334 4415 1568 4469; x_wconf 91' lang='lat' dir='ltr'><strong><em>nondum</em></strong></span> <span class='ocrx_word' id='word_1_371' title='bbox 1594 4413 1811 4468; x_wconf 86' lang='lat' dir='ltr'><strong><em>haberet</em></strong></span> <span class='ocrx_word' id='word_1_372' title='bbox 1834 4413 1925 4483; x_wconf 91' lang='lat' dir='ltr'><strong><em>qui</em></strong></span> <span class='ocrx_word' id='word_1_373' title='bbox 1945 4412 2082 4467; x_wconf 88' lang='lat' dir='ltr'><strong><em>viam</em></strong></span> 
     </span>
    </p>
   </div>
   <div class='ocr_carea' id='block_1_47' title="bbox 511 4506 2082 4575">
    <p class='ocr_par' dir='ltr' id='par_1_47' title="bbox 511 4506 2082 4575">
     <span class='ocr_line' id='line_1_47' title="bbox 511 4506 2082 4575; baseline -0.003 -10"><span class='ocrx_word' id='word_1_374' title='bbox 511 4515 989 4572; x_wconf 84' lang='lat' dir='ltr'><strong><em>commonstraret,</em></strong></span> <span class='ocrx_word' id='word_1_375' title='bbox 1037 4516 1213 4560; x_wconf 88' lang='lat' dir='ltr'><strong><em>tamen</em></strong></span> <span class='ocrx_word' id='word_1_376' title='bbox 1267 4506 1493 4575; x_wconf 86' lang='lat' dir='ltr'><strong><em>legebat,</em></strong></span> <span class='ocrx_word' id='word_1_377' title='bbox 1534 4519 1706 4575; x_wconf 91' lang='lat' dir='ltr'><strong><em>eoque</em></strong></span> <span class='ocrx_word' id='word_1_378' title='bbox 1754 4506 1860 4559; x_wconf 92' lang='lat' dir='ltr'><strong><em>cito</em></strong></span> <span class='ocrx_word' id='word_1_379' title='bbox 1895 4519 2082 4560; x_wconf 89' lang='lat' dir='ltr'><strong><em>conse-</em></strong></span> 
     </span>
    </p>
   </div>
   <div class='ocr_carea' id='block_1_48' title="bbox 511 4596 2079 4671">
    <p class='ocr_par' dir='ltr' id='par_1_48' title="bbox 511 4596 2079 4671">
     <span class='ocr_line' id='line_1_48' title="bbox 511 4596 2079 4671; baseline -0.003 -16"><span class='ocrx_word' id='word_1_380' title='bbox 511 4610 706 4671; x_wconf 86' lang='lat' dir='ltr'><strong><em>quutus</em></strong></span> <span class='ocrx_word' id='word_1_381' title='bbox 735 4607 816 4654; x_wconf 92' lang='lat' dir='ltr'><strong><em>est</em></strong></span> <span class='ocrx_word' id='word_1_382' title='bbox 838 4597 1132 4652; x_wconf 87' lang='lat' dir='ltr'><strong><em>ductorem.</em></strong></span> <span class='ocrx_word' id='word_1_383' title='bbox 1161 4596 1316 4651; x_wconf 81' lang='lat' dir='ltr'><strong><em>Novit</em></strong></span> <span class='ocrx_word' id='word_1_384' title='bbox 1337 4611 1652 4667; x_wconf 89' lang='lat' dir='ltr'><strong><em>propensam</em></strong></span> <span class='ocrx_word' id='word_1_385' title='bbox 1682 4596 1822 4651; x_wconf 92' lang='lat' dir='ltr'><strong><em>illius</em></strong></span> <span class='ocrx_word' id='word_1_386' title='bbox 1851 4596 2079 4651; x_wconf 90' lang='lat' dir='ltr'><strong><em>animam</em></strong></span> 
     </span>
    </p>
   </div>
   <div class='ocr_carea' id='block_1_49' title="bbox 511 4687 2078 4758">
    <p class='ocr_par' dir='ltr' id='par_1_49' title="bbox 511 4687 2078 4758">
     <span class='ocr_line' id='line_1_49' title="bbox 511 4687 2078 4758; baseline -0.003 -11"><span class='ocrx_word' id='word_1_387' title='bbox 511 4693 688 4758; x_wconf 89' lang='lat' dir='ltr'><strong><em>Deus,</em></strong></span> <span class='ocrx_word' id='word_1_388' title='bbox 743 4690 974 4745; x_wconf 89' lang='lat' dir='ltr'><strong><em>studium</em></strong></span> <span class='ocrx_word' id='word_1_389' title='bbox 1020 4689 1294 4758; x_wconf 81' lang='lat' dir='ltr'><strong><em>amplexus</em></strong></span> <span class='ocrx_word' id='word_1_390' title='bbox 1337 4696 1451 4752; x_wconf 91' lang='lat' dir='ltr'><strong><em>est,</em></strong></span> <span class='ocrx_word' id='word_1_391' title='bbox 1497 4687 1641 4742; x_wconf 91' lang='lat' dir='ltr'><strong><em>misit</em></strong></span> <span class='ocrx_word' id='word_1_392' title='bbox 1678 4687 1752 4742; x_wconf 91' lang='lat' dir='ltr'><strong><em>illi</em></strong></span> <span class='ocrx_word' id='word_1_393' title='bbox 1806 4689 2078 4742; x_wconf 90' lang='lat' dir='ltr'><strong><em>doctorem</em></strong></span> 
     </span>
    </p>
   </div>
   <div class='ocr_carea' id='block_1_50' title="bbox 509 4777 2079 4850">
    <p class='ocr_par' dir='ltr' id='par_1_50' title="bbox 509 4777 2079 4850">
     <span class='ocr_line' id='line_1_50' title="bbox 509 4777 2079 4850; baseline -0.003 -12"><span class='ocrx_word' id='word_1_394' title='bbox 509 4782 670 4838; x_wconf 92' lang='lat' dir='ltr'><strong><em>illico.</em></strong></span> <span class='ocrx_word' id='word_1_395' title='bbox 704 4781 899 4836; x_wconf 80' lang='lat' dir='ltr'><strong><em>Verum</em></strong></span> <span class='ocrx_word' id='word_1_396' title='bbox 930 4795 1036 4834; x_wconf 89' lang='lat' dir='ltr'><strong><em>non</em></strong></span> <span class='ocrx_word' id='word_1_397' title='bbox 1074 4779 1226 4834; x_wconf 77' lang='lat' dir='ltr'><strong><em>adest</em></strong></span> <span class='ocrx_word' id='word_1_398' title='bbox 1251 4779 1524 4848; x_wconf 87' lang='lat' dir='ltr'><strong><em>Philippus</em></strong></span> <span class='ocrx_word' id='word_1_399' title='bbox 1556 4795 1569 4832; x_wconf 89' lang='lat'><strong><em>:</em></strong></span> <span class='ocrx_word' id='word_1_400' title='bbox 1601 4777 1696 4833; x_wconf 89' lang='lat' dir='ltr'><strong><em>sed</em></strong></span> <span class='ocrx_word' id='word_1_401' title='bbox 1739 4777 1966 4850; x_wconf 88' lang='lat' dir='ltr'><strong><em>Spiritus</em></strong></span> <span class='ocrx_word' id='word_1_402' title='bbox 1990 4779 2079 4849; x_wconf 90' lang='lat' dir='ltr'><strong><em>qui</em></strong></span> 
     </span>
    </p>
   </div>
   <div class='ocr_carea' id='block_1_51' title="bbox 510 4870 2076 4942">
    <p class='ocr_par' dir='ltr' id='par_1_51' title="bbox 510 4870 2076 4942">
     <span class='ocr_line' id='line_1_51' title="bbox 510 4870 2076 4942; baseline -0.003 -11"><span class='ocrx_word' id='word_1_403' title='bbox 510 4883 749 4931; x_wconf 88' lang='lat' dir='ltr'><strong><em>moverat</em></strong></span> <span class='ocrx_word' id='word_1_404' title='bbox 775 4873 1076 4942; x_wconf 88' lang='lat' dir='ltr'><strong><em>Philippum</em></strong></span> <span class='ocrx_word' id='word_1_405' title='bbox 1112 4871 1280 4926; x_wconf 88' lang='lat' dir='ltr'><strong><em>adest.</em></strong></span> <span class='ocrx_word' id='word_1_406' title='bbox 1312 4870 1387 4925; x_wconf 88' lang='lat' dir='ltr'><strong><em>Ne</em></strong></span> <span class='ocrx_word' id='word_1_407' title='bbox 1413 4871 1803 4942; x_wconf 79' lang='lat' dir='ltr'><strong><em>neglexerimus</em></strong></span> <span class='ocrx_word' id='word_1_408' title='bbox 1843 4879 2076 4926; x_wconf 87' lang='lat' dir='ltr'><strong><em>nostram</em></strong></span> 
     </span>
    </p>
   </div>
   <div class='ocr_carea' id='block_1_52' title="bbox 508 4963 2076 5034">
    <p class='ocr_par' dir='ltr' id='par_1_52' title="bbox 508 4963 2076 5034">
     <span class='ocr_line' id='line_1_52' title="bbox 508 4963 2076 5034; baseline -0.004 -10"><span class='ocrx_word' id='word_1_409' title='bbox 508 4971 758 5032; x_wconf 86' lang='lat' dir='ltr'><strong><em>salutem,</em></strong></span> <span class='ocrx_word' id='word_1_410' title='bbox 787 4963 1150 5021; x_wconf 88' lang='lat' dir='ltr'><strong><em>dilectissimi:</em></strong></span> <span class='ocrx_word' id='word_1_411' title='bbox 1179 4965 1292 5019; x_wconf 72' lang='lat' dir='ltr'><strong><em>haec</em></strong></span> <span class='ocrx_word' id='word_1_412' title='bbox 1312 4965 1486 5019; x_wconf 90' lang='lat' dir='ltr'><strong><em>omnia</em></strong></span> <span class='ocrx_word' id='word_1_413' title='bbox 1517 4963 1722 5032; x_wconf 86' lang='lat' dir='ltr'><strong><em>Scripta</em></strong></span> <span class='ocrx_word' id='word_1_414' title='bbox 1740 4972 1852 5018; x_wconf 87' lang='lat' dir='ltr'><strong><em>sunt</em></strong></span> <span class='ocrx_word' id='word_1_415' title='bbox 1873 4972 2076 5034; x_wconf 83' lang='lat' dir='ltr'><strong><em>propter</em></strong></span> 
     </span>
    </p>
   </div>
   <div class='ocr_carea' id='block_1_53' title="bbox 508 5054 2075 5124">
    <p class='ocr_par' dir='ltr' id='par_1_53' title="bbox 508 5054 2075 5124">
     <span class='ocr_line' id='line_1_53' title="bbox 508 5054 2075 5124; baseline -0.004 -11"><span class='ocrx_word' id='word_1_416' title='bbox 508 5077 597 5115; x_wconf 90' lang='lat' dir='ltr'><strong><em>nos</em></strong></span> <span class='ocrx_word' id='word_1_417' title='bbox 631 5057 697 5111; x_wconf 84' lang='lat' dir='ltr'><strong><em>ad</em></strong></span> <span class='ocrx_word' id='word_1_418' title='bbox 739 5057 1094 5110; x_wconf 84' lang='lat' dir='ltr'><strong><em>correctionem</em></strong></span> <span class='ocrx_word' id='word_1_419' title='bbox 1136 5055 1313 5121; x_wconf 86' lang='lat' dir='ltr'><strong><em>nostri,</em></strong></span> <span class='ocrx_word' id='word_1_420' title='bbox 1361 5055 1415 5108; x_wconf 91' lang='lat' dir='ltr'><strong><em>in</em></strong></span> <span class='ocrx_word' id='word_1_421' title='bbox 1457 5069 1580 5124; x_wconf 89' lang='lat' dir='ltr'><strong><em>quos</em></strong></span> <span class='ocrx_word' id='word_1_422' title='bbox 1611 5054 1736 5122; x_wconf 78' lang='lat' dir='ltr'><strong><em>lines</em></strong></span> <span class='ocrx_word' id='word_1_423' title='bbox 1777 5055 2075 5108; x_wconf 67' lang='lat' dir='ltr'><strong><em>saeculorum</em></strong></span> 
     </span>
    </p>
   </div>
   <div class='ocr_carea' id='block_1_54' title="bbox 505 5145 1299 5218">
    <p class='ocr_par' dir='ltr' id='par_1_54' title="bbox 505 5145 1299 5218">
     <span class='ocr_line' id='line_1_54' title="bbox 505 5145 1299 5218; baseline -0.006 -14"><span class='ocrx_word' id='word_1_424' title='bbox 505 5151 804 5204; x_wconf 76' lang='lat' dir='ltr'><strong><em>devenerunt</em></strong></span> <span class='ocrx_word' id='word_1_425' title='bbox 830 5147 908 5218; x_wconf 81' lang='grc'><strong><em>(1.</em></strong></span> <span class='ocrx_word' id='word_1_426' title='bbox 937 5146 1053 5202; x_wconf 87' lang='lat' dir='ltr'><strong><em>Cor.</em></strong></span> <span class='ocrx_word' id='word_1_427' title='bbox 1078 5145 1164 5202; x_wconf 73' lang='lat'><strong><em>10.</em></strong></span> <span class='ocrx_word' id='word_1_428' title='bbox 1187 5145 1299 5217; x_wconf 82' lang='grc' dir='ltr'><strong><em>Η).</em></strong></span> 
     </span>
    </p>
   </div>
   <div class='ocr_carea' id='block_1_55' title="bbox 575 5236 2074 5312">
    <p class='ocr_par' dir='ltr' id='par_1_55' title="bbox 575 5236 2074 5312">
     <span class='ocr_line' id='line_1_55' title="bbox 575 5236 2074 5312; baseline -0.003 -17"><span class='ocrx_word' id='word_1_429' title='bbox 575 5240 836 5312; x_wconf 85' lang='lat' dir='ltr'><strong><em>Ignoratio</em></strong></span> <span class='ocrx_word' id='word_1_430' title='bbox 876 5240 1158 5310; x_wconf 82' lang='lat' dir='ltr'><strong><em>Scripturte</em></strong></span> <span class='ocrx_word' id='word_1_431' title='bbox 1198 5239 1407 5293; x_wconf 64' lang='lat' dir='ltr'><strong><em>haereses</em></strong></span> <span class='ocrx_word' id='word_1_432' title='bbox 1446 5239 1598 5308; x_wconf 87' lang='lat' dir='ltr'><strong><em>parit.</em></strong></span> <span class='ocrx_word' id='word_1_433' title='bbox 1641 5266 1713 5278; x_wconf 93' lang='lat'><strong><em>—</em></strong></span> <span class='ocrx_word' id='word_1_434' title='bbox 1758 5237 1942 5306; x_wconf 84' lang='lat' dir='ltr'><strong><em>Magna</em></strong></span> <span class='ocrx_word' id='word_1_435' title='bbox 1977 5236 2074 5291; x_wconf 88' lang='lat' dir='ltr'><strong><em>ad-</em></strong></span> 
     </span>
    </p>
   </div>
   <div class='ocr_carea' id='block_1_56' title="bbox 505 5327 2069 5402">
    <p class='ocr_par' dir='ltr' id='par_1_56' title="bbox 505 5327 2069 5402">
     <span class='ocr_line' id='line_1_56' title="bbox 505 5327 2069 5402; baseline -0.004 -15"><span class='ocrx_word' id='word_1_436' title='bbox 505 5347 692 5388; x_wconf 87' lang='lat' dir='ltr'><strong><em>versus</em></strong></span> <span class='ocrx_word' id='word_1_437' title='bbox 728 5340 998 5402; x_wconf 88' lang='lat' dir='ltr'><strong><em>peccatum</em></strong></span> <span class='ocrx_word' id='word_1_438' title='bbox 1043 5329 1266 5384; x_wconf 91' lang='lat' dir='ltr'><strong><em>munitio</em></strong></span> <span class='ocrx_word' id='word_1_439' title='bbox 1312 5337 1393 5385; x_wconf 90' lang='lat' dir='ltr'><strong><em>est</em></strong></span> <span class='ocrx_word' id='word_1_440' title='bbox 1447 5329 1834 5398; x_wconf 88' lang='lat' dir='ltr'><strong><em>Scripturarum</em></strong></span> <span class='ocrx_word' id='word_1_441' title='bbox 1874 5327 2069 5381; x_wconf 91' lang='lat' dir='ltr'><strong><em>lectio:</em></strong></span> 
     </span>
    </p>
   </div>
   <div class='ocr_carea' id='block_1_57' title="bbox 505 5416 2075 5492">
    <p class='ocr_par' dir='ltr' id='par_1_57' title="bbox 505 5416 2075 5492">
     <span class='ocr_line' id='line_1_57' title="bbox 505 5416 2075 5492; baseline -0.004 -13"><span class='ocrx_word' id='word_1_442' title='bbox 505 5437 752 5492; x_wconf 85' lang='lat' dir='ltr'><strong><em>magnum</em></strong></span> <span class='ocrx_word' id='word_1_443' title='bbox 808 5420 1174 5490; x_wconf 68' lang='lat' dir='ltr'><strong><em>prmcipitium,</em></strong></span> <span class='ocrx_word' id='word_1_444' title='bbox 1227 5419 1542 5489; x_wconf 88' lang='lat' dir='ltr'><strong><em>profundum</em></strong></span> <span class='ocrx_word' id='word_1_445' title='bbox 1588 5418 1892 5472; x_wconf 89' lang='lat' dir='ltr'><strong><em>barathrum</em></strong></span> <span class='ocrx_word' id='word_1_446' title='bbox 1930 5416 2075 5473; x_wconf 85' lang='lat' dir='ltr'><strong><em>Scri-</em></strong></span> 
     </span>
    </p>
   </div>
   <div class='ocr_carea' id='block_1_58' title="bbox 507 5510 2071 5586">
    <p class='ocr_par' dir='ltr' id='par_1_58' title="bbox 507 5510 2071 5586">
     <span class='ocr_line' id='line_1_58' title="bbox 507 5510 2071 5586; baseline -0.002 -17"><span class='ocrx_word' id='word_1_447' title='bbox 507 5525 778 5586; x_wconf 84' lang='lat' dir='ltr'><strong><em>pturarum</em></strong></span> <span class='ocrx_word' id='word_1_448' title='bbox 806 5515 1080 5584; x_wconf 85' lang='lat' dir='ltr'><strong><em>ignoratio,</em></strong></span> <span class='ocrx_word' id='word_1_449' title='bbox 1103 5528 1287 5583; x_wconf 86' lang='lat' dir='ltr'><strong><em>magna</em></strong></span> <span class='ocrx_word' id='word_1_450' title='bbox 1319 5513 1503 5568; x_wconf 85' lang='lat' dir='ltr'><strong><em>salutis</em></strong></span> <span class='ocrx_word' id='word_1_451' title='bbox 1526 5511 1750 5581; x_wconf 87' lang='lat' dir='ltr'><strong><em>perditio</em></strong></span> <span class='ocrx_word' id='word_1_452' title='bbox 1777 5510 1908 5564; x_wconf 89' lang='lat' dir='ltr'><strong><em>nihil</em></strong></span> <span class='ocrx_word' id='word_1_453' title='bbox 1935 5510 2071 5566; x_wconf 91' lang='lat' dir='ltr'><strong><em>scire</em></strong></span> 
     </span>
    </p>
   </div>
   <div class='ocr_carea' id='block_1_59' title="bbox 503 5601 2068 5672">
    <p class='ocr_par' dir='ltr' id='par_1_59' title="bbox 503 5601 2068 5672">
     <span class='ocr_line' id='line_1_59' title="bbox 503 5601 2068 5672; baseline -0.003 -14"><span class='ocrx_word' id='word_1_454' title='bbox 503 5621 568 5659; x_wconf 75' lang='lat' dir='ltr'><strong><em>ex</em></strong></span> <span class='ocrx_word' id='word_1_455' title='bbox 608 5603 800 5658; x_wconf 87' lang='lat' dir='ltr'><strong><em>divinis</em></strong></span> <span class='ocrx_word' id='word_1_456' title='bbox 839 5603 1042 5672; x_wconf 87' lang='lat' dir='ltr'><strong><em>legibus</em></strong></span> <span class='ocrx_word' id='word_1_457' title='bbox 1079 5619 1092 5656; x_wconf 90' lang='lat'><strong><em>:</em></strong></span> <span class='ocrx_word' id='word_1_458' title='bbox 1138 5618 1200 5658; x_wconf 90' lang='lat' dir='ltr'><strong><em>ea</em></strong></span> <span class='ocrx_word' id='word_1_459' title='bbox 1244 5618 1330 5658; x_wconf 91' lang='lat' dir='ltr'><strong><em>res</em></strong></span> <span class='ocrx_word' id='word_1_460' title='bbox 1369 5612 1423 5657; x_wconf 91' lang='lat' dir='ltr'><strong><em>et</em></strong></span> <span class='ocrx_word' id='word_1_461' title='bbox 1466 5603 1695 5657; x_wconf 73' lang='lat' dir='ltr'><strong><em>bmreses</em></strong></span> <span class='ocrx_word' id='word_1_462' title='bbox 1731 5601 1966 5670; x_wconf 83' lang='lat' dir='ltr'><strong><em>peperit,</em></strong></span> <span class='ocrx_word' id='word_1_463' title='bbox 2007 5615 2068 5654; x_wconf 86' lang='lat' dir='ltr'><strong><em>ea</em></strong></span> 
     </span>
    </p>
   </div>
   <div class='ocr_carea' id='block_1_60' title="bbox 497 5692 2068 5762">
    <p class='ocr_par' dir='ltr' id='par_1_60' title="bbox 497 5692 2068 5762">
     <span class='ocr_line' id='line_1_60' title="bbox 497 5692 2068 5762; baseline 0 -15"><span class='ocrx_word' id='word_1_464' title='bbox 497 5694 976 5762; x_wconf 83' lang='lat' dir='ltr'><strong><em>vitamcorruptam</em></strong></span> <span class='ocrx_word' id='word_1_465' title='bbox 1001 5693 1214 5759; x_wconf 73' lang='lat' dir='ltr'><strong><em>invexit,</em></strong></span> <span class='ocrx_word' id='word_1_466' title='bbox 1246 5695 1342 5748; x_wconf 82' lang='lat' dir='ltr'><strong><em>hoc</em></strong></span> <span class='ocrx_word' id='word_1_467' title='bbox 1365 5710 1570 5749; x_wconf 85' lang='lat' dir='ltr'><strong><em>sursum</em></strong></span> <span class='ocrx_word' id='word_1_468' title='bbox 1589 5693 1834 5747; x_wconf 86' lang='lat' dir='ltr'><strong><em>deorsum</em></strong></span> <span class='ocrx_word' id='word_1_469' title='bbox 1859 5692 2068 5747; x_wconf 86' lang='lat' dir='ltr'><strong><em>miscuit</em></strong></span> 
     </span>
    </p>
   </div>
   <div class='ocr_carea' id='block_1_61' title="bbox 1265 301 3728 371">
    <p class='ocr_par' dir='ltr' id='par_1_61' title="bbox 1265 301 3728 371">
     <span class='ocr_line' id='line_1_61' title="bbox 1265 301 3728 371; baseline -0.002 -8"><span class='ocrx_word' id='word_1_470' title='bbox 1265 307 1321 363; x_wconf 90' lang='lat' dir='ltr'><strong><em>S.</em></strong></span> <span class='ocrx_word' id='word_1_471' title='bbox 1361 305 1635 364; x_wconf 76' lang='lat' dir='ltr'><strong><em>JOANNIS</em></strong></span> <span class='ocrx_word' id='word_1_472' title='bbox 1669 303 2138 360; x_wconf 78' lang='lat' dir='ltr'><strong><em>CHRYSOSTOMI</em></strong></span> <span class='ocrx_word' id='word_1_473' title='bbox 2175 303 2491 359; x_wconf 76' lang='lat' dir='ltr'><strong><em>ARClllEP.</em></strong></span> <span class='ocrx_word' id='word_1_474' title='bbox 2532 301 3070 358; x_wconf 78' lang='lat' dir='ltr'><strong><em>CONSTANTINOP.</em></strong></span> <span class='ocrx_word' id='word_1_475' title='bbox 3643 314 3728 371; x_wconf 70' lang='lat'><strong><em>996</em></strong></span> 
     </span>
    </p>
   </div>
   <div class='ocr_carea' id='block_1_62' title="bbox 2209 413 3732 491">
    <p class='ocr_par' dir='ltr' id='par_1_62' title="bbox 2209 413 3732 491">
     <span class='ocr_line' id='line_1_62' title="bbox 2209 413 3732 491; baseline 0.006 -23"><span class='ocrx_word' id='word_1_476' title='bbox 2209 415 2408 468; x_wconf 88' lang='lat' dir='ltr'><strong><em>omnia.</em></strong></span> <span class='ocrx_word' id='word_1_477' title='bbox 2450 413 2581 468; x_wconf 90' lang='lat' dir='ltr'><strong><em>Nam</em></strong></span> <span class='ocrx_word' id='word_1_478' title='bbox 2621 414 2733 468; x_wconf 80' lang='lat' dir='ltr'><strong><em>fieri</em></strong></span> <span class='ocrx_word' id='word_1_479' title='bbox 2764 429 2868 469; x_wconf 92' lang='lat' dir='ltr'><strong><em>non</em></strong></span> <span class='ocrx_word' id='word_1_480' title='bbox 2910 423 3105 484; x_wconf 89' lang='lat' dir='ltr'><strong><em>potest,</em></strong></span> <span class='ocrx_word' id='word_1_481' title='bbox 3154 429 3256 470; x_wconf 92' lang='lat' dir='ltr'><strong><em>non</em></strong></span> <span class='ocrx_word' id='word_1_482' title='bbox 3301 425 3492 486; x_wconf 89' lang='lat' dir='ltr'><strong><em>potest,</em></strong></span> <span class='ocrx_word' id='word_1_483' title='bbox 3531 420 3732 491; x_wconf 85' lang='lat' dir='ltr'><strong><em>inquam,</em></strong></span> 
     </span>
    </p>
   </div>
   <div class='ocr_carea' id='block_1_63' title="bbox 2203 504 3736 579">
    <p class='ocr_par' dir='ltr' id='par_1_63' title="bbox 2203 504 3736 579">
     <span class='ocr_line' id='line_1_63' title="bbox 2203 504 3736 579; baseline 0.008 -20"><span class='ocrx_word' id='word_1_484' title='bbox 2203 504 2337 571; x_wconf 84' lang='lat' dir='ltr'><strong><em>ﬁeri,</em></strong></span> <span class='ocrx_word' id='word_1_485' title='bbox 2367 513 2425 559; x_wconf 90' lang='lat' dir='ltr'><strong><em>ut</em></strong></span> <span class='ocrx_word' id='word_1_486' title='bbox 2466 505 2584 574; x_wconf 91' lang='lat' dir='ltr'><strong><em>quis</em></strong></span> <span class='ocrx_word' id='word_1_487' title='bbox 2613 506 2728 560; x_wconf 91' lang='lat' dir='ltr'><strong><em>sine</em></strong></span> <span class='ocrx_word' id='word_1_488' title='bbox 2755 506 2923 561; x_wconf 89' lang='lat' dir='ltr'><strong><em>fructu</em></strong></span> <span class='ocrx_word' id='word_1_489' title='bbox 2959 507 3218 574; x_wconf 86' lang='lat' dir='ltr'><strong><em>discedat,</em></strong></span> <span class='ocrx_word' id='word_1_490' title='bbox 3245 509 3333 579; x_wconf 87' lang='lat' dir='ltr'><strong><em>qui</em></strong></span> <span class='ocrx_word' id='word_1_491' title='bbox 3362 511 3564 566; x_wconf 88' lang='lat' dir='ltr'><strong><em>assidua</em></strong></span> <span class='ocrx_word' id='word_1_492' title='bbox 3591 525 3736 571; x_wconf 88' lang='lat' dir='ltr'><strong><em>atten-</em></strong></span> 
     </span>
    </p>
   </div>
   <div class='ocr_carea' id='block_1_64' title="bbox 2203 594 3737 670">
    <p class='ocr_par' dir='ltr' id='par_1_64' title="bbox 2203 594 3737 670">
     <span class='ocr_line' id='line_1_64' title="bbox 2203 594 3737 670; baseline 0.007 -22"><span class='ocrx_word' id='word_1_493' title='bbox 2203 602 2362 664; x_wconf 88' lang='lat' dir='ltr'><strong><em>taque</em></strong></span> <span class='ocrx_word' id='word_1_494' title='bbox 2387 595 2616 650; x_wconf 88' lang='lat' dir='ltr'><strong><em>lectione</em></strong></span> <span class='ocrx_word' id='word_1_495' title='bbox 2641 594 2861 650; x_wconf 83' lang='lat' dir='ltr'><strong><em>fruatur.</em></strong></span> <span class='ocrx_word' id='word_1_496' title='bbox 2885 597 3020 652; x_wconf 87' lang='lat' dir='ltr'><strong><em>Ecce</em></strong></span> <span class='ocrx_word' id='word_1_497' title='bbox 3039 612 3140 652; x_wconf 89' lang='lat' dir='ltr'><strong><em>una</em></strong></span> <span class='ocrx_word' id='word_1_498' title='bbox 3163 599 3430 666; x_wconf 86' lang='lat' dir='ltr'><strong><em>parabola,</em></strong></span> <span class='ocrx_word' id='word_1_499' title='bbox 3457 617 3605 670; x_wconf 84' lang='lat' dir='ltr'><strong><em>quam</em></strong></span> <span class='ocrx_word' id='word_1_500' title='bbox 3627 608 3737 658; x_wconf 92' lang='lat' dir='ltr'><strong><em>mul-</em></strong></span> 
     </span>
    </p>
   </div>
   <div class='ocr_carea' id='block_1_65' title="bbox 2203 685 3735 758">
    <p class='ocr_par' dir='ltr' id='par_1_65' title="bbox 2203 685 3735 758">
     <span class='ocr_line' id='line_1_65' title="bbox 2203 685 3735 758; baseline 0.006 -18"><span class='ocrx_word' id='word_1_501' title='bbox 2203 685 2438 755; x_wconf 90' lang='lat' dir='ltr'><strong><em>tiplicem</em></strong></span> <span class='ocrx_word' id='word_1_502' title='bbox 2472 686 2626 741; x_wconf 89' lang='lat' dir='ltr'><strong><em>nobis</em></strong></span> <span class='ocrx_word' id='word_1_503' title='bbox 2668 687 2842 741; x_wconf 91' lang='lat' dir='ltr'><strong><em>attulit</em></strong></span> <span class='ocrx_word' id='word_1_504' title='bbox 2879 688 3194 742; x_wconf 88' lang='lat' dir='ltr'><strong><em>utilitatem?</em></strong></span> <span class='ocrx_word' id='word_1_505' title='bbox 3237 690 3502 758; x_wconf 90' lang='lat' dir='ltr'><strong><em>quomodo</em></strong></span> <span class='ocrx_word' id='word_1_506' title='bbox 3537 695 3735 749; x_wconf 85' lang='lat' dir='ltr'><strong><em>animam</em></strong></span> 
     </span>
    </p>
   </div>
   <div class='ocr_carea' id='block_1_66' title="bbox 2207 779 3733 851">
    <p class='ocr_par' dir='ltr' id='par_1_66' title="bbox 2207 779 3733 851">
     <span class='ocr_line' id='line_1_66' title="bbox 2207 779 3733 851; baseline 0.005 -19"><span class='ocrx_word' id='word_1_507' title='bbox 2207 787 2440 833; x_wconf 89' lang='lat' dir='ltr'><strong><em>nostram</em></strong></span> <span class='ocrx_word' id='word_1_508' title='bbox 2469 779 2741 833; x_wconf 88' lang='lat' dir='ltr'><strong><em>meliorem</em></strong></span> <span class='ocrx_word' id='word_1_509' title='bbox 2764 780 3026 835; x_wconf 85' lang='lat' dir='ltr'><strong><em>reddidit?</em></strong></span> <span class='ocrx_word' id='word_1_510' title='bbox 3040 780 3172 834; x_wconf 86' lang='lat' dir='ltr'><strong><em>Nam</em></strong></span> <span class='ocrx_word' id='word_1_511' title='bbox 3189 782 3488 851; x_wconf 89' lang='lat' dir='ltr'><strong><em>complures</em></strong></span> <span class='ocrx_word' id='word_1_512' title='bbox 3504 825 3518 848; x_wconf 93' lang='lat'><strong><em>,</em></strong></span> <span class='ocrx_word' id='word_1_513' title='bbox 3535 794 3609 838; x_wconf 83' lang='lat' dir='ltr'><strong><em>sat</em></strong></span> <span class='ocrx_word' id='word_1_514' title='bbox 3627 788 3733 848; x_wconf 84' lang='lat' dir='ltr'><strong><em>scio.</em></strong></span> 
     </span>
    </p>
   </div>
   <div class='ocr_carea' id='block_1_67' title="bbox 2203 868 3735 940">
    <p class='ocr_par' dir='ltr' id='par_1_67' title="bbox 2203 868 3735 940">
     <span class='ocr_line' id='line_1_67' title="bbox 2203 868 3735 940; baseline 0.005 -18"><span class='ocrx_word' id='word_1_515' title='bbox 2203 879 2346 934; x_wconf 81' lang='lat' dir='ltr'><strong><em>sunt,</em></strong></span> <span class='ocrx_word' id='word_1_516' title='bbox 2378 868 2468 938; x_wconf 91' lang='lat' dir='ltr'><strong><em>qui</em></strong></span> <span class='ocrx_word' id='word_1_517' title='bbox 2495 884 2562 924; x_wconf 82' lang='lat' dir='ltr'><strong><em>ex</em></strong></span> <span class='ocrx_word' id='word_1_518' title='bbox 2590 868 2674 924; x_wconf 92' lang='lat' dir='ltr'><strong><em>bis</em></strong></span> <span class='ocrx_word' id='word_1_519' title='bbox 2713 871 3044 926; x_wconf 88' lang='lat' dir='ltr'><strong><em>sermonibus</em></strong></span> <span class='ocrx_word' id='word_1_520' title='bbox 3073 871 3344 940; x_wconf 87' lang='lat' dir='ltr'><strong><em>copiosam</em></strong></span> <span class='ocrx_word' id='word_1_521' title='bbox 3379 873 3638 928; x_wconf 84' lang='lat' dir='ltr'><strong><em>utilitatem</em></strong></span> <span class='ocrx_word' id='word_1_522' title='bbox 3678 877 3735 930; x_wconf 86' lang='lat' dir='ltr'><strong><em>le-</em></strong></span> 
     </span>
    </p>
   </div>
   <div class='ocr_carea' id='block_1_68' title="bbox 2202 961 3741 1033">
    <p class='ocr_par' dir='ltr' id='par_1_68' title="bbox 2202 961 3741 1033">
     <span class='ocr_line' id='line_1_68' title="bbox 2202 961 3741 1033; baseline 0.005 -19"><span class='ocrx_word' id='word_1_523' title='bbox 2202 969 2384 1016; x_wconf 88' lang='lat' dir='ltr'><strong><em>rentes</em></strong></span> <span class='ocrx_word' id='word_1_524' title='bbox 2422 961 2685 1016; x_wconf 89' lang='lat' dir='ltr'><strong><em>abierunt.</em></strong></span> <span class='ocrx_word' id='word_1_525' title='bbox 2727 961 2876 1028; x_wconf 91' lang='lat' dir='ltr'><strong><em>Quod</em></strong></span> <span class='ocrx_word' id='word_1_526' title='bbox 2903 962 2946 1016; x_wconf 93' lang='lat' dir='ltr'><strong><em>si</em></strong></span> <span class='ocrx_word' id='word_1_527' title='bbox 2987 962 3075 1032; x_wconf 88' lang='lat' dir='ltr'><strong><em>qui</em></strong></span> <span class='ocrx_word' id='word_1_528' title='bbox 3102 971 3244 1027; x_wconf 91' lang='lat' dir='ltr'><strong><em>sunt,</em></strong></span> <span class='ocrx_word' id='word_1_529' title='bbox 3275 963 3364 1032; x_wconf 90' lang='lat' dir='ltr'><strong><em>qui</em></strong></span> <span class='ocrx_word' id='word_1_530' title='bbox 3408 978 3511 1018; x_wconf 91' lang='lat' dir='ltr'><strong><em>non</em></strong></span> <span class='ocrx_word' id='word_1_531' title='bbox 3553 967 3741 1033; x_wconf 81' lang='lat' dir='ltr'><strong><em>pet-inde</em></strong></span> 
     </span>
    </p>
   </div>
   <div class='ocr_carea' id='block_1_69' title="bbox 2204 1054 3740 1125">
    <p class='ocr_par' dir='ltr' id='par_1_69' title="bbox 2204 1054 3740 1125">
     <span class='ocr_line' id='line_1_69' title="bbox 2204 1054 3740 1125; baseline 0.001 -17"><span class='ocrx_word' id='word_1_532' title='bbox 2204 1069 2451 1124; x_wconf 90' lang='lat' dir='ltr'><strong><em>magnum</em></strong></span> <span class='ocrx_word' id='word_1_533' title='bbox 2502 1054 2727 1108; x_wconf 84' lang='lat' dir='ltr'><strong><em>fructum</em></strong></span> <span class='ocrx_word' id='word_1_534' title='bbox 2772 1065 3129 1123; x_wconf 88' lang='lat' dir='ltr'><strong><em>reportarunt,</em></strong></span> <span class='ocrx_word' id='word_1_535' title='bbox 3161 1063 3394 1110; x_wconf 89' lang='lat' dir='ltr'><strong><em>attamen</em></strong></span> <span class='ocrx_word' id='word_1_536' title='bbox 3439 1070 3501 1108; x_wconf 91' lang='lat' dir='ltr'><strong><em>eo</em></strong></span> <span class='ocrx_word' id='word_1_537' title='bbox 3541 1056 3618 1110; x_wconf 87' lang='lat' dir='ltr'><strong><em>die</em></strong></span> <span class='ocrx_word' id='word_1_538' title='bbox 3655 1073 3740 1125; x_wconf 87' lang='lat' dir='ltr'><strong><em>quo</em></strong></span> 
     </span>
    </p>
   </div>
   <div class='ocr_carea' id='block_1_70' title="bbox 2203 1143 3734 1210">
    <p class='ocr_par' dir='ltr' id='par_1_70' title="bbox 2203 1143 3734 1210">
     <span class='ocr_line' id='line_1_70' title="bbox 2203 1143 3734 1210; baseline 0.002 -12"><span class='ocrx_word' id='word_1_539' title='bbox 2203 1145 2357 1199; x_wconf 88' lang='lat' dir='ltr'><strong><em>nobis</em></strong></span> <span class='ocrx_word' id='word_1_540' title='bbox 2385 1143 2660 1200; x_wconf 87' lang='lat' dir='ltr'><strong><em>audiendis</em></strong></span> <span class='ocrx_word' id='word_1_541' title='bbox 2687 1154 2970 1210; x_wconf 89' lang='lat' dir='ltr'><strong><em>vacarunt,</em></strong></span> <span class='ocrx_word' id='word_1_542' title='bbox 3002 1146 3218 1200; x_wconf 90' lang='lat' dir='ltr'><strong><em>omnino</em></strong></span> <span class='ocrx_word' id='word_1_543' title='bbox 3248 1146 3495 1201; x_wconf 85' lang='lat' dir='ltr'><strong><em>meliores</em></strong></span> <span class='ocrx_word' id='word_1_544' title='bbox 3539 1146 3734 1201; x_wconf 85' lang='lat' dir='ltr'><strong><em>luerunt.</em></strong></span> 
     </span>
    </p>
   </div>
   <div class='ocr_carea' id='block_1_71' title="bbox 2202 1223 3738 1307">
    <p class='ocr_par' dir='ltr' id='par_1_71' title="bbox 2202 1223 3738 1307">
     <span class='ocr_line' id='line_1_71' title="bbox 2202 1223 3738 1307; baseline -0.001 -17"><span class='ocrx_word' id='word_1_545' title='bbox 2202 1234 2315 1290; x_wconf 87' lang='lat' dir='ltr'><strong><em>Non</em></strong></span> <span class='ocrx_word' id='word_1_546' title='bbox 2335 1244 2511 1290; x_wconf 86' lang='lat' dir='ltr'><strong><em>autem</em></strong></span> <span class='ocrx_word' id='word_1_547' title='bbox 2537 1223 2782 1306; x_wconf 80' lang='lat' dir='ltr'><strong><em>exiguum</em></strong></span> <span class='ocrx_word' id='word_1_548' title='bbox 2811 1245 2894 1290; x_wconf 89' lang='lat' dir='ltr'><strong><em>est</em></strong></span> <span class='ocrx_word' id='word_1_549' title='bbox 2917 1235 3000 1290; x_wconf 91' lang='lat' dir='ltr'><strong><em>vel</em></strong></span> <span class='ocrx_word' id='word_1_550' title='bbox 3031 1236 3194 1301; x_wconf 90' lang='lat' dir='ltr'><strong><em>istud,</em></strong></span> <span class='ocrx_word' id='word_1_551' title='bbox 3219 1252 3382 1292; x_wconf 90' lang='lat' dir='ltr'><strong><em>unum</em></strong></span> <span class='ocrx_word' id='word_1_552' title='bbox 3403 1236 3541 1292; x_wconf 91' lang='lat' dir='ltr'><strong><em>diem</em></strong></span> <span class='ocrx_word' id='word_1_553' title='bbox 3565 1237 3611 1290; x_wconf 90' lang='lat' dir='ltr'><strong><em>in</em></strong></span> <span class='ocrx_word' id='word_1_554' title='bbox 3636 1253 3738 1307; x_wconf 86' lang='lat' dir='ltr'><strong><em>pec-</em></strong></span> 
     </span>
    </p>
   </div>
   <div class='ocr_carea' id='block_1_72' title="bbox 2202 1325 3738 1397">
    <p class='ocr_par' dir='ltr' id='par_1_72' title="bbox 2202 1325 3738 1397">
     <span class='ocr_line' id='line_1_72' title="bbox 2202 1325 3738 1397; baseline 0.001 -17"><span class='ocrx_word' id='word_1_555' title='bbox 2202 1335 2445 1380; x_wconf 86' lang='lat' dir='ltr'><strong><em>catorum</em></strong></span> <span class='ocrx_word' id='word_1_556' title='bbox 2469 1325 2790 1382; x_wconf 90' lang='lat' dir='ltr'><strong><em>contritione</em></strong></span> <span class='ocrx_word' id='word_1_557' title='bbox 2828 1327 3136 1396; x_wconf 83' lang='lat' dir='ltr'><strong><em>transigere,</em></strong></span> <span class='ocrx_word' id='word_1_558' title='bbox 3173 1336 3230 1380; x_wconf 89' lang='lat' dir='ltr'><strong><em>et</em></strong></span> <span class='ocrx_word' id='word_1_559' title='bbox 3255 1325 3323 1380; x_wconf 87' lang='lat' dir='ltr'><strong><em>ad</em></strong></span> <span class='ocrx_word' id='word_1_560' title='bbox 3350 1326 3604 1381; x_wconf 73' lang='lat' dir='ltr'><strong><em>caelestem</em></strong></span> <span class='ocrx_word' id='word_1_561' title='bbox 3644 1329 3738 1397; x_wconf 77' lang='lat' dir='ltr'><strong><em>phi-</em></strong></span> 
     </span>
    </p>
   </div>
   <div class='ocr_carea' id='block_1_73' title="bbox 2201 1413 3737 1485">
    <p class='ocr_par' dir='ltr' id='par_1_73' title="bbox 2201 1413 3737 1485">
     <span class='ocr_line' id='line_1_73' title="bbox 2201 1413 3737 1485; baseline 0.001 -16"><span class='ocrx_word' id='word_1_562' title='bbox 2201 1413 2498 1485; x_wconf 88' lang='lat' dir='ltr'><strong><em>losophiam</em></strong></span> <span class='ocrx_word' id='word_1_563' title='bbox 2542 1417 2828 1484; x_wconf 87' lang='lat' dir='ltr'><strong><em>respicere,</em></strong></span> <span class='ocrx_word' id='word_1_564' title='bbox 2882 1416 3176 1485; x_wconf 75' lang='lat' dir='ltr'><strong><em>animaeque</em></strong></span> <span class='ocrx_word' id='word_1_565' title='bbox 3224 1416 3549 1485; x_wconf 87' lang='lat' dir='ltr'><strong><em>permittere,</em></strong></span> <span class='ocrx_word' id='word_1_566' title='bbox 3587 1426 3635 1471; x_wconf 91' lang='lat' dir='ltr'><strong><em>ut</em></strong></span> <span class='ocrx_word' id='word_1_567' title='bbox 3669 1420 3737 1472; x_wconf 86' lang='lat' dir='ltr'><strong><em>vel</em></strong></span> 
     </span>
    </p>
   </div>
   <div class='ocr_carea' id='block_1_74' title="bbox 2203 1506 3735 1577">
    <p class='ocr_par' dir='ltr' id='par_1_74' title="bbox 2203 1506 3735 1577">
     <span class='ocr_line' id='line_1_74' title="bbox 2203 1506 3735 1577; baseline -0.001 -15"><span class='ocrx_word' id='word_1_568' title='bbox 2203 1507 2469 1577; x_wconf 85' lang='lat' dir='ltr'><strong><em>paulisper</em></strong></span> <span class='ocrx_word' id='word_1_569' title='bbox 2507 1522 2537 1561; x_wconf 86' lang='lat' dir='ltr'><strong><em>a</em></strong></span> <span class='ocrx_word' id='word_1_570' title='bbox 2575 1506 2856 1562; x_wconf 91' lang='lat' dir='ltr'><strong><em>mundanis</em></strong></span> <span class='ocrx_word' id='word_1_571' title='bbox 2897 1507 3125 1576; x_wconf 80' lang='lat' dir='ltr'><strong><em>reSpiret</em></strong></span> <span class='ocrx_word' id='word_1_572' title='bbox 3169 1508 3332 1562; x_wconf 89' lang='lat' dir='ltr'><strong><em>curis.</em></strong></span> <span class='ocrx_word' id='word_1_573' title='bbox 3383 1508 3578 1562; x_wconf 85' lang='lat' dir='ltr'><strong><em>Etenim</em></strong></span> <span class='ocrx_word' id='word_1_574' title='bbox 3619 1509 3656 1561; x_wconf 90' lang='lat' dir='ltr'><strong><em>si</em></strong></span> <span class='ocrx_word' id='word_1_575' title='bbox 3695 1509 3735 1561; x_wconf 88' lang='lat' dir='ltr'><strong><em>id</em></strong></span> 
     </span>
    </p>
   </div>
   <div class='ocr_carea' id='block_1_75' title="bbox 2203 1598 3738 1669">
    <p class='ocr_par' dir='ltr' id='par_1_75' title="bbox 2203 1598 3738 1669">
     <span class='ocr_line' id='line_1_75' title="bbox 2203 1598 3738 1669; baseline 0.001 -17"><span class='ocrx_word' id='word_1_576' title='bbox 2203 1598 2424 1669; x_wconf 89' lang='lat' dir='ltr'><strong><em>singulis</em></strong></span> <span class='ocrx_word' id='word_1_577' title='bbox 2451 1599 2684 1654; x_wconf 88' lang='lat' dir='ltr'><strong><em>collectis</em></strong></span> <span class='ocrx_word' id='word_1_578' title='bbox 2710 1599 2988 1654; x_wconf 83' lang='lat' dir='ltr'><strong><em>fecerimus</em></strong></span> <span class='ocrx_word' id='word_1_579' title='bbox 3019 1613 3118 1654; x_wconf 91' lang='lat' dir='ltr'><strong><em>nec</em></strong></span> <span class='ocrx_word' id='word_1_580' title='bbox 3141 1598 3518 1666; x_wconf 88' lang='lat' dir='ltr'><strong><em>defecerimus,</em></strong></span> <span class='ocrx_word' id='word_1_581' title='bbox 3549 1601 3738 1654; x_wconf 82' lang='lat' dir='ltr'><strong><em>assidui-</em></strong></span> 
     </span>
    </p>
   </div>
   <div class='ocr_carea' id='block_1_76' title="bbox 2205 1690 3734 1762">
    <p class='ocr_par' dir='ltr' id='par_1_76' title="bbox 2205 1690 3734 1762">
     <span class='ocr_line' id='line_1_76' title="bbox 2205 1690 3734 1762; baseline 0.001 -18"><span class='ocrx_word' id='word_1_582' title='bbox 2205 1699 2286 1746; x_wconf 90' lang='lat' dir='ltr'><strong><em>tas</em></strong></span> <span class='ocrx_word' id='word_1_583' title='bbox 2314 1690 2562 1746; x_wconf 85' lang='lat' dir='ltr'><strong><em>audiendi</em></strong></span> <span class='ocrx_word' id='word_1_584' title='bbox 2583 1707 2828 1762; x_wconf 88' lang='lat' dir='ltr'><strong><em>magnum</em></strong></span> <span class='ocrx_word' id='word_1_585' title='bbox 2855 1691 3117 1762; x_wconf 89' lang='lat' dir='ltr'><strong><em>quoddam</em></strong></span> <span class='ocrx_word' id='word_1_586' title='bbox 3140 1691 3550 1762; x_wconf 59' lang='lat' dir='ltr'><strong><em>praeclarumque</em></strong></span> <span class='ocrx_word' id='word_1_587' title='bbox 3573 1692 3734 1747; x_wconf 85' lang='lat' dir='ltr'><strong><em>bonum</em></strong></span> 
     </span>
    </p>
   </div>
   <div class='ocr_carea' id='block_1_77' title="bbox 2203 1783 3236 1853">
    <p class='ocr_par' dir='ltr' id='par_1_77' title="bbox 2203 1783 3236 1853">
     <span class='ocr_line' id='line_1_77' title="bbox 2203 1783 3236 1853; baseline -0.001 -15"><span class='ocrx_word' id='word_1_588' title='bbox 2203 1783 2358 1838; x_wconf 89' lang='lat' dir='ltr'><strong><em>nobis</em></strong></span> <span class='ocrx_word' id='word_1_589' title='bbox 2387 1783 2578 1853; x_wconf 90' lang='lat' dir='ltr'><strong><em>pariet.</em></strong></span> <span class='ocrx_word' id='word_1_590' title='bbox 3233 1852 3236 1853; x_wconf 17' lang='grc' dir='ltr'><em>ν</em></span> 
     </span>
    </p>
   </div>
   <div class='ocr_carea' id='block_1_78' title="bbox 2272 1874 3734 1946">
    <p class='ocr_par' dir='ltr' id='par_1_78' title="bbox 2272 1874 3734 1946">
     <span class='ocr_line' id='line_1_78' title="bbox 2272 1874 3734 1946; baseline -0.001 -16"><span class='ocrx_word' id='word_1_591' title='bbox 2272 1876 2327 1930; x_wconf 74' lang='grc'><strong><em>4.</em></strong></span> <span class='ocrx_word' id='word_1_592' title='bbox 2355 1875 2510 1946; x_wconf 87' lang='lat' dir='ltr'><strong><em>Agite</em></strong></span> <span class='ocrx_word' id='word_1_593' title='bbox 2538 1874 2729 1945; x_wconf 90' lang='lat' dir='ltr'><strong><em>igitur,</em></strong></span> <span class='ocrx_word' id='word_1_594' title='bbox 2754 1883 2810 1930; x_wconf 91' lang='lat' dir='ltr'><strong><em>et</em></strong></span> <span class='ocrx_word' id='word_1_595' title='bbox 2835 1889 2896 1929; x_wconf 88' lang='lat' dir='ltr'><strong><em>ea</em></strong></span> <span class='ocrx_word' id='word_1_596' title='bbox 2933 1889 3052 1944; x_wconf 74' lang='lat' dir='ltr'><strong><em>qua:</em></strong></span> <span class='ocrx_word' id='word_1_597' title='bbox 3098 1883 3396 1944; x_wconf 89' lang='lat' dir='ltr'><strong><em>sequuntur</em></strong></span> <span class='ocrx_word' id='word_1_598' title='bbox 3434 1874 3484 1928; x_wconf 91' lang='lat' dir='ltr'><strong><em>in</em></strong></span> <span class='ocrx_word' id='word_1_599' title='bbox 3523 1875 3734 1945; x_wconf 54' lang='lat' dir='ltr'><strong><em>parabilia</em></strong></span> 
     </span>
    </p>
   </div>
   <div class='ocr_carea' id='block_1_79' title="bbox 2201 1965 3736 2036">
    <p class='ocr_par' dir='ltr' id='par_1_79' title="bbox 2201 1965 3736 2036">
     <span class='ocr_line' id='line_1_79' title="bbox 2201 1965 3736 2036; baseline -0.001 -16"><span class='ocrx_word' id='word_1_600' title='bbox 2201 1965 2351 2020; x_wconf 80' lang='lat' dir='ltr'><strong><em>vobis</em></strong></span> <span class='ocrx_word' id='word_1_601' title='bbox 2378 1966 2758 2034; x_wconf 85' lang='lat' dir='ltr'><strong><em>persolvamus.</em></strong></span> <span class='ocrx_word' id='word_1_602' title='bbox 2785 1966 2913 2033; x_wconf 74' lang='lat' dir='ltr'><strong><em>Qua:</em></strong></span> <span class='ocrx_word' id='word_1_603' title='bbox 2938 1975 3059 2020; x_wconf 90' lang='lat' dir='ltr'><strong><em>sunt</em></strong></span> <span class='ocrx_word' id='word_1_604' title='bbox 3086 1976 3263 2021; x_wconf 86' lang='lat' dir='ltr'><strong><em>autem</em></strong></span> <span class='ocrx_word' id='word_1_605' title='bbox 3306 1981 3424 2036; x_wconf 82' lang='lat' dir='ltr'><strong><em>qua:</em></strong></span> <span class='ocrx_word' id='word_1_606' title='bbox 3451 1969 3736 2036; x_wconf 84' lang='lat' dir='ltr'><strong><em>sequuntur?</em></strong></span> 
     </span>
    </p>
   </div>
   <div class='ocr_carea' id='block_1_80' title="bbox 2203 2056 3737 2124">
    <p class='ocr_par' dir='ltr' id='par_1_80' title="bbox 2203 2056 3737 2124">
     <span class='ocr_line' id='line_1_80' title="bbox 2203 2056 3737 2124; baseline -0.001 -12"><span class='ocrx_word' id='word_1_607' title='bbox 2203 2057 2332 2112; x_wconf 89' lang='lat' dir='ltr'><strong><em>Cum</em></strong></span> <span class='ocrx_word' id='word_1_608' title='bbox 2359 2057 2582 2113; x_wconf 79' lang='lat' dir='ltr'><strong><em>dixisset</em></strong></span> <span class='ocrx_word' id='word_1_609' title='bbox 2604 2058 2771 2123; x_wconf 85' lang='lat' dir='ltr'><strong><em>dives,</em></strong></span> <span class='ocrx_word' id='word_1_610' title='bbox 2804 2058 2949 2112; x_wconf 80' lang='lat' dir='ltr'><strong><em>Mitte</em></strong></span> <span class='ocrx_word' id='word_1_611' title='bbox 2977 2056 3248 2124; x_wconf 77' lang='lat' dir='ltr'><strong><em>Lazarum,</em></strong></span> <span class='ocrx_word' id='word_1_612' title='bbox 3279 2069 3338 2111; x_wconf 86' lang='lat' dir='ltr'><strong><em>ut</em></strong></span> <span class='ocrx_word' id='word_1_613' title='bbox 3359 2059 3553 2115; x_wconf 72' lang='lat' dir='ltr'><strong><em>instillat</em></strong></span> <span class='ocrx_word' id='word_1_614' title='bbox 3577 2074 3737 2111; x_wconf 83' lang='lat' dir='ltr'><strong><em>summa</em></strong></span> 
     </span>
    </p>
   </div>
   <div class='ocr_carea' id='block_1_81' title="bbox 2203 2148 3729 2220">
    <p class='ocr_par' dir='ltr' id='par_1_81' title="bbox 2203 2148 3729 2220">
     <span class='ocr_line' id='line_1_81' title="bbox 2203 2148 3729 2220; baseline -0.001 -20"><span class='ocrx_word' id='word_1_615' title='bbox 2203 2148 2381 2218; x_wconf 87' lang='lat' dir='ltr'><strong><em>digito,</em></strong></span> <span class='ocrx_word' id='word_1_616' title='bbox 2408 2164 2468 2201; x_wconf 90' lang='lat' dir='ltr'><strong><em>ac</em></strong></span> <span class='ocrx_word' id='word_1_617' title='bbox 2491 2149 2747 2220; x_wconf 80' lang='lat' dir='ltr'><strong><em>refrigeret</em></strong></span> <span class='ocrx_word' id='word_1_618' title='bbox 2773 2149 2998 2220; x_wconf 86' lang='lat' dir='ltr'><strong><em>linguam</em></strong></span> <span class='ocrx_word' id='word_1_619' title='bbox 3031 2165 3191 2202; x_wconf 89' lang='lat' dir='ltr'><strong><em>meam</em></strong></span> <span class='ocrx_word' id='word_1_620' title='bbox 3217 2148 3374 2216; x_wconf 88' lang='lat' dir='ltr'><strong><em>(Luc.</em></strong></span> <span class='ocrx_word' id='word_1_621' title='bbox 3411 2149 3493 2204; x_wconf 82' lang='grc'><strong><em>16.</em></strong></span> <span class='ocrx_word' id='word_1_622' title='bbox 3511 2148 3595 2218; x_wconf 71' lang='grc'><strong><em>24)</em></strong></span> <span class='ocrx_word' id='word_1_623' title='bbox 3619 2167 3630 2201; x_wconf 91' lang='lat'><strong><em>:</em></strong></span> <span class='ocrx_word' id='word_1_624' title='bbox 3656 2165 3729 2201; x_wconf 84' lang='lat' dir='ltr'><strong><em>au-</em></strong></span> 
     </span>
    </p>
   </div>
   <div class='ocr_carea' id='block_1_82' title="bbox 2202 2241 3739 2310">
    <p class='ocr_par' dir='ltr' id='par_1_82' title="bbox 2202 2241 3739 2310">
     <span class='ocr_line' id='line_1_82' title="bbox 2202 2241 3739 2310; baseline -0.003 -15"><span class='ocrx_word' id='word_1_625' title='bbox 2202 2241 2492 2296; x_wconf 90' lang='lat' dir='ltr'><strong><em>scultemus</em></strong></span> <span class='ocrx_word' id='word_1_626' title='bbox 2531 2241 2655 2310; x_wconf 90' lang='lat' dir='ltr'><strong><em>quid</em></strong></span> <span class='ocrx_word' id='word_1_627' title='bbox 2693 2241 2834 2296; x_wconf 88' lang='lat' dir='ltr'><strong><em>dicat</em></strong></span> <span class='ocrx_word' id='word_1_628' title='bbox 2873 2241 3134 2296; x_wconf 90' lang='lat' dir='ltr'><strong><em>Abraham</em></strong></span> <span class='ocrx_word' id='word_1_629' title='bbox 3156 2284 3171 2306; x_wconf 94' lang='lat'><strong><em>,</em></strong></span> <span class='ocrx_word' id='word_1_630' title='bbox 3203 2241 3334 2307; x_wconf 80' lang='lat' dir='ltr'><strong><em>Fili,</em></strong></span> <span class='ocrx_word' id='word_1_631' title='bbox 3375 2251 3602 2295; x_wconf 85' lang='lat' dir='ltr'><strong><em>memento</em></strong></span> <span class='ocrx_word' id='word_1_632' title='bbox 3632 2242 3739 2309; x_wconf 82' lang='lat' dir='ltr'><strong><em>quod</em></strong></span> 
     </span>
    </p>
   </div>
   <div class='ocr_carea' id='block_1_83' title="bbox 2204 2331 3736 2401">
    <p class='ocr_par' dir='ltr' id='par_1_83' title="bbox 2204 2331 3736 2401">
     <span class='ocr_line' id='line_1_83' title="bbox 2204 2331 3736 2401; baseline 0 -18"><span class='ocrx_word' id='word_1_633' title='bbox 2204 2331 2432 2401; x_wconf 85' lang='lat' dir='ltr'><strong><em>recepisti</em></strong></span> <span class='ocrx_word' id='word_1_634' title='bbox 2456 2340 2509 2384; x_wconf 92' lang='lat' dir='ltr'><strong><em>tu</em></strong></span> <span class='ocrx_word' id='word_1_635' title='bbox 2533 2331 2663 2385; x_wconf 87' lang='lat' dir='ltr'><strong><em>bona</em></strong></span> <span class='ocrx_word' id='word_1_636' title='bbox 2693 2333 2745 2385; x_wconf 89' lang='lat' dir='ltr'><strong><em>in</em></strong></span> <span class='ocrx_word' id='word_1_637' title='bbox 2765 2334 2865 2385; x_wconf 85' lang='lat' dir='ltr'><strong><em>vita</em></strong></span> <span class='ocrx_word' id='word_1_638' title='bbox 2893 2342 2979 2384; x_wconf 86' lang='lat' dir='ltr'><strong><em>tua</em></strong></span> <span class='ocrx_word' id='word_1_639' title='bbox 2997 2374 3011 2400; x_wconf 93' lang='lat'><strong><em>,</em></strong></span> <span class='ocrx_word' id='word_1_640' title='bbox 3038 2342 3084 2386; x_wconf 91' lang='lat' dir='ltr'><strong><em>et</em></strong></span> <span class='ocrx_word' id='word_1_641' title='bbox 3107 2331 3338 2390; x_wconf 78' lang='lat' dir='ltr'><strong><em>Lazarus</em></strong></span> <span class='ocrx_word' id='word_1_642' title='bbox 3361 2333 3578 2386; x_wconf 86' lang='lat' dir='ltr'><strong><em>similiter</em></strong></span> <span class='ocrx_word' id='word_1_643' title='bbox 3604 2333 3736 2392; x_wconf 69' lang='lat' dir='ltr'><strong><em>male,</em></strong></span> 
     </span>
    </p>
   </div>
   <div class='ocr_carea' id='block_1_84' title="bbox 2203 2419 3737 2491">
    <p class='ocr_par' dir='ltr' id='par_1_84' title="bbox 2203 2419 3737 2491">
     <span class='ocr_line' id='line_1_84' title="bbox 2203 2419 3737 2491; baseline -0.003 -17"><span class='ocrx_word' id='word_1_644' title='bbox 2203 2429 2248 2474; x_wconf 87' lang='lat' dir='ltr'><strong><em>et</em></strong></span> <span class='ocrx_word' id='word_1_645' title='bbox 2279 2437 2412 2474; x_wconf 89' lang='lat' dir='ltr'><strong><em>nunc</em></strong></span> <span class='ocrx_word' id='word_1_646' title='bbox 2435 2421 2530 2474; x_wconf 86' lang='lat' dir='ltr'><strong><em>iste</em></strong></span> <span class='ocrx_word' id='word_1_647' title='bbox 2556 2421 2788 2474; x_wconf 86' lang='lat' dir='ltr'><strong><em>solatium</em></strong></span> <span class='ocrx_word' id='word_1_648' title='bbox 2822 2422 3034 2491; x_wconf 88' lang='lat' dir='ltr'><strong><em>accipit,</em></strong></span> <span class='ocrx_word' id='word_1_649' title='bbox 3063 2431 3117 2474; x_wconf 92' lang='lat' dir='ltr'><strong><em>tu</em></strong></span> <span class='ocrx_word' id='word_1_650' title='bbox 3152 2437 3264 2474; x_wconf 80' lang='lat' dir='ltr'><strong><em>vero</em></strong></span> <span class='ocrx_word' id='word_1_651' title='bbox 3309 2423 3560 2474; x_wconf 81' lang='lat' dir='ltr'><strong><em>cruciaris.</em></strong></span> <span class='ocrx_word' id='word_1_652' title='bbox 3601 2419 3737 2489; x_wconf 62' lang='lat' dir='ltr'><strong><em>Super</em></strong></span> 
     </span>
    </p>
   </div>
   <div class='ocr_carea' id='block_1_85' title="bbox 2202 2511 3738 2581">
    <p class='ocr_par' dir='ltr' id='par_1_85' title="bbox 2202 2511 3738 2581">
     <span class='ocr_line' id='line_1_85' title="bbox 2202 2511 3738 2581; baseline -0.003 -17"><span class='ocrx_word' id='word_1_653' title='bbox 2202 2511 2370 2564; x_wconf 87' lang='lat' dir='ltr'><strong><em>omnia</em></strong></span> <span class='ocrx_word' id='word_1_654' title='bbox 2395 2521 2560 2564; x_wconf 89' lang='lat' dir='ltr'><strong><em>autem</em></strong></span> <span class='ocrx_word' id='word_1_655' title='bbox 2586 2512 2692 2564; x_wconf 79' lang='lat' dir='ltr'><strong><em>lucc</em></strong></span> <span class='ocrx_word' id='word_1_656' title='bbox 2718 2512 2870 2565; x_wconf 86' lang='lat' dir='ltr'><strong><em>chaos</em></strong></span> <span class='ocrx_word' id='word_1_657' title='bbox 2895 2527 3132 2581; x_wconf 88' lang='lat' dir='ltr'><strong><em>magnum</em></strong></span> <span class='ocrx_word' id='word_1_658' title='bbox 3160 2512 3510 2579; x_wconf 83' lang='lat' dir='ltr'><strong><em>conﬁrmatum</em></strong></span> <span class='ocrx_word' id='word_1_659' title='bbox 3542 2520 3604 2564; x_wconf 89' lang='lat' dir='ltr'><strong><em>est</em></strong></span> <span class='ocrx_word' id='word_1_660' title='bbox 3636 2513 3738 2562; x_wconf 69' lang='lat' dir='ltr'><strong><em>inttr</em></strong></span> 
     </span>
    </p>
   </div>
   <div class='ocr_carea' id='block_1_86' title="bbox 2203 2601 3738 2672">
    <p class='ocr_par' dir='ltr' id='par_1_86' title="bbox 2203 2601 3738 2672">
     <span class='ocr_line' id='line_1_86' title="bbox 2203 2601 3738 2672; baseline -0.003 -18"><span class='ocrx_word' id='word_1_661' title='bbox 2203 2617 2294 2655; x_wconf 83' lang='lat' dir='ltr'><strong><em>nos</em></strong></span> <span class='ocrx_word' id='word_1_662' title='bbox 2336 2611 2384 2654; x_wconf 90' lang='lat' dir='ltr'><strong><em>et</em></strong></span> <span class='ocrx_word' id='word_1_663' title='bbox 2410 2618 2526 2670; x_wconf 85' lang='lat' dir='ltr'><strong><em>vos,</em></strong></span> <span class='ocrx_word' id='word_1_664' title='bbox 2559 2612 2611 2655; x_wconf 89' lang='lat' dir='ltr'><strong><em>ut</em></strong></span> <span class='ocrx_word' id='word_1_665' title='bbox 2656 2603 2742 2672; x_wconf 87' lang='lat' dir='ltr'><strong><em>qui</em></strong></span> <span class='ocrx_word' id='word_1_666' title='bbox 2784 2601 2957 2655; x_wconf 83' lang='lat' dir='ltr'><strong><em>volunt</em></strong></span> <span class='ocrx_word' id='word_1_667' title='bbox 2998 2603 3146 2655; x_wconf 88' lang='lat' dir='ltr'><strong><em>istinc</em></strong></span> <span class='ocrx_word' id='word_1_668' title='bbox 3177 2603 3397 2656; x_wconf 89' lang='lat' dir='ltr'><strong><em>transire</em></strong></span> <span class='ocrx_word' id='word_1_669' title='bbox 3435 2602 3499 2654; x_wconf 87' lang='lat' dir='ltr'><strong><em>ad</em></strong></span> <span class='ocrx_word' id='word_1_670' title='bbox 3537 2617 3635 2664; x_wconf 87' lang='lat' dir='ltr'><strong><em>nos,</em></strong></span> <span class='ocrx_word' id='word_1_671' title='bbox 3658 2617 3738 2652; x_wconf 81' lang='lat' dir='ltr'><strong><em>non</em></strong></span> 
     </span>
    </p>
   </div>
   <div class='ocr_carea' id='block_1_87' title="bbox 2201 2690 3734 2764">
    <p class='ocr_par' dir='ltr' id='par_1_87' title="bbox 2201 2690 3734 2764">
     <span class='ocr_line' id='line_1_87' title="bbox 2201 2690 3734 2764; baseline -0.004 -18"><span class='ocrx_word' id='word_1_672' title='bbox 2201 2692 2414 2762; x_wconf 87' lang='lat' dir='ltr'><strong><em>possint,</em></strong></span> <span class='ocrx_word' id='word_1_673' title='bbox 2443 2710 2600 2762; x_wconf 84' lang='lat' dir='ltr'><strong><em>neque</em></strong></span> <span class='ocrx_word' id='word_1_674' title='bbox 2640 2693 2726 2762; x_wconf 90' lang='lat' dir='ltr'><strong><em>qui</em></strong></span> <span class='ocrx_word' id='word_1_675' title='bbox 2751 2693 2866 2746; x_wconf 87' lang='lat' dir='ltr'><strong><em>hinc</em></strong></span> <span class='ocrx_word' id='word_1_676' title='bbox 2906 2693 3033 2746; x_wconf 89' lang='lat' dir='ltr'><strong><em>istuc</em></strong></span> <span class='ocrx_word' id='word_1_677' title='bbox 3062 2693 3275 2745; x_wconf 87' lang='lat' dir='ltr'><strong><em>transire</em></strong></span> <span class='ocrx_word' id='word_1_678' title='bbox 3324 2691 3427 2764; x_wconf 90' lang='lat' dir='ltr'><strong><em>(Ib.</em></strong></span> <span class='ocrx_word' id='word_1_679' title='bbox 3458 2709 3502 2744; x_wconf 84' lang='grc' dir='ltr'><strong><em>υ.</em></strong></span> <span class='ocrx_word' id='word_1_680' title='bbox 3535 2691 3616 2745; x_wconf 73' lang='grc'><strong><em>25.</em></strong></span> <span class='ocrx_word' id='word_1_681' title='bbox 3640 2690 3734 2760; x_wconf 73' lang='lat'><strong><em>26).</em></strong></span> 
     </span>
    </p>
   </div>
   <div class='ocr_carea' id='block_1_88' title="bbox 2199 2783 3737 2854">
    <p class='ocr_par' dir='ltr' id='par_1_88' title="bbox 2199 2783 3737 2854">
     <span class='ocr_line' id='line_1_88' title="bbox 2199 2783 3737 2854; baseline -0.003 -15"><span class='ocrx_word' id='word_1_682' title='bbox 2199 2783 2391 2839; x_wconf 83' lang='lat' dir='ltr'><strong><em>Gravia</em></strong></span> <span class='ocrx_word' id='word_1_683' title='bbox 2421 2793 2545 2838; x_wconf 90' lang='lat' dir='ltr'><strong><em>sunt</em></strong></span> <span class='ocrx_word' id='word_1_684' title='bbox 2569 2800 2686 2854; x_wconf 69' lang='lat' dir='ltr'><strong><em>qua:</em></strong></span> <span class='ocrx_word' id='word_1_685' title='bbox 2713 2784 2982 2851; x_wconf 90' lang='lat' dir='ltr'><strong><em>dicuntur,</em></strong></span> <span class='ocrx_word' id='word_1_686' title='bbox 3010 2785 3406 2854; x_wconf 88' lang='lat' dir='ltr'><strong><em>plurimumque</em></strong></span> <span class='ocrx_word' id='word_1_687' title='bbox 3432 2785 3570 2839; x_wconf 89' lang='lat' dir='ltr'><strong><em>nobis</em></strong></span> <span class='ocrx_word' id='word_1_688' title='bbox 3593 2783 3737 2837; x_wconf 71' lang='lat' dir='ltr'><strong><em>ollim-</em></strong></span> 
     </span>
    </p>
   </div>
   <div class='ocr_carea' id='block_1_89' title="bbox 2200 2873 3736 2946">
    <p class='ocr_par' dir='ltr' id='par_1_89' title="bbox 2200 2873 3736 2946">
     <span class='ocr_line' id='line_1_89' title="bbox 2200 2873 3736 2946; baseline -0.001 -16"><span class='ocrx_word' id='word_1_689' title='bbox 2200 2873 2332 2930; x_wconf 88' lang='lat' dir='ltr'><strong><em>dunt</em></strong></span> <span class='ocrx_word' id='word_1_690' title='bbox 2376 2875 2635 2930; x_wconf 90' lang='lat' dir='ltr'><strong><em>dolorem.</em></strong></span> <span class='ocrx_word' id='word_1_691' title='bbox 2679 2875 2790 2930; x_wconf 88' lang='lat' dir='ltr'><strong><em>Hoc</em></strong></span> <span class='ocrx_word' id='word_1_692' title='bbox 2837 2877 2948 2945; x_wconf 90' lang='lat' dir='ltr'><strong><em>ipse</em></strong></span> <span class='ocrx_word' id='word_1_693' title='bbox 2993 2876 3158 2931; x_wconf 89' lang='lat' dir='ltr'><strong><em>novi:</em></strong></span> <span class='ocrx_word' id='word_1_694' title='bbox 3204 2875 3303 2930; x_wconf 91' lang='lat' dir='ltr'><strong><em>scd</em></strong></span> <span class='ocrx_word' id='word_1_695' title='bbox 3336 2875 3736 2946; x_wconf 86' lang='lat' dir='ltr'><strong><em>quemadmodum</em></strong></span> 
     </span>
    </p>
   </div>
   <div class='ocr_carea' id='block_1_90' title="bbox 2199 2968 3737 3038">
    <p class='ocr_par' dir='ltr' id='par_1_90' title="bbox 2199 2968 3737 3038">
     <span class='ocr_line' id='line_1_90' title="bbox 2199 2968 3737 3038; baseline -0.001 -16"><span class='ocrx_word' id='word_1_696' title='bbox 2199 2968 2448 3026; x_wconf 90' lang='lat' dir='ltr'><strong><em>mordent</em></strong></span> <span class='ocrx_word' id='word_1_697' title='bbox 2485 2969 2885 3035; x_wconf 85' lang='lat' dir='ltr'><strong><em>conscientiam,</em></strong></span> <span class='ocrx_word' id='word_1_698' title='bbox 2938 2971 3009 3023; x_wconf 90' lang='lat' dir='ltr'><strong><em>ita</em></strong></span> <span class='ocrx_word' id='word_1_699' title='bbox 3037 2985 3139 3024; x_wconf 90' lang='lat' dir='ltr'><strong><em>non</em></strong></span> <span class='ocrx_word' id='word_1_700' title='bbox 3184 2985 3377 3038; x_wconf 87' lang='lat' dir='ltr'><strong><em>parum</em></strong></span> <span class='ocrx_word' id='word_1_701' title='bbox 3419 2972 3628 3025; x_wconf 80' lang='lat' dir='ltr'><strong><em>afferunt</em></strong></span> <span class='ocrx_word' id='word_1_702' title='bbox 3653 2971 3737 3023; x_wconf 73' lang='lat' dir='ltr'><strong><em>uti.</em></strong></span> 
     </span>
    </p>
   </div>
   <div class='ocr_carea' id='block_1_91' title="bbox 2199 3061 3737 3132">
    <p class='ocr_par' dir='ltr' id='par_1_91' title="bbox 2199 3061 3737 3132">
     <span class='ocr_line' id='line_1_91' title="bbox 2199 3061 3737 3132; baseline 0 -17"><span class='ocrx_word' id='word_1_703' title='bbox 2199 3061 2362 3117; x_wconf 89' lang='lat' dir='ltr'><strong><em>litatis</em></strong></span> <span class='ocrx_word' id='word_1_704' title='bbox 2386 3061 2577 3117; x_wconf 89' lang='lat' dir='ltr'><strong><em>animis</em></strong></span> <span class='ocrx_word' id='word_1_705' title='bbox 2616 3076 2799 3117; x_wconf 91' lang='lat' dir='ltr'><strong><em>eorum</em></strong></span> <span class='ocrx_word' id='word_1_706' title='bbox 2829 3062 2916 3132; x_wconf 92' lang='lat' dir='ltr'><strong><em>qui</em></strong></span> <span class='ocrx_word' id='word_1_707' title='bbox 2961 3061 3292 3116; x_wconf 91' lang='lat' dir='ltr'><strong><em>mordentur.</em></strong></span> <span class='ocrx_word' id='word_1_708' title='bbox 3329 3064 3525 3118; x_wconf 88' lang='lat' dir='ltr'><strong><em>Etenim</em></strong></span> <span class='ocrx_word' id='word_1_709' title='bbox 3563 3064 3602 3117; x_wconf 90' lang='lat' dir='ltr'><strong><em>si</em></strong></span> <span class='ocrx_word' id='word_1_710' title='bbox 3645 3064 3737 3116; x_wconf 69' lang='lat' dir='ltr'><strong><em>haec</em></strong></span> 
     </span>
    </p>
   </div>
   <div class='ocr_carea' id='block_1_92' title="bbox 2196 3152 3734 3223">
    <p class='ocr_par' dir='ltr' id='par_1_92' title="bbox 2196 3152 3734 3223">
     <span class='ocr_line' id='line_1_92' title="bbox 2196 3152 3734 3223; baseline -0.003 -15"><span class='ocrx_word' id='word_1_711' title='bbox 2196 3153 2348 3209; x_wconf 92' lang='lat' dir='ltr'><strong><em>nobis</em></strong></span> <span class='ocrx_word' id='word_1_712' title='bbox 2374 3153 2480 3208; x_wconf 93' lang='lat' dir='ltr'><strong><em>illic</em></strong></span> <span class='ocrx_word' id='word_1_713' title='bbox 2521 3153 2854 3219; x_wconf 89' lang='lat' dir='ltr'><strong><em>dicerentur,</em></strong></span> <span class='ocrx_word' id='word_1_714' title='bbox 2883 3153 3337 3223; x_wconf 87' lang='lat' dir='ltr'><strong><em>quemadmodum</em></strong></span> <span class='ocrx_word' id='word_1_715' title='bbox 3377 3153 3508 3209; x_wconf 90' lang='lat' dir='ltr'><strong><em>dicta</em></strong></span> <span class='ocrx_word' id='word_1_716' title='bbox 3534 3162 3644 3207; x_wconf 90' lang='lat' dir='ltr'><strong><em>sunt</em></strong></span> <span class='ocrx_word' id='word_1_717' title='bbox 3664 3152 3734 3205; x_wconf 87' lang='lat' dir='ltr'><strong><em>dl-</em></strong></span> 
     </span>
    </p>
   </div>
   <div class='ocr_carea' id='block_1_93' title="bbox 2196 3242 3732 3314">
    <p class='ocr_par' dir='ltr' id='par_1_93' title="bbox 2196 3242 3732 3314">
     <span class='ocr_line' id='line_1_93' title="bbox 2196 3242 3732 3314; baseline -0.001 -18"><span class='ocrx_word' id='word_1_718' title='bbox 2196 3243 2311 3308; x_wconf 90' lang='lat' dir='ltr'><strong><em>viti,</em></strong></span> <span class='ocrx_word' id='word_1_719' title='bbox 2333 3256 2517 3297; x_wconf 89' lang='lat' dir='ltr'><strong><em>revera</em></strong></span> <span class='ocrx_word' id='word_1_720' title='bbox 2547 3243 2858 3312; x_wconf 89' lang='lat' dir='ltr'><strong><em>plorandum</em></strong></span> <span class='ocrx_word' id='word_1_721' title='bbox 2878 3251 3040 3309; x_wconf 89' lang='lat' dir='ltr'><strong><em>esset,</em></strong></span> <span class='ocrx_word' id='word_1_722' title='bbox 3063 3242 3355 3298; x_wconf 90' lang='lat' dir='ltr'><strong><em>dolendum</em></strong></span> <span class='ocrx_word' id='word_1_723' title='bbox 3379 3259 3440 3300; x_wconf 89' lang='lat' dir='ltr'><strong><em>ac</em></strong></span> <span class='ocrx_word' id='word_1_724' title='bbox 3467 3242 3732 3314; x_wconf 85' lang='lat' dir='ltr'><strong><em>lugendum,</em></strong></span> 
     </span>
    </p>
   </div>
   <div class='ocr_carea' id='block_1_94' title="bbox 2196 3333 3731 3403">
    <p class='ocr_par' dir='ltr' id='par_1_94' title="bbox 2196 3333 3731 3403">
     <span class='ocr_line' id='line_1_94' title="bbox 2196 3333 3731 3403; baseline -0.001 -17"><span class='ocrx_word' id='word_1_725' title='bbox 2196 3333 2336 3403; x_wconf 92' lang='lat' dir='ltr'><strong><em>quod</em></strong></span> <span class='ocrx_word' id='word_1_726' title='bbox 2381 3347 2481 3388; x_wconf 87' lang='lat' dir='ltr'><strong><em>nos</em></strong></span> <span class='ocrx_word' id='word_1_727' title='bbox 2529 3334 2854 3402; x_wconf 63' lang='lat' dir='ltr'><strong><em>poenitentia:</em></strong></span> <span class='ocrx_word' id='word_1_728' title='bbox 2901 3341 3109 3402; x_wconf 90' lang='lat' dir='ltr'><strong><em>tempus</em></strong></span> <span class='ocrx_word' id='word_1_729' title='bbox 3155 3333 3461 3390; x_wconf 83' lang='lat' dir='ltr'><strong><em>defecisset.</em></strong></span> <span class='ocrx_word' id='word_1_730' title='bbox 3507 3334 3731 3388; x_wconf 71' lang='lat' dir='ltr'><strong><em>Caeterum</em></strong></span> 
     </span>
    </p>
   </div>
   <div class='ocr_carea' id='block_1_95' title="bbox 2195 3421 3734 3494">
    <p class='ocr_par' dir='ltr' id='par_1_95' title="bbox 2195 3421 3734 3494">
     <span class='ocr_line' id='line_1_95' title="bbox 2195 3421 3734 3494; baseline -0.004 -16"><span class='ocrx_word' id='word_1_731' title='bbox 2195 3423 2444 3493; x_wconf 92' lang='lat' dir='ltr'><strong><em>quoniam</em></strong></span> <span class='ocrx_word' id='word_1_732' title='bbox 2469 3422 2556 3477; x_wconf 91' lang='lat' dir='ltr'><strong><em>hic</em></strong></span> <span class='ocrx_word' id='word_1_733' title='bbox 2583 3431 2799 3494; x_wconf 83' lang='lat' dir='ltr'><strong><em>agentes</em></strong></span> <span class='ocrx_word' id='word_1_734' title='bbox 2823 3422 2937 3477; x_wconf 68' lang='lat' dir='ltr'><strong><em>haec</em></strong></span> <span class='ocrx_word' id='word_1_735' title='bbox 2964 3421 3228 3490; x_wconf 90' lang='lat' dir='ltr'><strong><em>audimus,</em></strong></span> <span class='ocrx_word' id='word_1_736' title='bbox 3259 3423 3357 3478; x_wconf 91' lang='lat' dir='ltr'><strong><em>ubi</em></strong></span> <span class='ocrx_word' id='word_1_737' title='bbox 3386 3432 3435 3478; x_wconf 90' lang='lat' dir='ltr'><strong><em>et</em></strong></span> <span class='ocrx_word' id='word_1_738' title='bbox 3463 3422 3734 3492; x_wconf 80' lang='lat' dir='ltr'><strong><em>resipiscere</em></strong></span> 
     </span>
    </p>
   </div>
   <div class='ocr_carea' id='block_1_96' title="bbox 2193 3511 3734 3582">
    <p class='ocr_par' dir='ltr' id='par_1_96' title="bbox 2193 3511 3734 3582">
     <span class='ocr_line' id='line_1_96' title="bbox 2193 3511 3734 3582; baseline -0.004 -15"><span class='ocrx_word' id='word_1_739' title='bbox 2193 3511 2336 3577; x_wconf 89' lang='lat' dir='ltr'><strong><em>licet,</em></strong></span> <span class='ocrx_word' id='word_1_740' title='bbox 2369 3521 2423 3567; x_wconf 88' lang='lat' dir='ltr'><strong><em>et</em></strong></span> <span class='ocrx_word' id='word_1_741' title='bbox 2449 3516 2730 3568; x_wconf 85' lang='lat' dir='ltr'><strong><em>commissa</em></strong></span> <span class='ocrx_word' id='word_1_742' title='bbox 2777 3513 3001 3576; x_wconf 87' lang='lat' dir='ltr'><strong><em>diluere,</em></strong></span> <span class='ocrx_word' id='word_1_743' title='bbox 3047 3512 3278 3582; x_wconf 87' lang='lat' dir='ltr'><strong><em>denique</em></strong></span> <span class='ocrx_word' id='word_1_744' title='bbox 3327 3513 3537 3568; x_wconf 85' lang='lat' dir='ltr'><strong><em>multam</em></strong></span> <span class='ocrx_word' id='word_1_745' title='bbox 3577 3525 3734 3580; x_wconf 87' lang='lat' dir='ltr'><strong><em>parare</em></strong></span> 
     </span>
    </p>
   </div>
   <div class='ocr_carea' id='block_1_97' title="bbox 2195 3603 3732 3676">
    <p class='ocr_par' dir='ltr' id='par_1_97' title="bbox 2195 3603 3732 3676">
     <span class='ocr_line' id='line_1_97' title="bbox 2195 3603 3732 3676; baseline -0.001 -19"><span class='ocrx_word' id='word_1_746' title='bbox 2195 3603 2463 3673; x_wconf 78' lang='lat' dir='ltr'><strong><em>fiduciam,</em></strong></span> <span class='ocrx_word' id='word_1_747' title='bbox 2491 3613 2652 3674; x_wconf 89' lang='lat' dir='ltr'><strong><em>atque</em></strong></span> <span class='ocrx_word' id='word_1_748' title='bbox 2672 3620 2738 3659; x_wconf 78' lang='lat' dir='ltr'><strong><em>ex</em></strong></span> <span class='ocrx_word' id='word_1_749' title='bbox 2763 3603 2950 3659; x_wconf 89' lang='lat' dir='ltr'><strong><em>alienis</em></strong></span> <span class='ocrx_word' id='word_1_750' title='bbox 2979 3605 3131 3659; x_wconf 87' lang='lat' dir='ltr'><strong><em>malis</em></strong></span> <span class='ocrx_word' id='word_1_751' title='bbox 3153 3613 3418 3676; x_wconf 89' lang='lat' dir='ltr'><strong><em>concepto</em></strong></span> <span class='ocrx_word' id='word_1_752' title='bbox 3445 3606 3619 3659; x_wconf 90' lang='lat' dir='ltr'><strong><em>timore</em></strong></span> <span class='ocrx_word' id='word_1_753' title='bbox 3636 3617 3732 3657; x_wconf 89' lang='lat' dir='ltr'><strong><em>mu-</em></strong></span> 
     </span>
    </p>
   </div>
   <div class='ocr_carea' id='block_1_98' title="bbox 2193 3694 3729 3766">
    <p class='ocr_par' dir='ltr' id='par_1_98' title="bbox 2193 3694 3729 3766">
     <span class='ocr_line' id='line_1_98' title="bbox 2193 3694 3729 3766; baseline -0.003 -18"><span class='ocrx_word' id='word_1_754' title='bbox 2193 3694 2314 3762; x_wconf 87' lang='lat' dir='ltr'><strong><em>tari,</em></strong></span> <span class='ocrx_word' id='word_1_755' title='bbox 2347 3711 2563 3766; x_wconf 86' lang='lat' dir='ltr'><strong><em>agamus</em></strong></span> <span class='ocrx_word' id='word_1_756' title='bbox 2604 3695 2801 3765; x_wconf 87' lang='lat' dir='ltr'><strong><em>gratias</em></strong></span> <span class='ocrx_word' id='word_1_757' title='bbox 2821 3695 3068 3750; x_wconf 90' lang='lat' dir='ltr'><strong><em>clementi</em></strong></span> <span class='ocrx_word' id='word_1_758' title='bbox 3099 3697 3230 3760; x_wconf 92' lang='lat' dir='ltr'><strong><em>Deo,</em></strong></span> <span class='ocrx_word' id='word_1_759' title='bbox 3281 3698 3378 3766; x_wconf 93' lang='lat' dir='ltr'><strong><em>qui</em></strong></span> <span class='ocrx_word' id='word_1_760' title='bbox 3406 3712 3497 3766; x_wconf 88' lang='lat' dir='ltr'><strong><em>per</em></strong></span> <span class='ocrx_word' id='word_1_761' title='bbox 3536 3695 3729 3748; x_wconf 86' lang='lat' dir='ltr'><strong><em>aliorum</em></strong></span> 
     </span>
    </p>
   </div>
   <div class='ocr_carea' id='block_1_99' title="bbox 2192 3786 3816 3864">
    <p class='ocr_par' dir='ltr' id='par_1_99' title="bbox 2192 3786 3816 3864">
     <span class='ocr_line' id='line_1_99' title="bbox 2192 3786 3816 3864; baseline -0.002 -24"><span class='ocrx_word' id='word_1_762' title='bbox 2192 3786 2450 3855; x_wconf 91' lang='lat' dir='ltr'><strong><em>supplicia</em></strong></span> <span class='ocrx_word' id='word_1_763' title='bbox 2504 3795 2741 3843; x_wconf 89' lang='lat' dir='ltr'><strong><em>nostram</em></strong></span> <span class='ocrx_word' id='word_1_764' title='bbox 2785 3786 3137 3864; x_wconf 80' lang='lat' dir='ltr'><strong><em>expergefacit</em></strong></span> <span class='ocrx_word' id='word_1_765' title='bbox 3174 3787 3731 3858; x_wconf 86' lang='lat' dir='ltr'><strong><em>segnitiem,nobisquc</em></strong></span> <span class='ocrx_word' id='word_1_766' title='bbox 3805 3857 3816 3862; x_wconf 88' lang='lat'><em>_</em></span> 
     </span>
    </p>
   </div>
   <div class='ocr_carea' id='block_1_100' title="bbox 2190 3874 3728 3948">
    <p class='ocr_par' dir='ltr' id='par_1_100' title="bbox 2190 3874 3728 3948">
     <span class='ocr_line' id='line_1_100' title="bbox 2190 3874 3728 3948; baseline -0.002 -18"><span class='ocrx_word' id='word_1_767' title='bbox 2190 3874 2598 3931; x_wconf 88' lang='lat' dir='ltr'><strong><em>dormitantibus</em></strong></span> <span class='ocrx_word' id='word_1_768' title='bbox 2631 3891 2876 3932; x_wconf 90' lang='lat' dir='ltr'><strong><em>somnum</em></strong></span> <span class='ocrx_word' id='word_1_769' title='bbox 2921 3878 3140 3933; x_wconf 81' lang='lat' dir='ltr'><strong><em>excutit.</em></strong></span> <span class='ocrx_word' id='word_1_770' title='bbox 3191 3877 3467 3948; x_wconf 89' lang='lat' dir='ltr'><strong><em>Siquidem</em></strong></span> <span class='ocrx_word' id='word_1_771' title='bbox 3503 3879 3610 3933; x_wconf 87' lang='lat' dir='ltr'><strong><em>ideo</em></strong></span> <span class='ocrx_word' id='word_1_772' title='bbox 3635 3876 3728 3929; x_wconf 60' lang='lat' dir='ltr'><strong><em>hate</em></strong></span> 
     </span>
    </p>
   </div>
   <div class='ocr_carea' id='block_1_101' title="bbox 2189 3958 3727 4039">
    <p class='ocr_par' dir='ltr' id='par_1_101' title="bbox 2189 3958 3727 4039">
     <span class='ocr_line' id='line_1_101' title="bbox 2189 3958 3727 4039; baseline 0 -19"><span class='ocrx_word' id='word_1_773' title='bbox 2189 3975 2314 4022; x_wconf 87' lang='lat' dir='ltr'><strong><em>ante</em></strong></span> <span class='ocrx_word' id='word_1_774' title='bbox 2339 3967 2477 4022; x_wconf 91' lang='lat' dir='ltr'><strong><em>dicta</em></strong></span> <span class='ocrx_word' id='word_1_775' title='bbox 2506 3977 2648 4036; x_wconf 89' lang='lat' dir='ltr'><strong><em>sunt,</em></strong></span> <span class='ocrx_word' id='word_1_776' title='bbox 2678 3984 2746 4024; x_wconf 88' lang='lat' dir='ltr'><strong><em>ne</em></strong></span> <span class='ocrx_word' id='word_1_777' title='bbox 2769 3969 2888 4024; x_wconf 89' lang='lat' dir='ltr'><strong><em>talia</em></strong></span> <span class='ocrx_word' id='word_1_778' title='bbox 2915 3958 3189 4039; x_wconf 89' lang='lat' dir='ltr'><strong><em>patiamur.</em></strong></span> <span class='ocrx_word' id='word_1_779' title='bbox 3217 3971 3426 4025; x_wconf 89' lang='lat' dir='ltr'><strong><em>Etenim</em></strong></span> <span class='ocrx_word' id='word_1_780' title='bbox 3453 3971 3493 4024; x_wconf 91' lang='lat' dir='ltr'><strong><em>si</em></strong></span> <span class='ocrx_word' id='word_1_781' title='bbox 3515 3969 3727 4024; x_wconf 85' lang='lat' dir='ltr'><strong><em>voluisset</em></strong></span> 
     </span>
    </p>
   </div>
   <div class='ocr_carea' id='block_1_102' title="bbox 2190 4057 3724 4130">
    <p class='ocr_par' dir='ltr' id='par_1_102' title="bbox 2190 4057 3724 4130">
     <span class='ocr_line' id='line_1_102' title="bbox 2190 4057 3724 4130; baseline -0.001 -19"><span class='ocrx_word' id='word_1_782' title='bbox 2190 4057 2376 4127; x_wconf 86' lang='lat' dir='ltr'><strong><em>punire</em></strong></span> <span class='ocrx_word' id='word_1_783' title='bbox 2413 4058 2572 4122; x_wconf 89' lang='lat' dir='ltr'><strong><em>Deus,</em></strong></span> <span class='ocrx_word' id='word_1_784' title='bbox 2607 4073 2711 4115; x_wconf 92' lang='lat' dir='ltr'><strong><em>non</em></strong></span> <span class='ocrx_word' id='word_1_785' title='bbox 2750 4059 2848 4113; x_wconf 88' lang='lat' dir='ltr'><strong><em>ista</em></strong></span> <span class='ocrx_word' id='word_1_786' title='bbox 2886 4059 3218 4129; x_wconf 76' lang='lat' dir='ltr'><strong><em>prtedixisset</em></strong></span> <span class='ocrx_word' id='word_1_787' title='bbox 3245 4077 3259 4114; x_wconf 91' lang='lat'><strong><em>:</em></strong></span> <span class='ocrx_word' id='word_1_788' title='bbox 3291 4077 3474 4116; x_wconf 91' lang='lat' dir='ltr'><strong><em>verum</em></strong></span> <span class='ocrx_word' id='word_1_789' title='bbox 3512 4061 3724 4130; x_wconf 85' lang='lat' dir='ltr'><strong><em>quoniam</em></strong></span> 
     </span>
    </p>
   </div>
   <div class='ocr_carea' id='block_1_103' title="bbox 2187 4147 3725 4222">
    <p class='ocr_par' dir='ltr' id='par_1_103' title="bbox 2187 4147 3725 4222">
     <span class='ocr_line' id='line_1_103' title="bbox 2187 4147 3725 4222; baseline 0 -22"><span class='ocrx_word' id='word_1_790' title='bbox 2187 4147 2356 4201; x_wconf 90' lang='lat' dir='ltr'><strong><em>noluit</em></strong></span> <span class='ocrx_word' id='word_1_791' title='bbox 2379 4161 2475 4201; x_wconf 92' lang='lat' dir='ltr'><strong><em>nos</em></strong></span> <span class='ocrx_word' id='word_1_792' title='bbox 2503 4147 2715 4218; x_wconf 89' lang='lat' dir='ltr'><strong><em>adigere</em></strong></span> <span class='ocrx_word' id='word_1_793' title='bbox 2743 4148 2810 4202; x_wconf 90' lang='lat' dir='ltr'><strong><em>ad</em></strong></span> <span class='ocrx_word' id='word_1_794' title='bbox 2838 4149 3153 4218; x_wconf 88' lang='lat' dir='ltr'><strong><em>supplicium</em></strong></span> <span class='ocrx_word' id='word_1_795' title='bbox 3174 4191 3191 4218; x_wconf 88' lang='lat'><strong><em>,</em></strong></span> <span class='ocrx_word' id='word_1_796' title='bbox 3218 4151 3419 4205; x_wconf 90' lang='lat' dir='ltr'><strong><em>idcirco</em></strong></span> <span class='ocrx_word' id='word_1_797' title='bbox 3438 4149 3657 4222; x_wconf 59' lang='lat' dir='ltr'><strong><em>praedicit</em></strong></span> <span class='ocrx_word' id='word_1_798' title='bbox 3682 4157 3725 4200; x_wconf 78' lang='lat' dir='ltr'><strong><em>ut</em></strong></span> 
     </span>
    </p>
   </div>
   <div class='ocr_carea' id='block_1_104' title="bbox 2189 4235 3668 4311">
    <p class='ocr_par' dir='ltr' id='par_1_104' title="bbox 2189 4235 3668 4311">
     <span class='ocr_line' id='line_1_104' title="bbox 2189 4235 3668 4311; baseline 0.001 -22"><span class='ocrx_word' id='word_1_799' title='bbox 2189 4235 2534 4305; x_wconf 71' lang='lat' dir='ltr'><strong><em>prtedictione</em></strong></span> <span class='ocrx_word' id='word_1_800' title='bbox 2557 4237 2816 4308; x_wconf 89' lang='lat' dir='ltr'><strong><em>castigati,</em></strong></span> <span class='ocrx_word' id='word_1_801' title='bbox 2852 4239 3077 4294; x_wconf 86' lang='lat' dir='ltr'><strong><em>vitemus</em></strong></span> <span class='ocrx_word' id='word_1_802' title='bbox 3097 4255 3276 4295; x_wconf 90' lang='lat' dir='ltr'><strong><em>rerum</em></strong></span> <span class='ocrx_word' id='word_1_803' title='bbox 3301 4241 3668 4311; x_wconf 78' lang='lat' dir='ltr'><strong><em>experimenta.</em></strong></span> 
     </span>
    </p>
   </div>
   <div class='ocr_carea' id='block_1_105' title="bbox 2259 4325 3727 4400">
    <p class='ocr_par' dir='ltr' id='par_1_105' title="bbox 2259 4325 3727 4400">
     <span class='ocr_line' id='line_1_105' title="bbox 2259 4325 3727 4400; baseline 0.001 -21"><span class='ocrx_word' id='word_1_804' title='bbox 2259 4325 2415 4380; x_wconf 79' lang='lat' dir='ltr'><strong><em>Malis</em></strong></span> <span class='ocrx_word' id='word_1_805' title='bbox 2436 4343 2628 4397; x_wconf 90' lang='lat' dir='ltr'><strong><em>quoque</em></strong></span> <span class='ocrx_word' id='word_1_806' title='bbox 2653 4328 2801 4382; x_wconf 88' lang='lat' dir='ltr'><strong><em>datur</em></strong></span> <span class='ocrx_word' id='word_1_807' title='bbox 2826 4344 2917 4398; x_wconf 90' lang='lat' dir='ltr'><strong><em>pro</em></strong></span> <span class='ocrx_word' id='word_1_808' title='bbox 2955 4330 3229 4400; x_wconf 79' lang='lat' dir='ltr'><strong><em>benefactis</em></strong></span> <span class='ocrx_word' id='word_1_809' title='bbox 3251 4348 3438 4386; x_wconf 87' lang='lat' dir='ltr'><strong><em>merces</em></strong></span> <span class='ocrx_word' id='word_1_810' title='bbox 3473 4332 3646 4399; x_wconf 88' lang='lat' dir='ltr'><strong><em>aliqua.</em></strong></span> <span class='ocrx_word' id='word_1_811' title='bbox 3670 4356 3727 4367; x_wconf 86' lang='lat'><em>-</em></span> 
     </span>
    </p>
   </div>
   <div class='ocr_carea' id='block_1_106' title="bbox 2188 4416 3719 4490">
    <p class='ocr_par' dir='ltr' id='par_1_106' title="bbox 2188 4416 3719 4490">
     <span class='ocr_line' id='line_1_106' title="bbox 2188 4416 3719 4490; baseline 0.006 -21"><span class='ocrx_word' id='word_1_812' title='bbox 2188 4418 2257 4471; x_wconf 86' lang='lat' dir='ltr'><strong><em>At</em></strong></span> <span class='ocrx_word' id='word_1_813' title='bbox 2292 4416 2445 4487; x_wconf 85' lang='lat' dir='ltr'><strong><em>cujus</em></strong></span> <span class='ocrx_word' id='word_1_814' title='bbox 2474 4417 2686 4473; x_wconf 89' lang='lat' dir='ltr'><strong><em>tandem</em></strong></span> <span class='ocrx_word' id='word_1_815' title='bbox 2714 4419 2882 4489; x_wconf 89' lang='lat' dir='ltr'><strong><em>gratia</em></strong></span> <span class='ocrx_word' id='word_1_816' title='bbox 2921 4433 3024 4473; x_wconf 93' lang='lat' dir='ltr'><strong><em>non</em></strong></span> <span class='ocrx_word' id='word_1_817' title='bbox 3051 4419 3212 4485; x_wconf 84' lang='lat' dir='ltr'><strong><em>dixit,</em></strong></span> <span class='ocrx_word' id='word_1_818' title='bbox 3241 4421 3427 4490; x_wconf 86' lang='lat' dir='ltr'><strong><em>cepisti</em></strong></span> <span class='ocrx_word' id='word_1_819' title='bbox 3463 4422 3589 4477; x_wconf 88' lang='lat' dir='ltr'><strong><em>bona</em></strong></span> <span class='ocrx_word' id='word_1_820' title='bbox 3625 4428 3719 4478; x_wconf 81' lang='lat' dir='ltr'><strong><em>tua.</em></strong></span> 
     </span>
    </p>
   </div>
   <div class='ocr_carea' id='block_1_107' title="bbox 2186 4505 3725 4578">
    <p class='ocr_par' dir='ltr' id='par_1_107' title="bbox 2186 4505 3725 4578">
     <span class='ocr_line' id='line_1_107' title="bbox 2186 4505 3725 4578; baseline 0 -18"><span class='ocrx_word' id='word_1_821' title='bbox 2186 4505 2280 4561; x_wconf 86' lang='lat' dir='ltr'><strong><em>sed</em></strong></span> <span class='ocrx_word' id='word_1_822' title='bbox 2307 4509 2536 4577; x_wconf 76' lang='lat' dir='ltr'><strong><em>recepisti</em></strong></span> <span class='ocrx_word' id='word_1_823' title='bbox 2559 4509 2584 4560; x_wconf 68' lang='grc' dir='ltr'><em>γ</em></span> <span class='ocrx_word' id='word_1_824' title='bbox 2609 4507 2920 4563; x_wconf 84' lang='lat' dir='ltr'><strong><em>Meministis</em></strong></span> <span class='ocrx_word' id='word_1_825' title='bbox 2957 4509 3120 4578; x_wconf 88' lang='lat' dir='ltr'><strong><em>enim,</em></strong></span> <span class='ocrx_word' id='word_1_826' title='bbox 3165 4519 3247 4564; x_wconf 90' lang='lat' dir='ltr'><strong><em>sat</em></strong></span> <span class='ocrx_word' id='word_1_827' title='bbox 3286 4513 3430 4576; x_wconf 89' lang='lat' dir='ltr'><strong><em>scio,</em></strong></span> <span class='ocrx_word' id='word_1_828' title='bbox 3460 4526 3542 4565; x_wconf 90' lang='lat' dir='ltr'><strong><em>me</em></strong></span> <span class='ocrx_word' id='word_1_829' title='bbox 3573 4511 3725 4564; x_wconf 85' lang='lat' dir='ltr'><strong><em>dicere</em></strong></span> 
     </span>
    </p>
   </div>
   <div class='ocr_carea' id='block_1_108' title="bbox 2186 4597 3726 4671">
    <p class='ocr_par' dir='ltr' id='par_1_108' title="bbox 2186 4597 3726 4671">
     <span class='ocr_line' id='line_1_108' title="bbox 2186 4597 3726 4671; baseline -0.001 -19"><span class='ocrx_word' id='word_1_830' title='bbox 2186 4597 2310 4653; x_wconf 87' lang='lat' dir='ltr'><strong><em>hinc</em></strong></span> <span class='ocrx_word' id='word_1_831' title='bbox 2337 4599 2492 4654; x_wconf 90' lang='lat' dir='ltr'><strong><em>nobis</em></strong></span> <span class='ocrx_word' id='word_1_832' title='bbox 2519 4614 2666 4654; x_wconf 87' lang='lat' dir='ltr'><strong><em>mare</em></strong></span> <span class='ocrx_word' id='word_1_833' title='bbox 2685 4601 3165 4655; x_wconf 90' lang='lat' dir='ltr'><strong><em>considerationum</em></strong></span> <span class='ocrx_word' id='word_1_834' title='bbox 3191 4616 3438 4671; x_wconf 89' lang='lat' dir='ltr'><strong><em>magnum</em></strong></span> <span class='ocrx_word' id='word_1_835' title='bbox 3463 4610 3514 4656; x_wconf 90' lang='lat' dir='ltr'><strong><em>et</em></strong></span> <span class='ocrx_word' id='word_1_836' title='bbox 3535 4601 3726 4654; x_wconf 63' lang='lat' dir='ltr'><strong><em>immcno</em></strong></span> 
     </span>
    </p>
   </div>
   <div class='ocr_carea' id='block_1_109' title="bbox 2183 4691 3722 4764">
    <p class='ocr_par' dir='ltr' id='par_1_109' title="bbox 2183 4691 3722 4764">
     <span class='ocr_line' id='line_1_109' title="bbox 2183 4691 3722 4764; baseline -0.003 -18"><span class='ocrx_word' id='word_1_837' title='bbox 2183 4705 2301 4746; x_wconf 90' lang='lat' dir='ltr'><strong><em>sum</em></strong></span> <span class='ocrx_word' id='word_1_838' title='bbox 2325 4691 2539 4761; x_wconf 91' lang='lat' dir='ltr'><strong><em>aperiri.</em></strong></span> <span class='ocrx_word' id='word_1_839' title='bbox 2568 4691 2702 4746; x_wconf 87' lang='lat' dir='ltr'><strong><em>Nam</em></strong></span> <span class='ocrx_word' id='word_1_840' title='bbox 2731 4691 2845 4747; x_wconf 68' lang='lat' dir='ltr'><strong><em>haec</em></strong></span> <span class='ocrx_word' id='word_1_841' title='bbox 2871 4707 2994 4758; x_wconf 82' lang='lat' dir='ltr'><strong><em>vox,</em></strong></span> <span class='ocrx_word' id='word_1_842' title='bbox 3016 4693 3267 4764; x_wconf 86' lang='lat' dir='ltr'><strong><em>recepisti,</em></strong></span> <span class='ocrx_word' id='word_1_843' title='bbox 3292 4693 3454 4749; x_wconf 90' lang='lat' dir='ltr'><strong><em>debiti</em></strong></span> <span class='ocrx_word' id='word_1_844' title='bbox 3479 4691 3722 4761; x_wconf 85' lang='lat' dir='ltr'><strong><em>cujusdam</em></strong></span> 
     </span>
    </p>
   </div>
   <div class='ocr_carea' id='block_1_110' title="bbox 2180 4780 3725 4853">
    <p class='ocr_par' dir='ltr' id='par_1_110' title="bbox 2180 4780 3725 4853">
     <span class='ocr_line' id='line_1_110' title="bbox 2180 4780 3725 4853; baseline -0.003 -17"><span class='ocrx_word' id='word_1_845' title='bbox 2180 4781 2619 4852; x_wconf 83' lang='lat' dir='ltr'><strong><em>significationem</em></strong></span> <span class='ocrx_word' id='word_1_846' title='bbox 2647 4780 2839 4845; x_wconf 84' lang='lat' dir='ltr'><strong><em>habet,</em></strong></span> <span class='ocrx_word' id='word_1_847' title='bbox 2867 4797 2931 4836; x_wconf 91' lang='lat' dir='ltr'><strong><em>eo</em></strong></span> <span class='ocrx_word' id='word_1_848' title='bbox 2958 4782 3100 4853; x_wconf 89' lang='lat' dir='ltr'><strong><em>quod</em></strong></span> <span class='ocrx_word' id='word_1_849' title='bbox 3139 4783 3359 4853; x_wconf 90' lang='lat' dir='ltr'><strong><em>recipiat</em></strong></span> <span class='ocrx_word' id='word_1_850' title='bbox 3391 4783 3600 4851; x_wconf 88' lang='lat' dir='ltr'><strong><em>aliquis,</em></strong></span> <span class='ocrx_word' id='word_1_851' title='bbox 3624 4792 3725 4848; x_wconf 69' lang='lat' dir='ltr'><strong><em>qua:</em></strong></span> 
     </span>
    </p>
   </div>
   <div class='ocr_carea' id='block_1_111' title="bbox 2181 4872 3731 4932">
    <p class='ocr_par' dir='ltr' id='par_1_111' title="bbox 2181 4872 3731 4932">
     <span class='ocr_line' id='line_1_111' title="bbox 2181 4872 3731 4932; baseline -0.003 -4"><span class='ocrx_word' id='word_1_852' title='bbox 2181 4872 2529 4928; x_wconf 88' lang='lat' dir='ltr'><strong><em>debebantur.</em></strong></span> <span class='ocrx_word' id='word_1_853' title='bbox 2560 4873 2791 4928; x_wconf 90' lang='lat' dir='ltr'><strong><em>Proinde</em></strong></span> <span class='ocrx_word' id='word_1_854' title='bbox 2819 4874 2862 4928; x_wconf 90' lang='lat' dir='ltr'><strong><em>si</em></strong></span> <span class='ocrx_word' id='word_1_855' title='bbox 2893 4873 3042 4930; x_wconf 87' lang='lat' dir='ltr'><strong><em>dives</em></strong></span> <span class='ocrx_word' id='word_1_856' title='bbox 3084 4873 3187 4932; x_wconf 90' lang='lat' dir='ltr'><strong><em>iste</em></strong></span> <span class='ocrx_word' id='word_1_857' title='bbox 3220 4874 3478 4930; x_wconf 89' lang='lat' dir='ltr'><strong><em>scelestus</em></strong></span> <span class='ocrx_word' id='word_1_858' title='bbox 3501 4887 3561 4926; x_wconf 89' lang='lat' dir='ltr'><strong><em>ac</em></strong></span> <span class='ocrx_word' id='word_1_859' title='bbox 3578 4872 3731 4924; x_wconf 57' lang='lat' dir='ltr'><strong><em>scele-</em></strong></span> 
     </span>
    </p>
   </div>
   <div class='ocr_carea' id='block_1_112' title="bbox 2179 4955 3721 5034">
    <p class='ocr_par' dir='ltr' id='par_1_112' title="bbox 2179 4955 3721 5034">
     <span class='ocr_line' id='line_1_112' title="bbox 2179 4955 3721 5034; baseline 0.001 -16"><span class='ocrx_word' id='word_1_860' title='bbox 2179 4978 2335 5019; x_wconf 90' lang='lat' dir='ltr'><strong><em>rosus</em></strong></span> <span class='ocrx_word' id='word_1_861' title='bbox 2360 4973 2414 5019; x_wconf 88' lang='lat' dir='ltr'><strong><em>et</em></strong></span> <span class='ocrx_word' id='word_1_862' title='bbox 2459 4963 2776 5019; x_wconf 89' lang='lat' dir='ltr'><strong><em>inhumanus</em></strong></span> <span class='ocrx_word' id='word_1_863' title='bbox 2802 4963 2919 5030; x_wconf 89' lang='lat' dir='ltr'><strong><em>fuit,</em></strong></span> <span class='ocrx_word' id='word_1_864' title='bbox 2957 4964 3305 5034; x_wconf 88' lang='lat' dir='ltr'><strong><em>quamobrem</em></strong></span> <span class='ocrx_word' id='word_1_865' title='bbox 3350 4979 3456 5019; x_wconf 91' lang='lat' dir='ltr'><strong><em>non</em></strong></span> <span class='ocrx_word' id='word_1_866' title='bbox 3489 4961 3607 5017; x_wconf 89' lang='lat' dir='ltr'><strong><em>dicit</em></strong></span> <span class='ocrx_word' id='word_1_867' title='bbox 3630 4955 3721 5020; x_wconf 63' lang='lat' dir='ltr'><strong><em>illi.</em></strong></span> 
     </span>
    </p>
   </div>
   <div class='ocr_carea' id='block_1_113' title="bbox 2179 5054 3714 5126">
    <p class='ocr_par' dir='ltr' id='par_1_113' title="bbox 2179 5054 3714 5126">
     <span class='ocr_line' id='line_1_113' title="bbox 2179 5054 3714 5126; baseline -0.008 -16"><span class='ocrx_word' id='word_1_868' title='bbox 2179 5055 2387 5124; x_wconf 91' lang='lat' dir='ltr'><strong><em>cepisti,</em></strong></span> <span class='ocrx_word' id='word_1_869' title='bbox 2431 5054 2547 5117; x_wconf 86' lang='lat' dir='ltr'><strong><em>sed,</em></strong></span> <span class='ocrx_word' id='word_1_870' title='bbox 2579 5055 2809 5125; x_wconf 88' lang='lat' dir='ltr'><strong><em>recepisti</em></strong></span> <span class='ocrx_word' id='word_1_871' title='bbox 2848 5055 2979 5109; x_wconf 91' lang='lat' dir='ltr'><strong><em>bona</em></strong></span> <span class='ocrx_word' id='word_1_872' title='bbox 3015 5064 3135 5122; x_wconf 90' lang='lat' dir='ltr'><strong><em>tua,</em></strong></span> <span class='ocrx_word' id='word_1_873' title='bbox 3164 5057 3314 5126; x_wconf 89' lang='lat' dir='ltr'><strong><em>quasi</em></strong></span> <span class='ocrx_word' id='word_1_874' title='bbox 3338 5055 3458 5125; x_wconf 89' lang='lat' dir='ltr'><strong><em>jure</em></strong></span> <span class='ocrx_word' id='word_1_875' title='bbox 3487 5054 3558 5107; x_wconf 89' lang='lat' dir='ltr'><strong><em>illi</em></strong></span> <span class='ocrx_word' id='word_1_876' title='bbox 3595 5061 3714 5105; x_wconf 84' lang='lat' dir='ltr'><strong><em>com-</em></strong></span> 
     </span>
    </p>
   </div>
   <div class='ocr_carea' id='block_1_114' title="bbox 2179 5138 3718 5218">
    <p class='ocr_par' dir='ltr' id='par_1_114' title="bbox 2179 5138 3718 5218">
     <span class='ocr_line' id='line_1_114' title="bbox 2179 5138 3718 5218; baseline -0.007 -15"><span class='ocrx_word' id='word_1_877' title='bbox 2179 5147 2445 5218; x_wconf 88' lang='lat' dir='ltr'><strong><em>pelierint,</em></strong></span> <span class='ocrx_word' id='word_1_878' title='bbox 2485 5149 2743 5218; x_wconf 89' lang='lat' dir='ltr'><strong><em>quasique</em></strong></span> <span class='ocrx_word' id='word_1_879' title='bbox 2775 5147 3140 5203; x_wconf 79' lang='lat' dir='ltr'><strong><em>deberentur?</em></strong></span> <span class='ocrx_word' id='word_1_880' title='bbox 3167 5147 3301 5215; x_wconf 92' lang='lat' dir='ltr'><strong><em>Quid</em></strong></span> <span class='ocrx_word' id='word_1_881' title='bbox 3339 5147 3494 5217; x_wconf 86' lang='lat' dir='ltr'><strong><em>igitur</em></strong></span> <span class='ocrx_word' id='word_1_882' title='bbox 3518 5143 3629 5197; x_wconf 87' lang='lat' dir='ltr'><strong><em>hinc</em></strong></span> <span class='ocrx_word' id='word_1_883' title='bbox 3651 5138 3718 5193; x_wconf 91' lang='lat' dir='ltr'><strong><em>di-</em></strong></span> 
     </span>
    </p>
   </div>
   <div class='ocr_carea' id='block_1_115' title="bbox 2185 5238 3716 5310">
    <p class='ocr_par' dir='ltr' id='par_1_115' title="bbox 2185 5238 3716 5310">
     <span class='ocr_line' id='line_1_115' title="bbox 2185 5238 3716 5310; baseline -0.008 -16"><span class='ocrx_word' id='word_1_884' title='bbox 2185 5240 2422 5294; x_wconf 87' lang='lat' dir='ltr'><strong><em>scimus?</em></strong></span> <span class='ocrx_word' id='word_1_885' title='bbox 2447 5238 2598 5305; x_wconf 86' lang='lat' dir='ltr'><strong><em>Quod</em></strong></span> <span class='ocrx_word' id='word_1_886' title='bbox 2624 5240 2829 5294; x_wconf 89' lang='lat' dir='ltr'><strong><em>etiamsi</em></strong></span> <span class='ocrx_word' id='word_1_887' title='bbox 2847 5241 2934 5310; x_wconf 92' lang='lat' dir='ltr'><strong><em>qui</em></strong></span> <span class='ocrx_word' id='word_1_888' title='bbox 2955 5241 3061 5294; x_wconf 91' lang='lat' dir='ltr'><strong><em>sint</em></strong></span> <span class='ocrx_word' id='word_1_889' title='bbox 3082 5240 3351 5304; x_wconf 88' lang='lat' dir='ltr'><strong><em>scelerosi,</em></strong></span> <span class='ocrx_word' id='word_1_890' title='bbox 3373 5239 3438 5294; x_wconf 85' lang='lat' dir='ltr'><strong><em>ad</em></strong></span> <span class='ocrx_word' id='word_1_891' title='bbox 3461 5246 3716 5293; x_wconf 80' lang='lat' dir='ltr'><strong><em>extremam</em></strong></span> 
     </span>
    </p>
   </div>
   <div class='ocr_carea' id='block_1_116' title="bbox 2181 5327 3714 5400">
    <p class='ocr_par' dir='ltr' id='par_1_116' title="bbox 2181 5327 3714 5400">
     <span class='ocr_line' id='line_1_116' title="bbox 2181 5327 3714 5400; baseline -0.005 -17"><span class='ocrx_word' id='word_1_892' title='bbox 2181 5327 2546 5398; x_wconf 88' lang='lat' dir='ltr'><strong><em>improbitatis</em></strong></span> <span class='ocrx_word' id='word_1_893' title='bbox 2579 5329 2770 5384; x_wconf 89' lang='lat' dir='ltr'><strong><em>lineam</em></strong></span> <span class='ocrx_word' id='word_1_894' title='bbox 2799 5330 3026 5395; x_wconf 89' lang='lat' dir='ltr'><strong><em>devecti,</em></strong></span> <span class='ocrx_word' id='word_1_895' title='bbox 3058 5339 3233 5386; x_wconf 90' lang='lat' dir='ltr'><strong><em>tamen</em></strong></span> <span class='ocrx_word' id='word_1_896' title='bbox 3260 5330 3554 5400; x_wconf 87' lang='lat' dir='ltr'><strong><em>frequenter</em></strong></span> <span class='ocrx_word' id='word_1_897' title='bbox 3579 5335 3714 5377; x_wconf 86' lang='lat' dir='ltr'><strong><em>unum</em></strong></span> 
     </span>
    </p>
   </div>
   <div class='ocr_carea' id='block_1_117' title="bbox 2176 5408 3714 5490">
    <p class='ocr_par' dir='ltr' id='par_1_117' title="bbox 2176 5408 3714 5490">
     <span class='ocr_line' id='line_1_117' title="bbox 2176 5408 3714 5490; baseline 0.004 -16"><span class='ocrx_word' id='word_1_898' title='bbox 2176 5419 2414 5488; x_wconf 90' lang='lat' dir='ltr'><strong><em>aliquod,</em></strong></span> <span class='ocrx_word' id='word_1_899' title='bbox 2443 5419 2614 5475; x_wconf 86' lang='lat' dir='ltr'><strong><em>duove</em></strong></span> <span class='ocrx_word' id='word_1_900' title='bbox 2639 5429 2728 5475; x_wconf 92' lang='lat' dir='ltr'><strong><em>aut</em></strong></span> <span class='ocrx_word' id='word_1_901' title='bbox 2755 5421 2851 5475; x_wconf 91' lang='lat' dir='ltr'><strong><em>tria</em></strong></span> <span class='ocrx_word' id='word_1_902' title='bbox 2883 5421 3155 5477; x_wconf 89' lang='lat' dir='ltr'><strong><em>benefacta</em></strong></span> <span class='ocrx_word' id='word_1_903' title='bbox 3194 5430 3314 5478; x_wconf 90' lang='lat' dir='ltr'><strong><em>sunt</em></strong></span> <span class='ocrx_word' id='word_1_904' title='bbox 3340 5418 3557 5490; x_wconf 89' lang='lat' dir='ltr'><strong><em>operati.</em></strong></span> <span class='ocrx_word' id='word_1_905' title='bbox 3585 5408 3714 5479; x_wconf 67' lang='grc' dir='ltr'><strong><em>οη(νά</em></strong></span> 
     </span>
    </p>
   </div>
   <div class='ocr_carea' id='block_1_118' title="bbox 2178 5505 3712 5582">
    <p class='ocr_par' dir='ltr' id='par_1_118' title="bbox 2178 5505 3712 5582">
     <span class='ocr_line' id='line_1_118' title="bbox 2178 5505 3712 5582; baseline -0.003 -17"><span class='ocrx_word' id='word_1_906' title='bbox 2178 5521 2354 5566; x_wconf 91' lang='lat' dir='ltr'><strong><em>autem</em></strong></span> <span class='ocrx_word' id='word_1_907' title='bbox 2384 5513 2497 5566; x_wconf 72' lang='lat' dir='ltr'><strong><em>hazc</em></strong></span> <span class='ocrx_word' id='word_1_908' title='bbox 2522 5527 2625 5567; x_wconf 90' lang='lat' dir='ltr'><strong><em>non</em></strong></span> <span class='ocrx_word' id='word_1_909' title='bbox 2649 5512 2834 5582; x_wconf 88' lang='lat' dir='ltr'><strong><em>loquar</em></strong></span> <span class='ocrx_word' id='word_1_910' title='bbox 2857 5528 2887 5568; x_wconf 90' lang='lat' dir='ltr'><strong><em>e</em></strong></span> <span class='ocrx_word' id='word_1_911' title='bbox 2907 5513 3244 5582; x_wconf 76' lang='lat' dir='ltr'><strong><em>coniecturis,</em></strong></span> <span class='ocrx_word' id='word_1_912' title='bbox 3267 5513 3384 5565; x_wconf 92' lang='lat' dir='ltr'><strong><em>hinc</em></strong></span> <span class='ocrx_word' id='word_1_913' title='bbox 3412 5505 3712 5579; x_wconf 83' lang='lat' dir='ltr'><strong><em>perspicuum</em></strong></span> 
     </span>
    </p>
   </div>
   <div class='ocr_carea' id='block_1_119' title="bbox 2178 5590 3716 5674">
    <p class='ocr_par' dir='ltr' id='par_1_119' title="bbox 2178 5590 3716 5674">
     <span class='ocr_line' id='line_1_119' title="bbox 2178 5590 3716 5674; baseline -0.004 -18"><span class='ocrx_word' id='word_1_914' title='bbox 2178 5609 2277 5656; x_wconf 87' lang='lat' dir='ltr'><strong><em>est.</em></strong></span> <span class='ocrx_word' id='word_1_915' title='bbox 2309 5601 2442 5670; x_wconf 89' lang='lat' dir='ltr'><strong><em>Quid</em></strong></span> <span class='ocrx_word' id='word_1_916' title='bbox 2470 5603 2610 5657; x_wconf 89' lang='lat' dir='ltr'><strong><em>enim</em></strong></span> <span class='ocrx_word' id='word_1_917' title='bbox 2647 5603 2743 5656; x_wconf 86' lang='lat' dir='ltr'><strong><em>fuit</em></strong></span> <span class='ocrx_word' id='word_1_918' title='bbox 2766 5605 2855 5657; x_wconf 91' lang='lat' dir='ltr'><strong><em>illo</em></strong></span> <span class='ocrx_word' id='word_1_919' title='bbox 2882 5603 3170 5674; x_wconf 88' lang='lat' dir='ltr'><strong><em>iniquitatis</em></strong></span> <span class='ocrx_word' id='word_1_920' title='bbox 3203 5602 3377 5673; x_wconf 88' lang='lat' dir='ltr'><strong><em>judice</em></strong></span> <span class='ocrx_word' id='word_1_921' title='bbox 3399 5590 3716 5654; x_wconf 62' lang='lat' dir='ltr'><strong><em>sceleratius.</em></strong></span> 
     </span>
    </p>
   </div>
   <div class='ocr_carea' id='block_1_120' title="bbox 2177 5687 3707 5770">
    <p class='ocr_par' dir='ltr' id='par_1_120' title="bbox 2177 5687 3707 5770">
     <span class='ocr_line' id='line_1_120' title="bbox 2177 5687 3707 5770; baseline -0.004 -24"><span class='ocrx_word' id='word_1_922' title='bbox 2177 5690 2300 5766; x_wconf 87' lang='lat' dir='ltr'><strong><em>quid</em></strong></span> <span class='ocrx_word' id='word_1_923' title='bbox 2357 5693 2725 5757; x_wconf 82' lang='lat' dir='ltr'><strong><em>inhumanius,</em></strong></span> <span class='ocrx_word' id='word_1_924' title='bbox 2785 5693 2907 5767; x_wconf 85' lang='lat' dir='ltr'><strong><em>quid</em></strong></span> <span class='ocrx_word' id='word_1_925' title='bbox 2961 5694 3124 5770; x_wconf 78' lang='lat' dir='ltr'><strong><em>magis</em></strong></span> <span class='ocrx_word' id='word_1_926' title='bbox 3179 5690 3425 5762; x_wconf 87' lang='lat' dir='ltr'><strong><em>impium?</em></strong></span> <span class='ocrx_word' id='word_1_927' title='bbox 3472 5687 3517 5742; x_wconf 92' lang='lat' dir='ltr'><strong><em>Is</em></strong></span> <span class='ocrx_word' id='word_1_928' title='bbox 3555 5693 3707 5752; x_wconf 73' lang='lat' dir='ltr'><strong><em>neque</em></strong></span> 
     </span>
    </p>
   </div>
  </div>
