4046 6146
288 267 394 324 995

292 388 363 440 οὐ
379 383 468 455 μὴ
504 384 650 456 εἴπῃ
666 383 928 455 ἕκαστος
944 386 1026 455 τῷ
1047 388 1317 458 πλησίον
1337 389 1548 456 αὐτοῦ,
1569 389 1762 446 Γνῶθι
1778 389 1888 446 τὸν

295 471 534 541 Κύριον,
567 467 659 523 ὅτι
688 469 914 538 πάντες
943 471 1269 539 εὶδήσουσί
1284 490 1362 543 με
1392 473 1513 529 ἀπὸ
1539 474 1756 545 μικροῦ
1776 474 1888 541 ἕως

293 550 560 624 μεγάλου
598 552 818 609 αὐτῶν.
869 556 982 609 Kal
1008 556 1037 609 6
1064 554 1278 622 Παῧλός
1317 574 1471 628 φησι·
1500 557 1695 628 Κάγὼ,
1718 557 1887 612 ἀδελ-

295 635 419 709 εοοί,
453 632 647 708 ἦλθον
683 638 835 707 πρὸς
858 637 1037 708 ὑμᾶς,
1077 642 1150 695 οὐ
1184 643 1316 696 καθ’
1359 640 1672 710 ὑπεροχὴν
1694 643 1884 711 λόγου

297 721 333 790 ἢ
359 721 607 791 σοφίας,
633 723 1062 792 καταγγέλλων
1094 723 1239 794 ὑμῖν
1266 725 1333 779 τὸ
1358 724 1702 794 μυστήριον
1728 724 1881 798 [740]

296 804 401 859 τοῦ
420 804 590 858 Θεοῦ.
619 803 729 858 Καὶ
753 804 936 858 πάλινο
968 807 1020 858 Ὁ
1041 808 1226 876 λόγος
1237 825 1357 878 μου
1381 808 1480 862 καὶ
1515 807 1583 860 τὸ
1607 806 1885 878 κήρυγμά

288 905 409 958 μου
446 889 560 941 οὐκ
581 886 652 941 ἐν
681 888 908 954 πειθοῖς
929 901 955 930 ι
987 889 1368 959 ἀνθρωπίνης
1408 892 1633 960 σοφίας
1653 891 1880 961 λόγοις,

288 969 432 1025 ἀλλ’
465 969 536 1023 ἐν
562 969 869 1036 ἀποδείξει
901 973 1244 1043 πνεύματος
1267 973 1369 1027 καί
1406 972 1734 1045 δυνάμεως.
1769 973 1881 1027 Kal

290 1055 476 1109 πάλιν·
510 1054 832 1125 Λαλοῦμεν
854 1055 967 1125 γὰρ
1004 1058 1256 1126 σοφίαν,
1291 1058 1481 1130 φησὶν,
1509 1060 1581 1113 οὐ
1616 1057 1723 1113 τοῦ
1748 1057 1882 1111 αίῶ-

287 1155 399 1206 νος
428 1138 671 1206 τούτου,
709 1138 853 1193 οὐδὲ
876 1138 998 1194 τῶν
1022 1141 1337 1211 ἀρχόντων
1366 1141 1475 1196 τοῦ
1504 1139 1722 1206 αἰῶνος
1746 1140 1882 1196 τού-

288 1237 399 1277 του
412 1220 533 1276 τῶν
561 1222 1078 1293 καταργουμένων.
1107 1223 1352 1297 Τίνιγάρ
1382 1224 1483 1279 οὐκ
1503 1224 1618 1279 ἔστι
1653 1224 1791 1297 δῆλα
1811 1223 1882 1279 τὰ

286 1307 398 1362 τῶν
435 1297 794 1378 Εὐαγγελίων
835 1307 1084 1376 ἂπαντα;
1117 1309 1204 1374 τίς
1243 1309 1301 1363 δὲ
1328 1310 1564 1379 ἀκούων,
1584 1311 1668 1365 ὅτι
1699 1311 1882 1381 μακά-

289 1407 399 1463 ριοι
448 1392 499 1445 οί
530 1392 745 1464 πραεῖς,
787 1390 1051 1465 μακάριοι
1078 1393 1128 1445 οἱ
1158 1392 1470 1464 ἐλεήμονες,
1517 1393 1777 1465 μακάριοι
1831 1397 1881 1451 οἱ

287 1475 522 1549 καθαροὶ
550 1478 618 1548 τῇ
649 1475 869 1547 καρδίᾳ,
888 1476 986 1529 καὶ
1013 1475 1114 1529 ὅσα
1144 1475 1391 1542 τοιαῦτα,
1415 1476 1735 1531 διδασκάλου
1759 1476 1882 1548 δεή-

289 1578 465 1625 σεται,
506 1558 581 1624 ὥς
605 1577 658 1613 τι
694 1558 888 1630 μαθεῖν
909 1558 1019 1614 τῶν
1042 1558 1351 1630 λεγομένων
1379 1561 1440 1627 b;
1486 1560 1648 1616 Ἀλλά
1679 1560 1750 1616 τά
1770 1560 1880 1614 τῶν

289 1643 531 1716 σημείων
561 1645 656 1698 καὶ
685 1642 980 1715 θαυμάτων
1017 1644 1113 1698 καὶ
1144 1643 1394 1716 ἱστοριῶν
1416 1644 1538 1716 οὐχὶ
1564 1644 1658 1698 xal
1684 1644 1763 1716 τῷ
1785 1662 1881 1698 τυ-

285 1729 436 1799 χόντι
464 1728 715 1800 γνώριμα
736 1729 832 1783 καὶ
859 1728 1038 1799 σαφῆ;
1067 1726 1273 1799 Σκῆψις
1293 1729 1465 1784 ταῦτα
1489 1730 1584 1784 καὶ
1609 1730 1880 1803 πρόφασις

289 1810 382 1865 καὶ
403 1811 630 1877 νωθείας
658 1811 1167 1884 παρακαλύμματα.

358 1943 436 1997 οὐ
478 1943 621 2005 νοεῖς
667 1938 738 1995 τὰ
780 1939 1108 2011 ἑγκείμενα;
1143 1938 1262 2004 πῶς
1289 1937 1399 2013 γὰρ
1429 1940 1635 2013 δυνήσῃ
1684 1941 1876 2013 νοῆσαί

289 2042 443 2092 ποτε,
477 2024 611 2097 μηδὲ
637 2023 822 2088 ἁπλῶς
867 2021 1105 2093 ὲγκύψαι
1154 2021 1509 2096 βουλόμενος;
1540 2024 1686 2078 Λάϐε
1740 2023 1880 2095 μετὰ

286 2111 479 2180 χεῖρας
527 2107 589 2161 τὸ
641 2106 864 2178 βιϐλίον·
911 2106 1186 2175 ἀνάγνωθι
1224 2106 1324 2178 τὴν
1351 2104 1594 2178 ἱστορίαν
1635 2106 1875 2171 ἃπασαν,

289 2192 386 2246 καὶ
416 2192 483 2246 ea:
513 2189 769 2264 γνώριμα
796 2189 1106 2261 κατασχὼν,
1151 2189 1221 2243 τὰ
1251 2189 1420 2262 ἄδηλα
1447 2190 1545 2244 καὶ
1592 2189 1662 2244 τά
1689 2191 1875 2262 ἀσαφῆ

289 2275 553 2340 πολλάκις
586 2274 800 2328 ἔπελθε·
847 2274 954 2329 κᾶν
999 2274 1074 2346 μὴ
1104 2274 1343 2346 δυνηθῇς
1374 2277 1441 2346 τῇ
1473 2274 1725 2345 συνεχείᾳ
1778 2276 1877 2345 τῆς

288 2359 654 2429 ἀναγνώσεως
678 2360 857 2431 εὑρεῖν
901 2359 962 2413 τὸ
996 2359 1308 2431 λεγόμενον,
1354 2357 1572 2429 βάδισον
1602 2357 1738 2430 πρὸς
1784 2358 1877 2411 τὸν

291 2445 622 2516 σοφώτερον,
653 2443 773 2498 ὲλθὲ
817 2443 955 2516 πρὸς
1001 2443 1093 2497 τὸν
1139 2443 1474 2510 διίάσκαλον,
1514 2443 1877 2498 ἀνακοίνωσαι

291 2529 424 2602 περὶ
445 2528 555 2582 τῶν
588 2526 917 2601 εἰρημένων,
954 2526 1153 2599 πολλὴν
1176 2527 1441 2594 ἐπίδειξαι
1481 2527 1580 2600 τὴν
1615 2528 1875 2602 σπουδήν·

290 2610 397 2667 κᾶν
418 2611 505 2686 ἴδῃ
533 2629 592 2664 σε
619 2612 648 2664 6
683 2610 817 2677 Θεὸς
845 2610 1082 2682 τοσαύτῃ
1104 2610 1442 2682 κεχρημένον
1469 2614 1536 2683 τῇ
1573 2613 1874 2685 προθυμίᾳ,

288 2697 353 2751 οὐ
390 2694 710 2766 περιόψεταί
745 2703 839 2747 σου
876 2695 977 2765 τὴν
1009 2694 1321 2766 ἀγρυπνίαν
1354 2695 1450 2750 καὶ
1473 2695 1569 2768 τὴν
1599 2696 1873 2771 φροντίδα,

289 2778 430 2834 ἀλλά
463 2778 566 2833 κᾶν
597 2777 885 2849 ἄνθρωπος
916 2778 992 2849 μὴ
1027 2777 1213 2851 διδάξῃ
1233 2777 1293 2831 τὺ
1320 2776 1672 2850 ζητούμενον,
1714 2779 1876 2843 αὐτὸς

289 2860 633 2932 ἀποκαλύψει
659 2860 899 2925 πάντως.
942 2861 1345 2933 Ἀναμνήσθητι
1377 2860 1470 2915 τοῦ
1492 2862 1750 2935 εὐνούχου
1775 2864 1877 2933 τῆς

290 2944 566 3017 βασιλίδος
595 2944 895 3011 Αἰθιόπων,
933 2944 994 3008 ὃς
1024 2945 1313 3015 ἄνθρωπος
1344 2944 1620 3019 βάρϐαρος
1648 2945 1746 3011 ὢν,
1781 2948 1876 3000 καὶ

294 3027 520 3101 μυρίαις
555 3028 917 3098 συνεχόμενος
945 3028 1215 3099 φροντίσι,
1243 3030 1342 3083 καὶ
1377 3029 1717 3100 πανταχόθεν
1748 3030 1876 3084 πολ-

288 3110 405 3176 λοῖς
454 3110 960 3182 περικυκλούμενος
993 3112 1317 3185 πράγμασιν
1337 3153 1354 3177 ,
1402 3113 1505 3167 οὐκ
1539 3113 1698 3177 εἰδὼς
1730 3114 1875 3186 άπερ

287 3194 680 3263 ἀνεγίνωσκεν,
715 3194 869 3265 ὅμως
915 3194 1286 3265 ἀνεγίνωσκεν
1311 3196 1405 3250 ἐπὶ
1449 3196 1543 3250 τοῦ
1597 3198 1876 3269 ὀχήματος

288 3278 623 3350 καθήμενος.
656 3279 721 3331 Εἰ
749 3278 806 3331 δὲ
829 3280 886 3332 ὲν
921 3277 1027 3349 6δῷ
1063 3278 1337 3351 τοσαύτην
1389 3279 1627 3353 σπουδὴν
1662 3281 1876 3336 ἐπεδεί-

286 3380 477 3430 κνυτο,
497 3362 750 3433 ἐννόησον
772 3361 857 3424 τίς
884 3356 954 3432 ἦν
981 3361 1119 3416 οἴκοι
1150 3362 1448 3435 διατρίϐων
1465 3381 1480 3395 θ
1503 3366 1552 3418 εί
1573 3364 1663 3420 τὸν
1685 3364 1876 3437 καιρὸν

284 3446 390 3517 τῆς
413 3444 723 3517 ὁδοιπορίας
746 3444 846 3498 οὐκ
878 3444 1128 3515 ἠνείχετο
1156 3448 1329 3518 χωρὶς
1373 3448 1736 3518 ἀναγνώσεως
1775 3449 1874 3520 μέ-

285 3547 426 3592 νειν,
457 3526 642 3598 πολλῷ
660 3526 874 3598 ,μᾶλλον
903 3529 962 3582 ὲν
982 3531 1049 3599 τῇ
1074 3529 1225 3602 οἰκίᾳ
1254 3530 1595 3604 καθήμενοςο
1633 3535 1683 3586 εἰ
1710 3532 1875 3604 μηδὲν

286 3610 447 3675 εἰδὼς
469 3604 547 3665 ὧν
561 3611 1065 3680 ἀνεγίνωσκεν,οὑκ
1087 3614 1356 3685 ἀφίστατο
1370 3616 1468 3687 τῆς
1490 3617 1873 3686 ἀναγνώσεως,

287 3694 472 3766 πολλῷ
523 3693 727 3766 μᾶλλον
796 3695 938 3767 μετὰ
983 3697 1048 3751 τὸ
1110 3697 1323 3770 μαθεῖν.
1385 3700 1509 3754 Ὅτι
1563 3700 1674 3773 γάρ
1729 3700 1875 3774 άπερ

289 3780 664 3858 ἀνεγίνωσκεν
710 3780 813 3834 οὐκ
855 3779 1004 3851 ᾔδει,
1056 3781 1292 3837 ἄκουσον
1348 3783 1402 3838 τί
1437 3802 1605 3856 φησιν
1641 3785 1793 3858 αὐτῷ
1845 3788 1876 3841 6

286 3863 556 3928 Φίλιππος
574 3878 589 3892 ⁸
622 3857 780 3932 Ἀρά
829 3879 896 3935 γε
941 3864 1260 3936 γινώσκεις
1309 3867 1351 3922 ἀ
1390 3869 1873 3940 ἀνατινώσκειςί

286 3951 558 4013 Κάκεῖνος
570 3948 743 4004 ταῦτα
758 3948 893 4004 ἀκού
900 3967 999 4015 σας
1010 3951 1113 4006 οὐκ
1126 3953 1161 4023 ἡ
1167 3952 1266 4024 ρυθ
1275 3953 1460 4025 ρίασεν
1472 3955 1592 4009 οὐδὲ
1603 3955 1845 4029 ᾐσχύνθη
1854 3995 1871 4022 ,

285 4032 404 4088 ἀλλ’
432 4031 750 4104 ὡμολόγησε
777 4032 878 4104 τὴν
906 4034 1148 4103 ἄγνοιαν,
1175 4035 1269 4090 καί
1301 4054 1438 4109 φησι
1460 4055 1474 4070 ο
1492 4037 1629 4106 Πῶς
1655 4039 1767 4111 τάρ
1794 4041 1874 4096 ἂν

284 4116 610 4185 δυναίμην,
642 4115 752 4170 ἐὰν
775 4115 861 4185 μή
887 4132 980 4184 τις
1001 4117 1279 4189 ὀδηγήσῃ
1298 4137 1416 4192 με;
1451 4122 1606 4177 Ἐπεὶ
1637 4119 1751 4190 οὖν,
1779 4125 1872 4179 ού-

285 4199 437 4253 δέπω
473 4199 567 4252 τὸν
623 4198 920 4270 δδηγοῦντα
952 4199 1120 4271 ἔχων,
1157 4202 1331 4267 οὕτως
1369 4206 1739 4275 ἀνεγίνωσκε,
1783 4209 1873 4264 διὰ

286 4281 451 4337 τοῦτο
479 4280 692 4351 ταχέως
742 4280 1040 4336 ἐπελάϐετο
1076 4282 1171 4337 τοῦ
1198 4289 1690 4358 χειραγωγοῦντος.
1715 4288 1873 4346 Εἷδεν

284 4364 460 4448 αὐτού
483 4364 582 4435 τὴν
600 4362 918 4448 προθυμίαν
940 4365 1136 4448 δθεὸς,
1164 4367 1461 4436 ἀπεδέξατο
1481 4372 1579 4444 τὴν
1611 4375 1869 4448 σπουδὴν,

285 4448 387 4504 καὶ
437 4445 685 4517 ἐπεμψεν
729 4447 879 4519 αὐτῷ
933 4447 1257 4504 διδάσκαλον
1308 4452 1538 4518 εὐθέως.
1595 4456 1757 4511 Ἀλλά
1804 4445 1871 4513 οὐ

285 4532 554 4604 πάρεστιν
568 4531 598 4585 ὁ
611 4530 877 4595 Φίλιππος
890 4530 989 4585 νῦν
1007 4549 1022 4597 ;
1062 4532 1225 4588 Ἀλλά
1247 4534 1308 4588 τὸ
1323 4534 1548 4609 Πνεῦμα
1562 4537 1627 4592 τὸ
1643 4542 1872 4613 κινῆσαν
1906 4529 1913 4533 ⁷

281 4616 379 4670 τὸν
403 4614 670 4669 ⁴Ιιίλιπτιιον
700 4614 956 4688 πάρεστι.
1004 4616 1096 4689 Μὴ
1146 4620 1584 4692 καταφρονῶμεν
1622 4627 1724 4696 τῆς
1765 4642 1873 4680 σω-

281 4698 481 4771 τηρίας
525 4698 704 4770 ἡμῶν,
748 4699 1024 4773 ἀγαπητοί
1045 4717 1058 4731 ·
1095 4700 1280 4757 Ταῦτα
1336 4703 1516 4759 πάντα
1539 4705 1768 4778 ἐγράφη
1795 4709 1871 4765 δι’

281 4781 445 4853 ἡμᾶς
469 4782 622 4852 πρὸς
647 4786 979 4840 νουθεσίαν
1001 4785 1192 4857 ήμῶν,
1225 4788 1314 4854 είς
1339 4787 1450 4856 οὒς
1476 4790 1548 4845 τὰ
1572 4790 1718 4863 τέλη
1752 4794 1872 4851 τῶν

280 4865 516 4921 αίώνων
537 4866 906 4938 κατήντησε.
1258 4877 1261 4880 ’

354 4994 586 5068 Μεγάλη
642 4996 916 5066 ἀσφάλεια
946 4998 1084 5071 πρὸς
1117 4998 1180 5054 1:6
1239 5000 1316 5072 μὴ
1367 5001 1709 5075 ἁμαρτάνειν
1760 5008 1871 5065 τῶν

283 5077 525 5164 Γραφῶν
550 5082 585 5151 ἡ
615 5081 946 5150 ἀνάγνωσις,
977 5083 1152 5154 μέγας
1189 5085 1436 5157 κρημνὸς
1466 5088 1562 5142 καὶ
1594 5089 1870 5164 βάραθρον

285 5163 426 5235 βαθὺ
459 5162 569 5218 τῶν
598 5164 832 5238 Γραφῶν
883 5167 917 5236 ἡ
967 5167 1182 5236 ἄγνοια,
1220 5169 1434 5242 μεγάλη
1463 5173 1725 5245 προδοσία
1760 5162 1872 5231 ἀω-

283 5247 480 5320 τηρίας
506 5247 568 5301 τὸ
593 5248 760 5319 μηδὲν
784 5249 893 5303 ἀπὸ
912 5250 1021 5304 τῶν
1048 5251 1209 5307 θείων
1238 5254 1437 5309 εἰδέναι
1461 5258 1643 5329 νόμων
1662 5275 1678 5291 ο
1709 5261 1870 5316 τοῦτο

282 5336 393 5418 καὶ,
432 5333 681 5418 αἱρέσεις
722 5333 898 5399 ἔτεκε,
949 5335 1110 5389 τοῦτο
1163 5339 1258 5392 καὶ
1310 5339 1426 5411 βίον
1470 5342 1870 5418 διεφθαρμένον

282 5417 570 5502 εἰσήγαγε,
589 5416 749 5472 τοῦτο
767 5418 838 5473 τά
866 5418 979 5474 ἀνω
1008 5420 1159 5474 κάτω
1190 5424 1516 5496 πεποίηκεν.
1563 5416 1869 5502 Ἀμήχανον

282 5498 416 5574 γάρ,
448 5501 732 5572 ἀμήχανον
763 5501 1017 5576 ἄκαρπον
1061 5505 1416 5579 ἀναχωρῆσαι
1463 5524 1588 5568 τινα
1628 5498 1870 5587 συνεχῶς

346 5669 373 5756 ξ
510 5667 1251 5756 εεὲτίῃᾞρεέλρτοὲειθανοῖς,
1276 5686 1307 5726 e
1333 5673 1483 5728 Savil.
1507 5684 1562 5731 et
1581 5678 1707 5734 Bibl.
1728 5682 1863 5737 Ειιτ.

397 5731 495 5782 Alii
512 5731 640 5780 ὥστε
661 5732 821 5795 μαθεῖν
841 5731 1184 5796 τὸλεγόμενον.
1238 5731 1248 5737 ’
1643 5731 1647 5788 ξ

589 5830 854 5889 ΙἈτιιοι..
906 5832 1023 5889 Gn.
1074 5832 1352 5893 XLVIII.

1520 271 1610 328 DE
1646 271 1926 329 LAZABO
1965 272 2218 333 CONCIO
2255 276 2340 336 ΙΙΙ.

3471 290 3573 349 996

1990 392 2355 467 ἀναγνώσεως
2410 401 2759 458 ἀπολαύοντα
2829 403 2971 476 μετά
3025 400 3374 469 ἐπιστασίας.
3444 402 3576 460 Ἰδοὺ

1989 481 2124 548 γοῦν
2151 485 2253 555 μία
2279 486 2569 560 παραϐολὴ
2595 486 2741 543 πόσα
2763 490 2916 560 ἡμᾶς
2942 487 3232 560 ὠφέλησε;
3268 486 3389 551 πῶς
3417 486 3577 558 ἡμῶν

1990 565 2187 636 βελτίω
2218 568 2318 641 τὴν
2359 570 2540 644 ψυχὴν
2584 573 2925 644 είργάσατο;
2959 572 3154 627 Πολλοὶ
3200 571 3301 644 μὲν
3327 571 3468 644 γάρ,
3514 568 3575 627 εὗ

1985 648 2083 707 οἶδ’
2122 654 2228 719 ὅτι,
2276 656 2473 729 διαρκῆ
2528 659 2629 731 τὴν
2677 659 2949 730 ὠφέλειαν
2997 661 3062 713 ὲκ
3110 658 3214 730 τῆς
3254 659 3577 731 ἀκροάσεως

1985 735 2245 802 λαϐόντες
2291 740 2574 811 ἀπῆλθον’
2636 742 2687 797 εί
2732 742 2791 797 δὲ
2828 743 2936 797 είσί
2984 742 3138 817 [741]
3172 759 3343 808 τινες,
3391 742 3442 798 οἳ
3501 744 3577 816 μὴ

1982 821 2241 878 τοσοῦτον
2272 825 2688 897 ἐκαρπώσαντο,
2741 827 2860 883 ἀλλ’
2889 829 3042 901 ὅμως
3069 828 3169 900 τὴν
3197 828 3331 898 γοῦν
3357 828 3577 900 ἡμέραν

1984 907 2158 980 αὐτὴν
2175 948 2190 974 ,
2228 908 2352 962 καθ’
2381 911 2448 980 ἢν
2475 911 2741 981 ἥκουσαν,
2778 912 3025 983 βελτίους
3053 913 3307 982 ἐγένοντο
3329 913 3572 978 πάντως.

1982 991 2058 1044 Οὐ
2105 992 2302 1064 μικρὸν
2343 993 2402 1048 δὲ
2433 994 2531 1048 καὶ
2556 994 2617 1048 τὸ
2647 996 2867 1067 ἡμέραν
2899 996 3028 1067 μίαν
3070 998 3129 1050 ὲν
3158 996 3576 1068 ἁμαρτημάτων

1982 1076 2278 1145 κατανύξει
2325 1077 2635 1148 διαγαγεῖν,
2664 1081 2762 1134 καὶ
2804 1080 3093 1152 διαϐλέψαι
3135 1080 3275 1153 πρὸς
3318 1083 3419 1153 τὴν
3461 1084 3576 1137 ἀνω

1983 1158 2329 1231 φιλοσοφίαν,
2359 1161 2457 1217 καὶ
2485 1167 2797 1235 παρασχεῖν
2816 1168 2882 1237 τῇ
2911 1165 3058 1238 ψυχῇ
3098 1164 3294 1237 μικρὸν
3314 1163 3445 1235 γοῦν
3467 1164 3575 1219 ἀπὸ

1982 1243 2092 1297 τῶν
2133 1243 2409 1315 βιωτικῶν
2450 1247 2789 1304 ἀναπνεῦσαι
2831 1249 3156 1321 φροντίδων.
3202 1250 3302 1303 Ἂν
3347 1248 3405 1302 δὲ
3449 1249 3572 1303 καθ’

1982 1326 2225 1399 ἑκάστην
2248 1328 2409 1383 τοῦτο
2438 1329 2691 1402 ποιῶμεν
2723 1330 2965 1399 σύναξιν,
3002 1333 3099 1387 καὶ
3149 1333 3224 1403 μὴ
3270 1331 3577 1403 διαλιμπά--

1981 1429 2184 1484 νωμεν,
2216 1415 2251 1486 ἡ
2269 1413 2524 1486 συνέχεια
2544 1416 2646 1488 τῆς
2675 1416 2999 1488 ἀκροάσεως
3025 1416 3323 1489 ἐργάσεταί
3340 1434 3394 1471 τι
3428 1416 3575 1488 μέγα

1981 1497 2076 1550 καὶ
2096 1499 2345 1565 γενναῖον
2375 1500 2434 1552 ὲν
2471 1500 2605 1571 ἡμῖν
2628 1493 2855 1569 ἀγαθόν.

1962 1617 1968 1627 ι
2050 1586 2114 1640 δ’.
2139 1586 2277 1660 Φέρε
2312 1584 2407 1643 οὖν
2439 1590 2533 1643 καὶ
2551 1589 2621 1644 τὰ
2648 1589 2778 1663 ἑξῆς
2811 1590 2975 1645 πάλιν
3008 1588 3300 1662 ἀποδῶμεν
3327 1590 3456 1663 ὑμῖν
3472 1591 3575 1663 τῆς

1981 1678 2322 1752 παραϐολῆς.
2342 1678 2477 1734 Τίνα
2497 1678 2554 1733 δέ
2583 1679 2790 1735 ἐστιτὰ
2815 1680 2973 1753 ἑξῆςς
2996 1681 3256 1745 Εἰπόντος
3271 1681 3364 1735 τοῦ
3393 1681 3561 1736 πλου-

1982 1771 2118 1840 σίου,
2133 1772 2383 1844 Πέμψον
2397 1772 2681 1844 Λάᾷιρον,
2710 1775 2813 1830 ἵνα
2825 1773 3125 1845 ἐπιστάεῃ
3160 1772 3241 1841 τῷ
3259 1774 3423 1842 ἄκρῳ
3450 1773 3562 1830 τοῦ

1979 1866 2287 1923 δακτύλου
2311 1868 2521 1932 αὑτοῦ,
2548 1868 2648 1924 καί
2665 1870 2988 1945 καταψύξῃ
3010 1870 3121 1942 τήν
3131 1889 3252 1942 μου
3272 1868 3569 1942 γλῶτταν,

1980 1960 2305 2033 ἀκούσωμεν
2338 1960 2393 2015 τί
2422 1979 2590 2032 φησιν
2630 1962 2911 2036 Ἀϐραάμ·
2945 1964 3191 2027 Τέκνον,
3222 1964 3571 2033 μνήσθητι,

1979 2053 2070 2108 ὅτι
2102 2054 2404 2121 ἀπέλαϐες
2444 2055 2528 2109 σὺ
2561 2057 2635 2111 τὰ
2671 2055 2866 2126 ἀγαθοί
2890 2071 3008 2112 σου
3039 2057 3110 2112 ἐν
3157 2057 3235 2127 τῇ
3266 2056 3381 2128 ζ’ωῇ
3427 2076 3568 2125 σου,

1979 2141 2079 2196 καὶ
2107 2141 2371 2212 Λάζαρος
2391 2144 2467 2199 τὰ
2491 2144 2650 2200 κακά
2667 2160 2684 2178 ο
2724 2145 2822 2200 καὶ
2851 2147 2970 2203 νῦν
2996 2144 3178 2217 οὗτος
3205 2150 3572 2220 παρακαλεῖ-

1978 2251 2095 2298 ται,
2138 2233 2221 2288 σὺ
2269 2232 2339 2288 δὲ
2387 2234 2709 2293 ὀδυνᾶσαι.
2763 2237 2875 2293 Καὶ
2909 2238 3010 2294 ἐπὶ
3041 2238 3195 2295 πᾶσι
3235 2241 3305 2295 δὲ
3333 2244 3570 2310 τούτοις

1979 2326 2186 2398 χάσμα
2193 2328 2348 2399 μέγα
2359 2331 2590 2400 μεταξὺ
2609 2331 2781 2402 ἡμῶν
2798 2349 2865 2388 τε
2889 2337 2990 2391 καί
3009 2332 3180 2404 ὑμῶν
3195 2334 3565 2405 ἐστήρικται,

1979 2416 2141 2485 ὅπως
2161 2421 2216 2473 οὶ
2238 2419 2525 2489 θέλοντες
2552 2421 2788 2477 ἐκεῖθεν
2810 2424 3093 2495 διαϐῆναι
3121 2425 3275 2495 πρὸς
3290 2425 3467 2498 ἡμᾶς,
3478 2426 3567 2498 μὴ

1976 2508 2275 2567 δύνωνται
2299 2553 2314 2579 ,
2365 2513 2521 2583 μήτε
2583 2516 2640 2571 oi
2691 2516 2978 2574 ἐντεῦθεν
3027 2518 3159 2573 ἐκεῖ
3217 2519 3567 2589 διαπερῶσι.

1976 2604 2216 2677 Φορτικά
2241 2606 2310 2662 τὰ
2343 2609 2635 2684 εἰρημένα,
2674 2614 2770 2668 καὶ
2797 2613 3002 2688 πολλὴν
3022 2614 3181 2689 ἡμῶν
3215 2616 3441 2688 κατέχεε
3467 2616 3569 2693 τὴν

1975 2699 2187 2770 ὀδύνην.
2248 2698 2382 2759 Οἶδα
2415 2704 2609 2774 κάγώ·
2642 2706 2762 2762 ἀλλ’
2803 2708 2928 2764 ὅσον
2973 2708 3161 2765 δάκνει
3194 2709 3257 2765 τὸ
3298 2711 3565 2780 συνειδὸς,

1975 2792 2234 2848 τοσοῦτον
2287 2795 2382 2850 καὶ
2414 2796 2620 2867 ὠφελεῖ
2645 2798 2747 2870 τὴν
2780 2799 3020 2857 διάνοιαν
3053 2801 3164 2856 τῶν
3192 2802 3564 2876 δακνομένων.

1978 2888 2041 2941 EE
2085 2888 2186 2959 μὲν
2222 2890 2332 2962 γάρ
2358 2891 2478 2947 ἐκεῖ
2509 2892 2685 2948 ταῦτα
2733 2895 2955 2965 ἐλέγετο
3001 2898 3157 2969 ἡμῖν,
3193 2898 3450 2972 καθάπερ
3485 2900 3567 2971 τῷ

1977 2980 2220 3053 πλουσίῳ
2249 3021 2265 3048 ,
2323 2982 2494 3048 ὅντως
2543 2984 2766 3058 θρηνεῖν
2817 2987 2927 3042 ἔδει
2979 2990 3076 3044 καὶ
3124 2990 3416 3061 ὀδύρεσθαι
3471 2993 3568 3047 καὶ

1981 3072 2221 3141 πενθεῖν,
2260 3075 2344 3128 ὅτι
2378 3076 2673 3147 μετανοίας
2711 3078 2905 3151 καιρὸς
2934 3081 3035 3135 οὐκ
3061 3079 3144 3136 ἔτι
3187 3085 3323 3154 ἡμῖν
3371 3084 3568 3138 ὑπελέ-

1976 3161 2198 3219 λειπτοο
2239 3167 2429 3239 ἐπειδὴ
2482 3167 2541 3222 δὲ
2594 3169 2832 3224 ἐνταῦθα
2884 3172 3038 3238 ὄντες
3066 3174 3240 3230 ταῦτα
3269 3176 3565 3248 ἀκούομεν,

1975 3252 2113 3307 ὅπου
2163 3256 2261 3311 καὶ
2319 3257 2596 3329 ἀνανῆψαι
2649 3260 2899 3329 δυνατὸν,
2952 3263 3050 3318 καὶ
3084 3267 3153 3320 τά
3198 3269 3569 3341 ἡμαρτημένα

1975 3343 2346 3416 ἀπονίψασθαι
2379 3348 2475 3401 καὶ⁵
2505 3349 2710 3422 πολλὴν
2754 3352 3062 3424 κτήσασθαι
3089 3355 3191 3428 τὴν
3227 3358 3567 3431 παρρησίαν,

1976 3435 2072 3489 καὶ
2108 3437 2175 3489 ὲκ
2219 3437 2328 3492 τῶν
2373 3438 2586 3511 ἑτέροις
2626 3443 2960 3515 συμϐάντων
3000 3447 3188 3502 κακῶν
3227 3449 3570 3521 φοϐηθέντας

1980 3525 2407 3617 μεταϐαλέσθαι,
2443 3531 2864 3607 εὐχαριστῶμεν
2893 3535 2972 3609 τῷ
3018 3537 3388 3614 φιλανθρώπῳ
3420 3542 3564 3617 Θεῷ,

1976 3614 2156 3708 τῷ
2171 3617 2268 3690 τῆς
2285 3619 2488 3692 ἑτέρων
2513 3623 2791 3691 κολάσεως
2815 3628 2912 3700 τὴν
2937 3631 3216 3705 ἡμετέραν
3239 3614 3565 3708 διεγείροντι

1975 3705 2224 3803 νωθείαν,
2242 3709 2338 3803 καὶ
2366 3710 2727 3782 ἀφυπνίξοντι
2752 3719 3116 3788 καθεύδοντας
3133 3727 3309 3798 ἡμᾶς.
3331 3705 3432 3784 Διά
3454 3729 3565 3803 γάρ

1960 3796 2139 3895 ὸτοῦτο
2163 3800 2341 3855 ταῦτα
2373 3806 2727 3880 προείρηται,
2754 3811 2842 3866 ἵνα
2870 3812 2947 3886 μὴ
2978 3815 3153 3870 ταῦτα
3186 3818 3470 3893 πάθωμεν.
3500 3824 3563 3878 Et

1973 3889 2086 3986 γάρ
2136 3892 2393 3986 ἐϐούλετο
2444 3898 2694 3970 κολάσαι,
2751 3904 2854 3959 οὐκ
2902 3906 2971 3962 ἂν
3025 3909 3202 3966 ταῦτα
3264 3889 3561 3986 προεῖπενο

1974 3984 2166 4077 ἐπειδὴ
2195 3986 2253 4042 δὲ
2298 3991 2361 4043 οὐ
2415 3989 2667 4061 βούλεται
2714 3993 2976 4068 ἐμϐαλεῖν
3022 4001 3106 4066 είς
3144 3984 3441 4077 τιμωρίαν,
3471 4009 3563 4064 διά

1972 4076 2134 4132 τοῦτο
2188 4081 2447 4153 προλέγει
2500 4085 2601 4158 τὴν
2649 4087 2942 4160 τιμωρίαν,
2995 4091 3084 4146 ῖνα
3137 4097 3206 4166 τῇ
3257 4099 3563 4170 προῤῥὴσει

1976 4171 2441 4245 σωφρονισθέντες
2462 4175 2562 4250 τὴν
2593 4177 2684 4233 διὰ
2714 4179 2825 4235 τῶν
2858 4183 3203 4257 πραγμάτων
3230 4188 3563 4260 ὲκφύγωμεν

1973 4264 2194 4335 πεῖραν.

2059 4356 2221 4450 Ἀλλά
2247 4360 2395 4426 τίνος
2433 4361 2622 4419 ἕνεκεν
2666 4368 2766 4423 οὐκ
2794 4364 2969 4439 εἶπεν,
3017 4373 3251 4443 Ἔλαεες
3281 4377 3351 4432 τά
3380 4380 3564 4450 ἀγαθά

1976 4465 2093 4513 σου,
2128 4448 2267 4515 ἀλλ’,
2307 4452 2624 4523 Ἅπέλαϐες
2641 4458 2979 4531 ;Μέμνησθε
3005 4463 3115 4537 γὰρ
3147 4461 3208 4521 εὖ
3242 4463 3338 4523 οἷδ’
3367 4448 3450 4525 δτι
3471 4475 3557 4526 ὲν-

1978 4540 2191 4636 ιτεῦθεινΔ
2217 4542 2355 4636 ἔφην
2403 4545 2639 4636 πέλαγος
2678 4551 2880 4623 ἀχανὲς
2926 4556 3021 4610 καὶ
3079 4559 3223 4630 μέγα
3269 4564 3562 4636 νοημάτων

1973 4633 2108 4705 ἡμῖν
2148 4633 2485 4730 ἀνοίγεσθαι
2520 4654 2535 4669 ο
2582 4639 2645 4694 τὸ
2693 4642 2804 4715 γὰρ
2835 4683 2852 4711 ,
2918 4648 3264 4720 Ἀπέλαόες,
3337 4633 3562 4730 ὀφειλὴν

1982 4743 2107 4782 τινα
2141 4727 2556 4802 ἐνδεικνυμένου
2604 4736 2699 4790 καὶ
2736 4737 3022 4809 δηλοῦντός
3075 4744 3253 4800 ἐστιν·
3288 4727 3561 4823 ,ἀπολαμ-

1976 4818 2133 4914 ϐάνει
2188 4822 2298 4895 γάρ
2343 4840 2430 4889 τις
2459 4826 2530 4882 τά
2575 4830 2920 4902 ὀφειλόμενα.
2976 4836 3044 4890 Εί
3100 4837 3280 4894 τοίνυν
3331 4818 3558 4914 μιαρδς,

1973 4912 2070 4968 καὶ
2114 4915 2461 4990 παμμίαρος,
2499 4920 2594 4975 καὶ
2628 4922 2785 4995 ὠμὸς
2833 4928 2929 4982 καὶ
2983 4929 3352 5003 ἀπάνθρωπος
3402 4912 3562 5004 οὗτος

1970 5006 2000 5058 6
2029 5004 2284 5071 πλούσιος
2302 5004 2391 5081 ἦν,
2426 5011 2573 5077 τίνος
2603 5013 2788 5070 ἕνεκεν
2815 5019 2916 5073 οὐκ
2953 5015 3107 5075 εἶπεν
3126 5023 3297 5096 αὐτῷ,
3325 5026 3559 5095 Ἔλαϐες

1970 5102 2046 5157 τὰ
2075 5102 2270 5173 ἀγαθά
2296 5122 2437 5172 σου,
2474 5109 2616 5174 ἀλλ’,
2659 5112 3008 5183 Ἀπέλαὸες,
3027 5117 3104 5182 ὡς
3131 5123 3557 5196 χρεωστούμενα

1971 5196 2068 5250 καὶ
2095 5197 2456 5270 ὁφειλόμενα;
2494 5202 2560 5256 Τί
2585 5198 2678 5259 οὖν
2717 5207 2970 5263 ἐντεῦθεν
3004 5211 3393 5285 μανθάνομεν;
3433 5218 3556 5272 Ὅτι

1973 5286 2075 5342 κᾶν
2103 5292 2289 5363 μιαροί
2325 5309 2468 5356 τινες
2493 5286 2594 5348 ὦσι
2635 5297 2731 5350 καὶ
2754 5299 2835 5363 είς
2869 5297 3095 5370 ἔσχατον
3127 5303 3330 5368 κακίας
3363 5305 3555 5379 ἐληλα-

1979 5380 2160 5446 κότες,
2192 5382 2456 5447 πολλάκις
2498 5386 2558 5439 ἓν
2604 5403 2655 5439 τι
2694 5388 2790 5442 καὶ
2833 5389 2927 5444 δύο
2957 5393 3052 5446 καὶ
3073 5393 3200 5465 τρία
3231 5397 3557 5467 εἰργάσαντο

1971 5471 2170 5542 ἀγαθά.
2222 5474 2335 5529 Kal
2369 5476 2544 5530 ὅτιού
2577 5479 2974 5552 στοχαζόμενος
3018 5484 3195 5540 ταῦτα
3248 5486 3345 5542 νῦν
3386 5472 3550 5561 λέγω,

1969 5562 2127 5634 δῆλον
2151 5563 2380 5621 ἐκεῖθεν.
2411 5565 2478 5619 Τί
2496 5568 2605 5641 γάρ
2626 5569 2722 5623 τοῦ
2753 5573 2943 5644 κριτοῦ
2968 5576 3067 5647 τῆς
3095 5578 3308 5646 ἀδικίας
3335 5582 3551 5639 ἐκείνου

1977 5653 2321 5728 μιαρώτερον
2353 5658 2578 5743 γέγονε;
2633 5662 2688 5715 τί
2735 5664 2793 5719 δὲ
2827 5666 3357 5743 ἀπανθρωπότερον;
3409 5675 3465 5731 τί
3491 5677 3553 5732 δὲ

1974 5745 2371 5821 ἀσεϐέστερονς
2404 5742 2575 5817 οὗτος
2621 5751 2746 5810 οὔτε
2798 5756 2887 5812 τὸν
2921 5758 3054 5816 Θεὸν
3089 5742 3363 5835 ἐφοϐεῖτο,
3421 5764 3546 5820 οὔτε

3160 5861 3239 5918 30
