4046 6146
544 273 645 330 597

546 388 870 462 ἀνθρώπους
920 388 1187 462 ᾐσχύνετο
1212 406 1226 421 ·
1275 389 1391 444 ἀλλ’
1424 390 1576 460 ὅμως
1611 386 1851 460 τοσαύτῃ
1892 382 2130 456 πονηρία

547 472 750 539 συζῶν,
789 474 1087 546 εἰργάσατό
1109 490 1164 527 τι
1194 473 1379 537 καλὸν,
1409 473 1506 545 τὴν
1531 472 1774 544 συνεχῶς
1805 467 2131 541 ἐνοχλοῦσαν

547 555 698 628 αὑτῷ
735 557 962 629 ἐλεήσας
992 558 1189 629 χήραν,
1221 558 1316 612 καὶ
1360 555 1653 619 ἐπινεύσας
1681 556 1748 626 τῇ
1785 554 1993 624 χάριτι,
2039 551 2133 605 καὶ

545 636 677 703 δοὺς
697 639 796 711 τὴν
818 641 1055 711 αἴτησιν,
1079 641 1175 695 καὶ
1202 637 1355 712 [742]
1386 638 1692 703 ἐπεξελθὼν
1721 641 1833 702 τοῖς
1857 634 2132 692 ἀδικοῦσιν

546 721 741 794 αὐτήν.
779 722 940 778 Οὑτω
974 724 1268 795 συμϐαίνει
1317 723 1444 778 τινὰ
1485 722 1785 777 ἀκόλαστον
1840 720 1939 792 μὲν
1971 712 2133 779 εἶναι,

449 804 458 813 ’
542 806 819 879 ἐλεήμονα
848 806 906 862 δέ
939 807 1201 872 πολλάκις
1222 824 1237 839 ο
1272 807 1306 878 ἢ
1342 806 1709 878 ἀπάνθρωπον
1741 804 1860 877 μὲν,
1883 801 2134 873 σώφρονα

546 890 636 944 δέ·
665 893 716 944 εἰ
754 893 810 946 δὲ
840 892 936 946 καὶ
965 891 1269 954 ἀκόλαστος
1298 891 1394 944 καὶ
1426 889 1579 961 ὠμὸς
1607 890 1715 961 εἴη,
1748 887 1865 943 ἀλλ’
1894 888 2042 958 ὅμως
2074 883 2135 937 ἓν

547 991 601 1029 τι
629 975 775 1030 κατά
804 974 893 1030 τὸν
923 975 1038 1046 βίον
1070 974 1337 1038 πολλάκις
1366 972 1605 1045 ἔπραξεν
1646 971 1874 1042 ἀγαθόν.
1902 970 1978 1025 Τὸ
2004 967 2136 1022 αὐτὸ

542 1058 613 1129 ’δὴ
669 1058 833 1115 πάλιν
866 1060 961 1114 καὶ
1004 1059 1100 1113 ἐπὶ
1130 1058 1240 1113 τῶν
1275 1072 1301 1101 δ
1340 1057 1593 1131 χρηστῶν
1625 1054 1953 1113 ὑποπτεύειν
2003 1052 2132 1125 χρή.

551 1142 818 1215 Καθάπερ
839 1142 949 1216 γάρ
972 1144 1023 1196 οἰ
1070 1142 1396 1220 φαυλότατοι
1431 1138 1758 1212 ἐργάζονταί
1791 1155 1844 1192 τι
1873 1136 2136 1220 πολλάκις

549 1227 814 1297 χρηστὸν,
858 1226 1001 1282 οὑτω
1041 1218 1136 1280 καῐ
1187 1228 1236 1281 οἰ
1291 1225 1570 1279 σπουδαῖοι
1623 1222 1719 1277 καὶ
1763 1220 2011 1293 ἐνάρετοι
2058 1218 2134 1272 δι-

544 1309 924 1379 αμαρτάνουσί
976 1328 1030 1365 τι
1079 1308 1363 1372 πολλάκις.
1427 1308 1524 1374 Τίς
1576 1305 1690 1377 γὰρ
1737 1303 2133 1373 καυχήσεται,

547 1394 737 1465 φησὶν,
763 1393 961 1464 ἁγνὴν
991 1394 1157 1462 ἔχειν
1184 1392 1299 1462 τὴν
1315 1391 1590 1461 καρδίαν,
1621 1390 1659 1459 ἢ
1688 1390 1780 1456 τίς
1807 1385 2136 1458 παρρησιά-

546 1489 719 1529 σεται
753 1477 1011 1545 καθαρὸς
1041 1473 1194 1531 εἶναι
1217 1477 1337 1532 ἀπὸ
1364 1474 1655 1549 ἁμαρτίας
1680 1489 1695 1539 ;

624 1559 786 1613 Ἐπεὶ
817 1557 909 1613 οὖν
954 1559 1101 1623 εἰκὸς
1122 1554 1191 1631 ἦν
1228 1560 1324 1613 καὶ
1355 1559 1445 1612 τὸν
1486 1556 1765 1620 πλούσιον,
1796 1556 1846 1609 εί
1876 1554 1973 1608 καὶ
1998 1553 2133 1624 πρὸς

548 1642 774 1713 ἔσχατον
809 1643 1063 1714 ἐληλάκει
1096 1640 1383 1715 πονηρίας,
1414 1639 1756 1714 ἐργάσασθαί
1807 1656 1860 1693 τι
1906 1637 2131 1707 ἀγαθὸν,

549 1729 644 1781 καὶ
684 1727 775 1781 τὸν
811 1726 1082 1797 Λάζαρον,
1131 1728 1179 1780 εἰ
1221 1727 1317 1780 καὶ
1364 1726 1500 1798 πρὸς
1538 1724 1707 1798 ἀκρον
1745 1724 1974 1793 ἀφίκετο
2008 1723 2134 1794 ἀρε-

547 1809 646 1881 τῆς
674 1808 724 1874 ι),
755 1811 1136 1882 ἡμαρτηκέναι
1170 1826 1224 1863 τι
1280 1809 1497 1882 μικρὸν,
1539 1809 1641 1880 ὅρα
1686 1806 1806 1871 πῶς
1848 1804 2135 1877 ἀμφότερα

465 1883 470 1888 ’
548 1893 719 1946 ταῦτα
751 1895 974 1965 ᾐνίξατο
999 1897 1027 1947 ό
1064 1893 1432 1966 πατριάρχης,
1464 1893 1654 1958 εἰπὼν,
1683 1892 1763 1946 ὅτι
1796 1889 2003 1946 Καίσὺ
2023 1890 2136 1944 άπ-

546 1980 760 2046 ἐλαϐες
790 1978 861 2032 τὰ
889 1977 1083 2048 ἀγαθὰ
1118 1995 1234 2034 σου
1260 1979 1330 2032 ἐν
1352 1977 1427 2046 τῇ
1463 1975 1578 2047 (toﬁ
1608 1993 1747 2041 σου,
1770 1975 1869 2030 καί
1896 1977 1935 2030 ὁ
1953 1970 2136 2035 Λάζα-

544 2081 652 2134 ρος
683 2063 898 2132 ὁμοίως
936 2064 1007 2117 τὰ
1035 2062 1210 2116 κακά.
1247 2064 1312 2117 ὐ
1340 2062 1399 2117 δὲ
1426 2061 1577 2131 λέγει
1603 2060 1762 2115 τοῦτό
1790 2063 1958 2113 ἐστιν·
1993 2057 2062 2111 Et
2081 2074 2135 2110 τι

547 2146 646 2200 καὶ
685 2146 750 2198 σὺ
784 2146 990 2215 ἀγαθὸν
1014 2145 1276 2219 εἰργάσω,
1319 2145 1416 2199 καὶ
1453 2143 1718 2214 ὼφείλετό
1760 2158 1842 2195 σοι
1881 2139 2073 2194 τούτου
2106 2141 2136 2194 ό

553 2230 766 2302 μισθὸς,
799 2232 979 2285 πάντα
1005 2230 1181 2285 ταῦτα
1202 2233 1259 2285 ἐν
1288 2230 1483 2301 ἐκείνῳ
1510 2228 1589 2300 τῷ
1613 2227 1806 2299 κόσμῳ
1839 2225 2133 2293 ἀπέλαϐες,

547 2314 791 2387 τρυφῶν,
823 2313 1092 2380 πλουτῶν,
1134 2315 1436 2387 εὐημερίας
1467 2312 1759 2368 ἀπολαύων
1798 2312 1892 2366 καὶ
1930 2311 2134 2381 εὐπρα-

548 2399 676 2468 γίας
710 2397 930 2469 πολλῆς·
959 2400 1053 2452 καὶ
1082 2393 1236 2462 οὗτος
1265 2397 1321 2452 εἴ
1336 2415 1389 2450 τι
1415 2395 1586 2452 κακὸν
1618 2394 1935 2472 εἰργάσατο,
1961 2397 2137 2451 πάντα

547 2481 826 2537 ’ἀπέλαϐεν
872 2485 929 2536 ἐν
964 2482 1129 2552 πενίᾳ
1168 2482 1264 2536 καὶ
1289 2479 1432 2551 λιμῷ
1476 2480 1571 2535 καὶ
1600 2483 1716 2543 τοῖς
1749 2479 2001 2550 ἐσχάτοις
2037 2496 2136 2534 τα-

549 2564 1000 2638 λαιπωρούμενος
1030 2567 1240 2629 κακοῖς·
1290 2566 1386 2618 καὶ
1431 2563 1639 2633 γυμνὸς
1679 2564 1938 2634 ἑκάτερος
1983 2561 2136 2634 ὑμῶν

550 2649 783 2703 ἐνταῦθα
834 2651 1084 2718 ἀφῖκται,
1131 2649 1338 2711 ἐκεῖνος
1380 2647 1478 2718 μὲν
1517 2645 1953 2718 ἁμαρτημάτων,
1986 2645 2051 2698 σὺ
2080 2644 2138 2699 δὲ

549 2731 898 2801 δικαιοσύνης
954 2729 1419 2803 κατορθωμάτων.
1482 2729 1581 2782 Διά
1628 2727 1786 2781 τοῦτο
1832 2728 1926 2782 καὶ
1983 2721 2137 2791 οὗτος

552 2813 801 2887 καθαρὰν
824 2814 936 2885 ἔχει
965 2815 1063 2885 τὴν
1089 2812 1454 2884 παράκλησιν,
1478 2812 1573 2867 καὶ
1600 2812 1663 2865 σὺ
1700 2810 2136 2883 ἀπαραμύθητον

551 2898 850 2969 ὑπομένεις
877 2897 976 2969 τὴν
1004 2897 1297 2968 τιμωρίαν.
1336 2897 1506 2950 Ὅταν
1527 2895 1638 2967 γὰρ
1661 2893 1836 2967 μικρά
1869 2895 1964 2948 καὶ
1984 2894 2138 2947 εὐτε-

551 2983 620 3054 λῆ
648 2982 716 3036 τά
743 2979 1146 3053 κατορθώματα
1170 2980 1326 3051 ἡμῶν
1342 2974 1397 3053 ᾖ,
1422 2980 1518 3035 καὶ
1544 2979 1713 3043 πολὺς
1743 2979 1838 3032 καὶ
1872 2977 2078 3048 ἀφατος
2108 2978 2137 3030 ό

550 3066 661 3120 τῶν
717 3064 1131 3136 ἁμαρτημάτων
1181 3063 1367 3133 ὄγκος,
1405 3058 1525 3118 εἶτα
1570 3060 1804 3117 ἐνταῦθα
1831 3059 2138 3133 εὐπραγίας

548 3148 972 3220 ἀπολαύσωμεν,
1004 3148 1100 3201 καὶ
1133 3148 1300 3220 μηδὲν
1327 3146 1591 3218 πάθωμεν
1618 3146 1815 3212 δεινὸν,
1842 3147 1937 3201 καὶ
1965 3147 2137 3218 αὐτῆς

549 3233 659 3287 τῶν
690 3230 910 3302 ἀγαθῶν
933 3232 1032 3302 τῆς
1060 3230 1296 3303 ἀμοιϐῆς
1328 3229 1525 3303 ἔρημοι
1559 3231 1654 3285 καὶ
1680 3231 1878 3302 γυμνοὶ
1916 3230 2136 3294 πάντως

551 3315 989 3388 ἀπελευσόμεθα,
1020 3315 1197 3369 πάντα
1220 3326 1242 3356 ο
1277 3315 1511 3369 ἐνταῦθα
1533 3314 1922 3378 ἀπολαϐόντες·
1945 3313 2136 3385 ῶσπερ

551 3399 646 3457 οὑν
668 3403 794 3456 ὅταν
822 3400 1038 3472 μεγάλα
1079 3400 1179 3471 μὲν
1276 3398 1345 3452 τὰ
1381 3399 1781 3472 κατορθώματα
1809 3398 1903 3454 καὶ
1939 3397 2133 3465 πολλὰ,

556 3485 730 3557 μικρά
768 3485 825 3539 δέ
854 3485 948 3539 καὶ
980 3483 1173 3554 εὐτελῆ
1202 3483 1270 3537 τά
1304 3483 1698 3556 ἁμαρτήματα,
1724 3480 1845 3538 εἶτα
1874 3483 2137 3554 πάθωμέν

551 3587 605 3623 τι
641 3569 833 3634 δεινὸν,
876 3570 966 3623 καὶ
1004 3568 1145 3622 αὑτά
1187 3566 1257 3624 τά
1299 3566 1473 3638 μικρὰ
1512 3567 1748 3622 ἐνταῦθα
1786 3568 2134 3639 ἀποθέμενοι,

556 3651 803 3722 καθαράν
829 3650 922 3703 καί⁸
949 3649 1366 3721 ἀπηρτισμένην
1395 3651 1508 3703 ἐκεῖ
1537 3651 1637 3721 τὴν
1667 3652 1774 3705 τῶν
1797 3651 2017 3720 ἀγαθῶν
2042 3650 2136 3721 ἔρ-

552 3752 667 3804 γων
700 3733 1159 3804 ἀπολαμϐάνομεν
1198 3733 1485 3789 ἀντίδοσιν.
1519 3734 1689 3786 Ὅταν
1725 3730 1818 3787 οὖν
1855 3736 1971 3808 ἴδῃς
2012 3733 2138 3788 τινὰ

554 3817 736 3882 ζῶντα
769 3817 866 3888 μὲν
911 3817 969 3868 ἐν
1011 3815 1265 3888 πονηρίᾳ,
1301 3817 1468 3888 μηδὲν
1506 3816 1564 3870 δέ
1591 3816 1826 3871 ἐνταῦθα
1859 3815 2138 3888 πάσχοντα

553 3901 747 3965 δεινὸν,
785 3900 859 3973 μὴ
886 3900 1218 3973 μακαρίσῃς,
1255 3901 1393 3955 ἀλλά
1429 3901 1699 3973 δάκρυσον
1723 3902 1819 3955 καὶ
1844 3901 2133 3973 θρήνησον,

551 3986 631 4051 ὡς
679 3986 857 4040 πάντα
902 3988 1020 4040 ἐκεῖ
1067 3986 1139 4039 τά
1185 3986 1334 4040 δεινά
1370 3987 1830 4059 ὑποστησάμενον·
1882 3987 2136 4059 καθάπερ

551 4066 646 4125 οὖν
704 4071 799 4124 καὶ
853 4071 882 4122 ὁ
931 4069 1187 4134 πλούσιος
1235 4062 1411 4134 οὗτος.
1461 4071 1632 4124 Πάλιν
1671 4073 1798 4125 ὅταν
1845 4070 1962 4144 ἴδῃς
2015 4071 2138 4126 τινὰ

549 4153 755 4230 ἀρετῆς
778 4154 1225 4225 ἐπιμελούμενον,
1258 4154 1349 4208 καὶ
1383 4155 1614 4226 μυρίους
1641 4155 1983 4226 ὑπομένοντα
2017 4172 2137 4210 πει-

556 4240 822 4313 ρασμοὺς,
858 4239 1184 4310 μακάρισον,
1221 4238 1486 4309 ζήλωσον,
1519 4239 1594 4303 ὡς
1619 4241 1713 4293 καὶ
1742 4238 1853 4293 τῶν
1883 4241 2136 4313 ἁμαρτησ-

558 4324 742 4395 μάτων
776 4321 923 4394 αὑτῷ
953 4324 1170 4378 πάντων
1191 4322 1426 4377 ἐνταῦθα
1454 4323 1843 4395 διαλυομένων,
1884 4326 1981 4379 καὶ
2010 4327 2138 4380 πολ-

551 4408 662 4461 λῶν
685 4408 784 4479 τῆς
816 4407 1097 4479 ὑπομονῆς
1142 4409 1580 4481 ἐτοιμαζομένων
1617 4410 1735 4461 ἐκεῖ
1763 4408 1872 4462 τῶν
1902 4409 2133 4482 μισθῶν⁶

554 4493 744 4562 ῶσπερ
766 4487 859 4545 οὖν
882 4493 973 4559 καὶ
996 4491 1090 4545 ἐπὶ
1112 4492 1205 4544 τοῦ
1237 4492 1488 4564 Λαζάρου
1513 4490 1705 4546 τούτου
1733 4493 1946 4562 γέγονε.

622 4572 681 4629 ε’.
704 4574 824 4628 Τῶν
849 4574 956 4646 γὰρ
993 4573 1293 4646 ἀνθρώπων
1320 4575 1369 4628 οἰ
1399 4575 1497 4646 μὲν
1512 4575 1746 4631 ἐνταῦθα
1766 4576 2136 4650 τιμωροῦνται

562 4659 741 4723 μόνον,
772 4660 819 4712 οἰ
849 4659 905 4712 δὲ
936 4657 1172 4712 ἐνταῦθα
1207 4660 1304 4730 μὲν
1327 4661 1477 4713 οὐδὲν
1503 4660 1773 4731 πάσχουσι
1809 4662 2001 4723 δεινὸν,
2030 4665 2136 4717 πᾶ-

559 4760 656 4801 ιαν
691 4739 748 4796 δὲ
781 4744 898 4796 ἐκεῖ
922 4745 1022 4813 τὴν
1048 4742 1322 4813 τιμωρίαν
1348 4743 1848 4814 ἀπολαμϐάνουσιν,
1884 4748 1932 4800 οἰ
1960 4746 2017 4801 δὲ
2043 4748 2136 4801 καὶ

553 4827 788 4883 ἐνταῦθα
810 4826 905 4881 καὶ
926 4827 1042 4879 ἐκεῖ
1062 4825 1401 4889 κολάζονται.
1438 4826 1602 4892 Τίνας
1622 4823 1715 4881 οῦν
1738 4830 1802 4882 ἐκ
1825 4828 1937 4883 τῶν
1967 4831 2136 4902 τριῶν

556 4911 890 4984 μακαρίζετε
921 4909 1165 4977 τούτων;
1224 4909 1481 4982 Πρώτους
1515 4911 1614 4981 μέν
1651 4908 1710 4968 εὖ
1760 4909 1857 4967 οἷδ’
1889 4915 1973 4967 ὅτι
2008 4915 2136 4980 τοὺς

554 4995 786 5050 ἐνταῦθα
823 4994 1220 5064 κολαζομένους
1247 4994 1342 5048 καὶ
1371 4992 1805 5067 ἀποτιθεμένους
1849 4997 1917 5051 τά
1955 4999 2136 5071 ἀμαρ-

551 5081 795 5152 τήματα.
834 5079 1130 5151 Δευτέρους
1167 5078 1224 5132 δὲ
1273 5078 1391 5150 μετ’
1433 5078 1676 5147 ἐκείνους
1709 5080 1895 5147 τίνας;
1944 5083 2135 5155 Ὑμεῖς

557 5163 657 5235 μὲν
694 5164 825 5226 ἴσως
865 5163 992 5227 τοὺς
1030 5161 1181 5215 οὐδὲν
1216 5161 1450 5219 ἐνταῦθα
1488 5165 1821 5236 πάσχοντας,
1864 5167 1981 5221 ἀλλ’
2016 5168 2135 5221 ἐκεῖ

555 5244 711 5318 [745]
749 5246 929 5299 πᾶσαν
961 5245 1332 5316 ὑπομένοντας
1374 5245 1475 5319 τὴν
1511 5246 1806 5319 τιμωρίαψ
1843 5248 1954 5319 ἐγὼ
1981 5249 2038 5304 δέ
2068 5252 2131 5305 οὑ

552 5331 795 5394 τούτους,
828 5330 965 5384 ἀλλά
997 5330 1121 5393 τοὺς
1150 5330 1245 5384 καὶ
1275 5331 1508 5385 ἐνταῦθα
1541 5333 1636 5387 xal
1669 5333 1787 5387 ἐκεῖ
1832 5332 2133 5406 κολαζομέ-

555 5431 696 5479 νους.
733 5415 792 5469 '0
822 5414 921 5486 μὲν
940 5415 1050 5487 γὰρ
1074 5413 1305 5468 ἐνταῦθα
1330 5415 1599 5488 τιμωρίαν
1623 5416 1768 5483 δοὺς,
1800 5419 2134 5492 κουφοτέρας
2189 5414 2199 5429 ’

617 5598 644 5661 ξ’
672 5596 767 5661 Alii
790 5599 872 5661 καὶ
892 5599 1128 5661 περὶτῶν.

615 5655 647 5724 ξ)
669 5658 766 5724 Aljj
792 5660 928 5724 clm!
953 5655 1100 5724 ἄκραν
1122 5662 1288 5724 ἀρετὴν
1312 5663 1592 5721 ἐπεδείξατο.

613 5722 640 5755 ⁸³
666 5719 765 5773 Alii
783 5720 953 5780 πάντα,
975 5719 1055 5771 είὶί
1078 5719 1290 5772 πάντων.

1223 271 1282 326 S.
1322 267 1616 327 JOANNIS
1651 260 2147 324 CIIRYSOSTOMI
2186 259 2508 320 ARCHIEP.
2548 257 3102 318 CONSTANTINOP.

3688 265 3775 326 998

2233 381 2555 454 αἰσθήσεται
2588 381 2689 452 τῆς
2721 381 2840 435 ἐκεῖ
2872 379 3167 443 κολάσεως·
3198 379 3227 432 ό
3263 377 3320 432 δὲ
3355 379 3537 434 πᾶσαν
3565 380 3776 451 ἀνάγκα.

2233 465 2460 536 ξάμενος
2506 466 2624 519 ἐκεῖ
2668 464 2768 536 τὴν
2820 464 3044 518 κόλασιν
3082 462 3390 533 ὑπομεῖναι,
3437 464 3778 539 ἀπαραίτητον

2232 548 2345 614 ἕξει
2372 549 2473 620 τὴν
2501 548 2677 618 δίκηνο
2705 547 2959 620 καθάπερ
2982 546 3077 599 καὶ
3108 539 3264 609 οὗτος
3286 548 3316 600 ὁ
3339 545 3588 612 πλούσιος
3617 551 3775 606 ἐνταῦ-

2234 632 2305 689 θα
2339 633 2509 705 μηδὲν
2534 632 2924 703 διαλυσάμενος
2972 631 3082 685 τῶν
3123 630 3344 684 οἰκείων
3377 631 3776 703 ἁμαρτημάτων,

2235 717 2377 771 οὕτω
2430 717 2685 788 χαλεπῶς
2711 716 3021 783 ἐκολάζετο,
3047 715 3124 779 ὡς
3156 714 3289 786 μηδὲ
3320 717 3578 785 σταγόνος
3610 724 3780 790 μικρᾶς

2232 801 2528 874 δυνηθῆναι
2592 803 2892 872 ἐπιτυχεῖν.
2944 800 3055 856 Kal
3110 798 3321 853 τούτων
3368 799 3425 852 δέ
3471 800 3643 854 αὐτῶν
3693 805 3781 858 τῶν

2233 885 2660 958 ἁμαρτανόντων
2717 885 2838 957 μὲν,
2890 883 3055 957 μηδὲν
3108 882 3165 937 δὲ
3215 882 3449 937 ἐνταῦθα
3504 886 3780 957 πασχόντων

2233 969 2428 1035 δεινὸν,
2465 968 2648 1041 πολλῷ
2688 968 2888 1039 μᾶλλον
2927 968 3171 1032 ἐκείνους
3204 967 3475 1033 ταλανίζω
3512 970 3633 1033 τοὺς
3670 970 3782 1040 μετὰ

2233 1054 2329 1109 τοῦ
2370 1054 2444 1126 μὴ
2480 1053 2844 1126 τιμωρεῖσθαι
2879 1052 3113 1107 ἐνταῦθα
3144 1052 3241 1106 καὶ
3268 1052 3482 1123 τρυφῆς
3515 1054 3607 1106 καὶ
3630 1054 3781 1117 ἀδείας

2234 1139 2630 1203 ἀπολαύοντας.
2667 1139 2881 1210 Ὥσπερ
2902 1136 3012 1209 γὰρ
3038 1136 3101 1190 τδ
3135 1135 3211 1208 μὴ
3235 1135 3421 1190 δοῦναι
3448 1136 3602 1208 δίκην
3630 1138 3783 1192 ἐνταῦ-

2235 1225 2303 1280 θα
2344 1224 2454 1281 τῶν
2500 1223 2921 1296 ἁμαρτημάτων
2961 1221 3351 1293 χαλεπωτέραν
3389 1223 3508 1275 ἐκεῖ
3538 1224 3782 1295 ποιεῖτὴν

2231 1310 2526 1382 τιμωρίαν’
2579 1308 2723 1363 οὑτω
2775 1307 2841 1380 δὴ
2892 1306 2956 1361 τὸ
2999 1306 3202 1378 πολλῆς
3249 1305 3491 1369 ἀνέσεως
3529 1304 3783 1360 ἀπολαύειν

2233 1396 2361 1458 τοὺς
2404 1394 2819 1466 ἁμαρτάνοντας
2864 1390 2960 1447 καὶ
3007 1391 3221 1462 τρυφῆς
3260 1390 3356 1444 καὶ
3389 1390 3661 1460 εὐπορίας,
3706 1393 3783 1460 ἐφο

2233 1478 2374 1532 όδιον
2408 1478 2594 1540 αὐτοῖς
2643 1477 2739 1531 καὶ
2783 1475 3042 1539 ὑπόθεσις
3095 1473 3370 1536 κολάσεως
3412 1474 3510 1527 καὶ
3550 1475 3783 1546 τιμωρίας

2236 1564 2356 1617 ἐκεῖ
2385 1561 2595 1631 γίνεται
2636 1560 2899 1632 μείζονος.
2937 1559 3106 1612 Ὅταν
3143 1557 3253 1629 γὰρ
3296 1557 3692 1628 ἁμαρτάνοντες
3716 1576 3780 1611 τι-

2239 1645 2467 1716 μώμεθα
2517 1642 2623 1696 ὑπδ
2648 1642 2742 1697 τοῦ
2775 1640 2910 1696 Θεοῦ
2935 1640 2984 1707 τι,
3031 1640 3166 1694 αὐτὸ
3201 1638 3358 1694 τοῦτο
3397 1641 3549 1711 ἡμᾶς
3586 1640 3783 1713 μάλιστα

2234 1731 2316 1795 εἰς
2339 1730 2401 1783 τὸ
2431 1728 2545 1797 πῦρ
2577 1727 2838 1800 μειζόνως
2860 1725 3118 1798 ἐμϐαλεῖν
3149 1725 3463 1794 δυνήσεται.

2304 1827 2370 1881 El
2403 1824 2512 1898 γὰρ
2545 1823 2928 1897 μακροθυμίας
2959 1840 3045 1887 τις
3079 1820 3368 1877 ἀπολαύων
3413 1821 3597 1892 μόνον,
3626 1821 3684 1875 ἂν
3723 1822 3786 1886 εἰς

2233 1909 2352 1964 δέον
2377 1910 2514 1981 αὐτῇ
2544 1907 2618 1980 μὴ
2642 1910 2936 1980 χρήσηται,
2961 1905 3350 1978 χαλεπωτέραν
3391 1901 3508 1971 ἕξει
3531 1904 3622 1977 τὴν
3644 1922 3785 1976 τιμω-

2238 1995 2381 2068 ρίαν·
2415 1996 2544 2049 ὃταν
2576 1993 2711 2065 μετά
2741 1993 2840 2064 τῆς
2866 1990 3249 2064 μακροθυμίας
3277 1991 3372 2045 καὶ
3400 1990 3571 2061 τιμὰς
3593 1989 3684 2064 ἔχῃ
3712 2006 3787 2061 με·

2234 2081 2450 2149 γίστας,
2486 2072 2605 2132 εἶτα
2642 2075 2876 2148 ἐπιμένῃ
2910 2077 2978 2147 τῇ
3010 2073 3267 2146 πονηρίᾳ,
3300 2074 3385 2136 τίς
3416 2073 3585 2128 αὐτὸν
3618 2072 3786 2138 ἐξελεῖ-

2233 2180 2325 2216 ται
2352 2162 2454 2232 τῆς
2487 2160 2761 2225 κολάσεως
2790 2158 3006 2228 ἐκείνης
3026 2176 3041 2225 ;
3065 2158 3190 2211 Ὅτι
3219 2157 3327 2229 γὰρ
3354 2158 3405 2210 οἱ
3444 2157 3789 2229 μακροθυμίας

2235 2244 2473 2300 ἐνταῦθα
2514 2241 2879 2305 ἀπολαύοντες
2912 2241 3238 2310 συνάγουσιν
3275 2241 3496 2305 ἑαυτοῖς
3535 2241 3789 2312 ὀλόκληρον

2236 2330 2356 2383 ἐκεῖ
2383 2328 2445 2381 τὸ
2473 2326 2664 2392 κακὸν,
2689 2325 2785 2379 ἐάν
2809 2322 2884 2397 μὴ
2916 2324 3363 2396 μετανοήσωμεν,
3398 2324 3629 2379 ἄκουσον
3649 2322 3695 2375 τί
3711 2340 3791 2393 φη.

2239 2430 2323 2468 σιν
2343 2413 2371 2465 ὀ
2391 2409 2623 2474 Παῦλος·
2662 2407 2875 2481 Λογίζῃ
2898 2407 2968 2462 δὲ
2993 2408 3194 2474 τοῦτο,
3223 2403 3273 2463 ὦ
3295 2408 3592 2477 ἄνθρωπε,
3631 2411 3660 2461 ὁ
3686 2407 3789 2476 κρί-

2235 2513 2360 2552 νων
2386 2495 2531 2562 τοὺς
2558 2495 2632 2549 τὰ
2656 2492 2903 2549 τοιαῦτα
2940 2491 3353 2560 πράσσοντας,
3383 2490 3489 2546 καί
3516 2489 3690 2545 ποιῶν
3703 2493 3789 2544 αὐ-

2236 2579 2328 2646 τὰ,
2365 2577 2455 2633 ὅτι
2489 2577 2573 2633 σὺ
2611 2576 2880 2647 ἐκφεύξῃ
2913 2577 2981 2630 τὸ
3021 2575 3199 2646 «pata
3246 2574 3356 2629 τοῦ
3388 2576 3579 2640 Θεοῦ;
3614 2572 3790 2630 Ἦτοῦ

2236 2664 2506 2718 πλούτου
2533 2659 2638 2730 τῆς
2661 2662 3074 2731 χρηστότητος
3098 2660 3307 2725 αὐτοῦ,
3330 2661 3435 2716 καὶ
3465 2659 3572 2729 τῆς
3596 2658 3791 2730 ἀνοχῆς

2237 2748 2337 2802 καί
2377 2745 2488 2815 τῆς
2521 2746 2933 2816 μακροθυμίας
2983 2744 3401 2815 καταφρονεῖς,
3456 2743 3681 2816 ἀγνοῶν
3718 2745 3791 2798 ὄτι

2234 2831 2303 2885 τὸ
2337 2828 2608 2899 χρηστόν
2638 2828 2747 2882 τοῦ
2781 2829 2928 2882 Θεοῦ
2952 2830 3041 2895 είς
3062 2826 3390 2897 μετάνοιάν
3419 2844 3502 2883 σε
3517 2829 3668 2899 ἄγευ
3700 2831 3790 2883 Κα-

2236 2914 2310 2970 τὰ
2340 2914 2409 2968 δὲ
2430 2913 2548 2982 τὴν
2568 2909 2960 2981 σκληρότητά
2986 2928 3103 2967 σου
3123 2912 3223 2967 καί
3250 2913 3659 2982 ἀμετανόητον
3676 2927 3791 2980 napo

2237 3000 2377 3055 δίαν
2406 2995 2784 3066 θησαυρίζεις
2814 2995 3054 3063 σεαυτῷ
3082 2996 3272 3066 ὀργὴν
3305 2997 3375 3050 ἐν
3416 2997 3610 3067 ἡμέρᾳ
3638 2993 3792 3066 ὀργῆς

2236 3084 2338 3140 καὶ
2372 3082 2814 3150 ἀποκαλύψεως
2865 3080 2965 3135 καί
3011 3079 3471 3149 δικαιοκρισίας
3508 3081 3608 3135 τοῦ
3649 3078 3789 3136 Θεοῦ.

2240 3168 2408 3221 Ὅταν
2460 3160 2556 3220 οὖν
2599 3163 2799 3236 ἴδωμέν
2852 3180 3004 3227 τινας
3056 3162 3445 3232 πλουτοῦντας,
3485 3165 3789 3235 τρυφῶντας,

2241 3252 2431 3323 μύρων
2460 3248 2704 3315 ὅζοντας,
2729 3246 2952 3330 ἐνιμέθῃ
2970 3246 3418 3318 διημερεύοντας,
3456 3250 3516 3303 ἐν
3541 3247 3789 3317 δυναστεία

2236 3334 2396 3399 ὄντας
2425 3333 2519 3388 καὶ
2548 3331 2676 3406 δόξῃ
2705 3330 2874 3402 πολλῇ
2910 3331 3003 3384 καὶ
3028 3331 3197 3404 πολλῇ
3226 3334 3294 3403 τῇ
3322 3332 3593 3404 φαντασίᾳ
3620 3334 3790 3386 καὶπε-

2242 3417 2512 3490 ριφανείᾳ,
2545 3418 2640 3471 καὶ
2680 3415 3114 3488 ἁμαρτάνοντας,
3163 3417 3260 3469 καὶ
3305 3417 3479 3489 μηδὲν
3521 3419 3790 3488 πάσχοντας

2237 3502 2431 3567 δεινὸν,
2476 3501 2545 3555 δι’
2577 3500 2707 3554 αὐτὸ
2752 3499 2912 3554 τοῦτο
2967 3500 3165 3564 αὐτοὺς
3216 3501 3458 3572 μάλιστα
3504 3502 3789 3575 δακρύωμεν

2240 3585 2336 3640 καὶ
2395 3583 2705 3658 θρηνῶμεν,
2765 3584 2847 3637 ὅτι
2912 3584 3319 3654 ἁμαρτάνοντες
3367 3587 3433 3640 οὑ
3491 3586 3786 3650 κολάζονται.

2242 3670 2454 3742 Ὠσπερ
2483 3669 2592 3738 γὰρ
2625 3668 2680 3722 εί
2703 3684 2827 3722 τινα
2856 3662 2996 3730 εῖδες
3029 3678 3051 3707 θ
3084 3668 3261 3741 ὑδέρῳ
3293 3669 3326 3740 ἦ
3358 3669 3561 3742 σπληνὶ
3596 3668 3790 3740 κατεχό-

2241 3771 2424 3826 μενον,
2459 3753 2494 3824 ἢ
2524 3752 2792 3823 σηπεδόνα
2817 3751 2938 3805 τινά
2963 3750 3156 3823 ἔχοντα
3185 3753 3280 3806 καί
3313 3751 3453 3824 ἕλκη
3489 3754 3649 3826 μυρία
3677 3754 3786 3807 πάνο

2236 3837 2415 3902 τοθεν,
2445 3832 2564 3889 εἶτα
2607 3834 2700 3890 ἐπὶ
2745 3836 2881 3888 πᾶσι
2926 3836 3139 3899 τούτοις
3186 3835 3480 3907 μεθύοντα,
3517 3836 3787 3909 τρυφῶντα,

2239 3922 2336 3976 καὶ
2376 3921 2438 3974 τὸ
2467 3921 2682 3990 νόσημα
2723 3919 3083 3985 ἐπιτείνοντα,
3111 3921 3173 3972 οὑ
3205 3920 3364 3991 μόνον
3402 3922 3469 3975 οὐ
3505 3921 3787 3992 θαυμάζεις,

2238 4005 2360 4059 οὐδὲ
2396 4003 2721 4076 μακαρίζεις
2744 4002 2833 4056 διά
2863 4003 2963 4075 τὴν
2986 4002 3218 4075 τρυφὴν,
3243 4004 3381 4060 ἀλλά
3405 4006 3477 4059 δι’
3506 4007 3631 4061 αὐτὸ
3658 4004 3788 4059 τοῦτο

2241 4088 2477 4161 μάλιστα
2499 4082 2804 4152 ταλανίζεις
2851 4088 3013 4141 αὐτόν
3034 4104 3049 4120 σ
3090 4087 3232 4142 οὑτω
3265 4091 3359 4143 καὶ
3393 4090 3490 4145 ἐπὶ
3522 4092 3616 4163 τῆς
3638 4089 3787 4161 ψυχῆς

2236 4171 2471 4241 λογίζου.
2508 4170 2675 4223 Ὅταν
2708 4169 2823 4242 ίδῃς
2846 4170 3130 4243 ἄνθρωπον
3163 4174 3398 4244 πονηρίᾳ
3431 4174 3686 4239 συζῶντα,
3712 4172 3788 4225 καὶ

2239 4254 2439 4325 πολλῆς
2484 4251 2829 4307 ἀπολαύοντα
2877 4254 2977 4325 τῆς
3022 4255 3346 4330 εὐημερίας,
3390 4259 3488 4312 καὶ
3523 4257 3662 4311 οὐδὲν
3701 4256 3786 4310 πά·

2240 4354 2439 4409 σχοντα
2476 4335 2669 4403 δεινὸν,
2693 4335 2784 4389 διὰ
2808 4336 2966 4390 τοῦτο
2999 4337 3199 4410 μᾶλλον
3230 4339 3523 4410 θρήνησον,
3552 4342 3629 4394 ὅτι
3657 4340 3786 4409 voci;

2241 4439 2373 4494 ματι
2396 4421 2759 4492 κατεχόμενος
2788 4423 2882 4476 καὶ
2904 4422 3161 4495 σηπεδόνι
3189 4424 3575 4499 χαλεπωτάτῃ,
3603 4426 3689 4498 τὴν
3706 4428 3785 4496 ap-

2238 4505 2473 4578 ρωστίαν
2520 4506 2801 4571 ἐπιτείνει,
2839 4505 2930 4561 διά
2953 4507 3051 4578 τῆς
3081 4511 3295 4580 τρυφῆς
3323 4509 3419 4565 καὶ
3448 4513 3547 4582 τῆς
3581 4512 3784 4572 ἀνέσεως

2236 4593 2436 4665 χείρων
2463 4592 2768 4662 γινόμενος.
2813 4592 2888 4646 Οὐ
2928 4592 3038 4665 γὰρ
3079 4596 3113 4666 ἡ
3149 4594 3373 4661 κόλασις
3405 4599 3595 4664 κακὸν,
3624 4596 3723 4652 ἀλλ’
3754 4597 3780 4666 ἡ

2237 4678 2483 4749 ἁμαρτία
2526 4676 2714 4732 κακόν.
2750 4675 2898 4750 Αῦτη
2935 4678 3035 4748 μὲν
3075 4680 3190 4753 γάρ
3218 4680 3315 4734 τοῦ
3344 4681 3481 4736 Θεοῦ
3526 4684 3777 4752 διίστησιν.

2235 4760 2418 4832 ἐκείνη
2440 4760 2498 4814 δέ
2524 4761 2747 4829 συνάγει
2768 4761 2917 4833 ἡμᾶς
2942 4762 3078 4834 πρὸς
3098 4764 3193 4817 τὸν
3216 4763 3369 4830 θεὸν,
3396 4766 3492 4819 καὶ
3511 4758 3776 4819 καταλύειΙ

2234 4844 2334 4914 τὴν
2370 4844 2563 4917 ὀργήν.
2600 4843 2771 4897 Πόθεν
2809 4843 2966 4898 τοῦτο
2994 4846 3193 4916 δῆλονς
3226 4850 3499 4907 Ἄκουσον
3545 4851 3637 4906 τοῦ
3672 4865 3778 4920 προ-

2236 4928 2409 4999 φήτου
2450 4927 2717 4997 λέγοντος⁸
2780 4930 3203 4999 Παρακαλεῖτε,
3251 4936 3642 5004 παρακαλεῖτε
3694 4932 3780 4988 τὸν

2234 5013 2390 5067 λαόν
2410 5028 2552 5080 μου,
2584 5010 2778 5080 ἱερεῖς,
2815 5012 3132 5081 λαλήσατε
3159 5016 3257 5071 ἐπὶ
3290 5018 3405 5087 τὴν
3438 5018 3678 5088 καρδίαν
3710 5017 3779 5070 Ἰε-

2226 5093 2575 5166 ρουσαλὴμ,
2614 5093 2704 5148 ὅτι
2746 5094 2995 5160 ἐδέξατο
3024 5099 3092 5154 ἐκ
3131 5102 3331 5169 χειρὸς
3368 5105 3587 5172 Κυρίου
3623 5094 3777 5155 διπλᾶ

2233 5179 2306 5233 τὰ
2340 5175 2729 5246 ἁμαρτήματα
2765 5179 2975 5248 αὐτῆς,
3009 5182 3121 5236 Καὶ
3151 5183 3332 5239 πάλιψ
3359 5187 3569 5255 Κίεοιος
3592 5187 3625 5240 ό
3657 5179 3778 5246 Θεὸς

2232 5258 2424 5330 ἡμῶν,
2463 5258 2716 5329 εἰρήνην
2756 5261 2863 5329 δὸς
2898 5263 3061 5333 ἡμῖν·
3106 5264 3305 5321 πάντα
3343 5267 3450 5338 γὰρ
3498 5267 3777 5326 ἀπέδωκας

2232 5342 2397 5413 ἡμῖν.
2428 5344 2539 5427 Kal
2567 5343 2656 5397 ἵνα.
2682 5345 2889 5418 μάθητε
2912 5349 2994 5402 ὅτι
3017 5349 3067 5403 οἰ
3093 5350 3190 5421 μέν
3215 5351 3470 5417 ἐνταῦθα,
3498 5353 3549 5404 ot
3573 5350 3625 5404 δὲ
3648 5343 3774 5422 [7M]

2233 5429 2350 5482 ἐκεῖ
2371 5426 2715 5495 κολάζονται,
2740 5432 2789 5483 οἰ
2808 5431 2865 5484 δέ
2884 5432 2978 5487 καὶ
3003 5433 3237 5488 ἐνταῦθα
3256 5436 3349 5491 καὶ
3375 5437 3506 5504 ἐκεῖ,
3539 5432 3770 5491 ἀκούσατε

2294 5612 2320 5653 d
2338 5613 2436 5678 Alii
2456 5615 2588 5678 παρά
2610 5615 2696 5669 τοῦ
2716 5615 2861 5666 Θεοῦ.

2298 5679 2324 5706 ⁸
2343 5673 2439 5723 Alii
2458 5673 2597 5732 ἴδοις.

2305 5735 2322 5776 ί
2350 5736 2432 5786 Sic
2469 5734 2618 5790 Savil.
2638 5744 2691 5789 et
2712 5753 2827 5791 mss.
2856 5740 3027 5792 Morel.
3053 5752 3172 5792 vero
3193 5741 3386 5794 κωλύει.
