4046 6146
304 297 405 353 εθτ

306 410 495 465 Deum
522 408 824 476 metuebat,
853 422 1024 479 neque
1064 405 1307 461 homines
1351 404 1693 460 reverebatur
1728 402 1878 475 (Lac.

306 501 393 558 18.
418 501 454 553 2
474 527 498 540 -
515 499 596 569 5),
617 506 851 553 attamen
894 513 1014 553 cum
1038 506 1143 552 tam
1171 496 1427 566 improbis
1457 507 1598 550 esset
1626 495 1883 561 moribus,

304 592 431 646 fecit
455 589 582 645 boni
604 588 877 661 quiddam,
906 589 1190 644 miseratus
1215 587 1424 642 viduam
1455 587 1552 657 ipsi
1581 586 1888 658 frequenter

304 682 572 754 negotium
603 683 950 737 facessentem
972 723 986 747 ,
1015 695 1254 736 annuens
1293 680 1578 753 postulanti
1620 678 1885 743 ofﬁcium,

305 787 671 846 praestansque
698 775 839 846 quod
872 775 1169 844 petebatur,
1209 772 1456 828 cohibitis
1490 772 1578 841 qui
1606 771 1746 824 illam
1772 768 1889 824 affi-

303 871 517 924 ciebant
549 868 759 939 injuria.
792 867 866 921 lta
886 866 1189 936 frequenter
1225 865 1415 921 accidit
1441 875 1498 918 ut
1540 864 1730 933 aliquis
1764 863 1887 916 vita:

306 961 377 1015 sit
423 960 861 1029 intemperantis,
893 967 948 1012 et
988 967 1164 1013 tamen
1205 957 1274 1011 sit
1314 956 1656 1011 misericors:
1697 964 1789 1008 aut
1832 961 1888 1008 ut

304 1050 425 1120 quis
452 1051 519 1104 sit
549 1050 891 1115 inhumanus,
934 1050 1155 1119 pudicus
1197 1059 1395 1103 tamen.
1435 1046 1587 1114 Quod
1618 1046 1661 1101 si
1690 1047 1884 1100 intem-

308 1156 502 1210 perans
529 1140 687 1195 fuerit
712 1150 767 1195 et
806 1140 944 1195 idem
969 1139 1233 1206 crudelis,
1265 1148 1442 1193 tamen
1483 1153 1644 1192 unum
1671 1135 1885 1206 aliquod

307 1232 451 1287 aliud
478 1232 677 1287 bonum
706 1247 841 1302 opus
869 1231 995 1287 fecit
1025 1233 1076 1285 in
1112 1231 1241 1285 vita.
1273 1212 1479 1285 Rursus
1506 1229 1606 1283 hoc
1636 1227 1774 1282 idem
1796 1243 1885 1281 ar-

304 1324 611 1377 bitrandum
650 1333 727 1377 est
774 1323 844 1378 de
896 1323 1067 1376 bonis.
1111 1319 1565 1388 Quemadmodum
1599 1319 1741 1373 enim
1796 1317 1885 1387 qui

308 1412 527 1480 pessimi
554 1420 699 1478 sunt,
728 1412 924 1466 faciunt
952 1410 1254 1481 frequenter
1274 1410 1398 1464 boni
1418 1408 1667 1479 quiddam
1693 1425 1708 1462 :
1735 1406 1813 1462 sic
1833 1415 1888 1460 et

306 1502 434 1555 boni
468 1503 768 1571 virtuteque
813 1501 1019 1571 praediti
1053 1513 1419 1571 saepenumero
1465 1508 1706 1568 peccant.
1760 1495 1887 1561 Quis

306 1594 461 1661 enim,
491 1594 684 1665 inquit,
713 1594 1010 1665 gloriabitur
1034 1607 1088 1646 se
1115 1601 1307 1645 castum
1333 1589 1514 1644 habere
1531 1606 1638 1655 car,
1672 1597 1758 1642 aut
1777 1588 1887 1658 quis

309 1685 528 1755 confidet
550 1702 604 1740 se
629 1702 812 1755 purum
835 1701 940 1738 esse
958 1701 989 1737 a
1021 1693 1225 1754 peccato
1251 1682 1435 1753 (Prov.
1460 1680 1550 1736 20.
1583 1679 1678 1751 9)?

377 1774 511 1829 Boni
539 1793 639 1829 non
667 1784 836 1828 carent
863 1774 1099 1845 peccatis.
1128 1803 1199 1813 -—
1222 1773 1484 1840 Quoniam
1512 1771 1671 1841 igitur
1701 1768 1889 1823 verisi-

308 1867 435 1920 mile
469 1874 553 1920 est
594 1865 811 1919 divitem
844 1866 1019 1929 illum,
1064 1864 1187 1917 licet
1225 1862 1291 1916 ad
1331 1871 1628 1915 extremum
1671 1856 1887 1913 malitia:

311 1968 647 2027 provectum,
676 1955 874 2025 aliquid
900 1954 1090 2009 fecisse
1115 1954 1238 2008 boni
1270 1971 1284 2006 :
1309 1961 1493 2006 contra
1514 1950 1771 2004 Lazarum
1803 1957 1884 2001 ta-

310 2045 467 2099 metsi
497 2059 703 2098 summa
731 2045 925 2098 virtute
949 2042 1303 2114 praastitisset,
1336 2040 1533 2110 aliquid
1564 2048 1738 2093 tamen
1771 2038 1886 2092 leve

306 2135 635 2205 deliquisse:
665 2135 783 2190 vide
824 2133 1088 2204 quomodo
1130 2132 1418 2187 declaravit
1464 2138 1746 2199 utrumque
1793 2142 1886 2197 pa-

308 2226 564 2290 triarcha,
588 2227 771 2281 dicens
803 2244 815 2280 :
855 2222 1106 2296 Recepisti
1148 2225 1277 2279 bona
1317 2233 1403 2276 tua
1447 2224 1500 2277 in
1548 2222 1648 2276 vita
1688 2230 1804 2284 tua,
1838 2230 1884 2273 et

307 2314 535 2370 Lazarus
575 2318 808 2372 similiter
841 2319 997 2370 mala.
1038 2316 1104 2370 Et
1144 2325 1217 2381 tu,
1248 2314 1439 2385 inquit,
1488 2314 1648 2369 etiam
1689 2312 1734 2366 si
1759 2310 1883 2381 quid

307 2407 429 2462 boni
455 2407 642 2473 fecisti,
674 2408 720 2461 si
745 2424 847 2479 qua
875 2422 1082 2463 merces
1111 2407 1204 2461 tibi
1231 2406 1542 2469 debebatur,
1573 2404 1687 2458 hate
1706 2402 1885 2457 omnia

305 2497 360 2551 in
407 2498 500 2553 illo
530 2498 728 2554 mundo
760 2500 1027 2568 recepisti,
1059 2498 1263 2553 deliciis
1312 2496 1527 2563 fruens,
1573 2495 1767 2550 divitiis
1804 2493 1885 2549 af-

306 2591 495 2656 ﬂuens,
528 2592 687 2646 rebus
714 2592 983 2661 prosperis
1012 2601 1195 2655 utens,
1228 2589 1503 2659 multoque
1540 2603 1718 2643 rerum
1760 2602 1881 2642 suc-

303 2694 460 2735 cessu
489 2681 746 2751 gaudens.
789 2680 858 2735 Et
895 2683 980 2736 hic
1006 2682 1052 2735 si
1079 2681 1204 2751 qttid
1239 2680 1361 2734 mali
1401 2678 1561 2744 fecit;
1592 2678 1770 2734 omnia
1796 2693 1882 2733 re-

301 2773 466 2841 cepit,
494 2790 614 2827 cum
642 2774 808 2839 fame,
842 2773 1039 2844 inopia,
1070 2773 1321 2827 extremis
1348 2772 1502 2826 malis
1530 2770 1879 2841 afﬂigeretur.

303 2861 486 2932 Itaque
535 2874 770 2918 vestrum
828 2873 1049 2933 uterque
1090 2863 1264 2918 nudus
1315 2864 1416 2918 huc
1466 2862 1736 2932 pervenit,
1793 2862 1883 2917 ille

302 2955 563 3022 peccatis,
598 2963 653 3008 tu
680 2955 919 3025 iustitia:
963 2955 1307 3025 quamobrem
1341 2966 1393 3010 et
1436 2955 1522 3010 hic
1553 2971 1755 3010 merum
1789 2954 1882 3009 ba-

302 3044 397 3099 bet
422 3046 691 3113 solatium,
720 3057 774 3102 tu
832 3048 1266 3103 inconsolabilem
1312 3048 1544 3103 sustines
1564 3051 1877 3104 cruciatum.

300 3137 510 3192 Etenim
552 3155 673 3193 cum
712 3141 899 3210 exigua
940 3149 1063 3194 sunt
1106 3140 1349 3210 leviaque
1392 3139 1667 3195 benefacta
1704 3141 1877 3206 nobis,

300 3226 488 3297 ingens
514 3239 764 3283 autemet
783 3231 1097 3284 immensum
1130 3239 1464 3298 peccatorum
1495 3245 1629 3285 onus
1651 3248 1664 3284 :
1686 3231 1880 3286 deinde

298 3317 387 3372 hic
430 3320 785 3389 prosperitate
833 3320 1077 3386 fruimur,
1123 3336 1292 3390 neque
1324 3321 1611 3390 quidquam
1654 3323 1881 3390 patimur

295 3411 497 3472 acerbi,
531 3426 747 3480 prorsus
783 3412 911 3465 nudi
935 3412 1279 3482 destitutique
1315 3412 1715 3468 benefactorum
1743 3428 1881 3484 pric-

294 3501 420 3554 miis
480 3501 605 3555 hinc
668 3502 1029 3568 discedimus,
1096 3514 1154 3557 ut
1197 3504 1287 3574 qui
1366 3504 1452 3558 hic
1518 3506 1879 3574 receperimus

296 3592 502 3645 omnia.
553 3592 915 3663 Similiterque
963 3608 1087 3648 cum
1128 3595 1291 3649 multa
1335 3610 1629 3666 magnaque
1671 3598 1879 3652 fuerunt

294 3682 455 3735 nobis
489 3682 785 3748 benefacta,
838 3684 931 3739 sed
983 3685 1171 3755 exigua
1224 3700 1500 3755 paucaque
1539 3686 1763 3750 delicta,
1824 3697 1877 3743 et

294 3784 414 3843 post
472 3776 584 3830 lucc
637 3778 866 3846 patimur
928 3778 1127 3848 aliquid
1194 3779 1371 3833 acerbi
1420 3796 1435 3834 :
1483 3780 1567 3834 hie
1621 3780 1877 3850 depositis

292 3866 581 3922 levioribus
619 3869 721 3924 illis
759 3869 965 3924 delictis
1005 3885 1191 3941 puram
1235 3871 1342 3925 illic
1381 3880 1433 3925 et
1462 3871 1749 3942 perfectam
1782 3874 1877 3929 bo-

287 3972 481 4013 nortun
503 3974 722 4028 operum
752 3962 1231 4017 remuneratioiiem
1258 3962 1565 4032 accipimus.
1589 3962 1692 4019 Ubi
1717 3978 1873 4034 quem

288 4048 451 4117 igitur
479 4050 673 4105 videris
696 4093 712 4117 ,
757 4052 1050 4121 improbam
1087 4061 1331 4123 agentem
1365 4054 1525 4108 vitam
1551 4097 1565 4121 ,
1596 4070 1694 4109 nec
1719 4057 1874 4126 quid-

286 4153 451 4208 quam
479 4138 567 4193 hic
590 4140 763 4207 acerbi
788 4144 1074 4210 patientem
1100 4160 1114 4195 :
1143 4158 1209 4197 ne
1235 4144 1435 4212 putaris
1461 4144 1609 4198 illum
1636 4145 1869 4211 beatum,

284 4232 384 4290 sed
409 4233 545 4288 delle
572 4236 745 4302 potius
782 4250 843 4289 ac
870 4235 1088 4303 deplora
1113 4276 1128 4301 ,
1156 4237 1302 4291 velut
1340 4236 1448 4292 illic
1486 4238 1661 4292 omnia
1703 4239 1873 4293 tristia

286 4340 687 4397 mrpessurum,
717 4325 1164 4395 quemadmodum
1216 4327 1366 4381 dives
1392 4328 1501 4383 ille.
1545 4329 1747 4383 Rursus
1785 4331 1872 4385 ubi

283 4432 446 4488 quem
476 4416 672 4470 videris
698 4416 908 4471 virtutis
933 4416 1252 4484 studiosum,
1280 4425 1335 4472 et
1353 4418 1602 4473 eumdem
1632 4421 1874 4476 innume-

284 4512 363 4565 ris
386 4509 548 4580 afﬂigi
579 4509 857 4576 molestiis,
886 4510 1099 4566 beatum
1130 4510 1392 4575 existima,
1425 4508 1632 4565 felicem
1655 4511 1832 4580 judica
1856 4531 1869 4567 :

284 4614 344 4657 ut
373 4604 465 4673 qui
488 4612 543 4657 et
571 4603 657 4657 hic
682 4602 861 4658 omnia
890 4618 983 4658 sua
1014 4611 1226 4671 peccata
1255 4601 1490 4667 diluerit,
1518 4612 1571 4657 et
1595 4603 1705 4657 illic
1734 4605 1870 4658 mul-

284 4708 397 4750 tam
426 4696 616 4751 habeat
642 4704 875 4765 paratam
901 4695 1167 4765 patientia
1189 4694 1510 4761 mercedem,
1535 4697 1875 4766 quemadmo-

281 4789 411 4843 dum
441 4788 565 4843 huic
591 4789 767 4844 evenit
797 4788 1015 4841 Lazaro.

354 4882 408 4934 5.
458 4880 588 4935 Nam
631 4896 698 4935 ex
750 4881 1052 4934 hominibus
1101 4880 1188 4933 alii
1226 4879 1438 4949 quidem
1482 4879 1567 4935 hic
1598 4880 1871 4938 dumtaxat

282 4976 611 5046 puniuntur,
659 4974 745 5027 alii
788 4988 970 5027 rursus
1013 4973 1142 5027 nihil
1181 4973 1271 5028 hic
1300 4973 1403 5028 tale
1447 4975 1733 5043 patiuntur,
1776 4978 1869 5032 sed

280 5082 499 5121 onmem
545 5065 829 5120 vindictam
878 5067 983 5121 illic
1025 5067 1289 5135 recipiunt
1319 5083 1330 5119 :
1361 5066 1448 5120 alii
1478 5081 1604 5121 vero
1632 5076 1743 5121 tum
1785 5067 1870 5123 hic

283 5170 395 5212 tum
421 5158 530 5211 illic
556 5158 860 5226 puniuntur.
895 5158 1093 5211 Horum
1122 5159 1282 5228 igitur
1302 5159 1480 5225 trium,
1501 5173 1633 5229 quos
1657 5160 1867 5215 tandem

278 5249 532 5321 iudicatis
561 5249 782 5304 beatos?
807 5250 918 5305 Non
948 5250 1149 5314 dubito,
1170 5252 1294 5321 quin
1313 5252 1513 5321 primos
1536 5253 1649 5305 illos
1672 5254 1757 5324 qui
1786 5254 1869 5308 hic

282 5341 579 5413 puniuntur
601 5384 614 5407 ,
646 5352 803 5411 atque
835 5344 901 5395 ita
934 5353 1147 5411 peccata
1195 5344 1488 5412 deponunt.
1527 5344 1719 5398 Verum
1752 5356 1869 5415 post

284 5436 407 5491 illos
438 5447 575 5504 quos
611 5434 853 5503 proximo
883 5433 1150 5487 felicitatis
1188 5435 1306 5489 loco
1350 5436 1542 5504 ponitis
1566 5435 1714 5491 ?Vos
1754 5435 1866 5491 for-

284 5526 446 5582 tassis
471 5542 584 5591 eos,
612 5526 700 5596 qui
730 5526 856 5580 nihil
884 5525 969 5580 hic
991 5527 1140 5580 triste
1168 5526 1459 5595 patiuntur,
1491 5527 1585 5581 sed
1612 5529 1718 5583 illic
1748 5543 1864 5584 om-

288 5634 413 5676 nem
445 5620 601 5673 luunt
632 5631 876 5688 pinnam:
906 5626 961 5671 at
985 5633 1083 5685 ego
1113 5634 1218 5671 non
1246 5619 1396 5683 istos,
1423 5620 1515 5675 sed
1544 5621 1638 5674 hos
1665 5622 1860 5691 potius,

287 5714 377 5781 qui
415 5711 500 5766 hic
533 5708 693 5764 simul
722 5718 776 5765 et
804 5708 909 5763 illic
939 5708 1245 5777 puniuntur.
1280 5710 1409 5764 Nam
1452 5710 1536 5765 hic
1563 5711 1648 5782 qui
1680 5727 1864 5781 pmnas

1470 291 1555 347 DE
1597 290 1871 348 LAZARO
1895 288 2134 348 CONCIO
2174 289 2257 346 Ill.

3477 283 3576 339 998

1996 403 2223 469 dederit,
2248 402 2445 458 sentiet
2470 402 2577 459 illic
2605 416 2813 473 pmnam
2859 403 3116 459 leviorem
3135 404 3151 457 Δε
3172 398 3263 473 qui
3310 416 3439 459 vero
3481 415 3575 457 eo-

1994 501 2147 562 getur
2174 494 2283 548 illic
2313 502 2474 548 totam
2505 509 2715 563 paruam
2745 496 3041 563 sustinere,
3072 496 3430 551 inevitabilem
3464 494 3576 548 vin-

1993 582 2187 637 dictam
2214 599 2226 635 :
2252 586 2699 654 quemadmodum
2742 585 2893 643 dives
2930 584 3047 653 hic,
3077 588 3169 659 qui
3210 589 3408 643 nullam
3445 603 3573 659 pec-

1996 682 2233 728 catorum
2270 684 2472 743 partem
2506 677 2693 743 abluit,
2727 677 2862 732 adeo
2899 692 3085 733 severe
3118 675 3333 747 punitus
3352 676 3477 747 est,
3520 689 3577 734 ut

1997 779 2063 820 ne
2104 767 2377 820 minimam
2404 768 2617 838 quidem
2644 778 2841 839 guttam
2874 770 3254 838 impetraverit.
3285 769 3481 825 Verum
3513 772 3578 825 iis

1994 872 2225 927 quoque,
2256 859 2344 928 qui
2373 859 2459 913 hic
2486 875 2606 914 cum
2638 870 2897 931 peccant,
2926 860 3056 918 nihil
3088 872 3262 918 tamen
3288 878 3449 933 grave
3481 879 3577 932 pa-

1996 949 2233 1015 tiuntur,
2267 949 2385 1005 illos
2414 950 2572 1021 longe
2612 952 2932 1009 infeliciores
2955 953 3165 1023 judico,
3193 954 3283 1025 qui
3323 968 3443 1008 eum
3492 953 3579 1007 hic

1995 1055 2101 1095 non
2141 1042 2463 1110 puniantur,
2512 1042 2667 1097 simul
2716 1052 2891 1097 tamen
2938 1044 3144 1100 deliciis
3185 1060 3247 1101 ac
3290 1046 3577 1099 securitate

1994 1131 2260 1185 fruuntur.
2291 1131 2746 1197 Quemadmodum
2776 1133 2917 1188 enim
2962 1134 3047 1188 hic
3071 1149 3179 1189 non
3219 1133 3347 1189 dare
3391 1149 3577 1204 plenas

1994 1236 2092 1291 pro
2113 1222 2436 1288 commissis,
2462 1222 2573 1277 illic
2596 1223 2888 1277 cruciatum
2913 1223 3090 1278 reddit
3114 1226 3435 1280 atrociorem
3462 1243 3474 1279 :
3506 1226 3574 1281 ita

1994 1310 2121 1365 dum
2164 1320 2418 1380 peccant,
2446 1312 2740 1383 voluptati,
2776 1312 3017 1380 deliciis,
3064 1314 3351 1384 multaeque
3397 1330 3573 1369 rerum

1993 1400 2281 1456 affluentia:
2308 1402 2583 1472 indulgere
2602 1444 2618 1470 ,
2650 1402 2868 1471 majoris
2895 1418 3067 1473 paena:
3095 1404 3348 1458 viaticum
3384 1404 3488 1457 illis
3514 1417 3576 1456 ac

1994 1492 2270 1546 materiam
2303 1492 2414 1547 illic
2442 1494 2664 1564 colligit.
2693 1492 2826 1548 Nam
2853 1509 2973 1548 cum
3003 1503 3285 1565 peccantes
3308 1509 3404 1547 nos
3438 1493 3575 1548 Deus

1992 1582 2158 1636 amcit
2198 1584 2512 1651 honoribus,
2552 1600 2615 1639 ea
2640 1600 2727 1640 res
2772 1586 3108 1656 potissimum
3146 1598 3247 1639 nos
3274 1584 3327 1638 in
3362 1582 3575 1655 gravius

1994 1674 2296 1728 incendium
2321 1674 2540 1745 injicere
2566 1677 2781 1745 poterit.

2065 1762 2311 1834 Impietas
2351 1765 2479 1836 felix
2520 1766 2967 1837 periculosissima.
3008 1795 3080 1807 —
3125 1763 3335 1820 Etenim
3375 1765 3419 1818 si
3457 1764 3574 1833 quis

1995 1856 2087 1910 Dei
2117 1857 2335 1911 lenitate
2356 1856 2564 1911 fruatur
2592 1866 2795 1912 tantum
2818 1900 2832 1924 ,
2864 1872 2964 1913 nec
2984 1871 3047 1913 ea
3081 1856 3148 1911 ad
3175 1856 3227 1910 id
3249 1855 3391 1925 quod
3417 1869 3575 1925 opor-

1996 1950 2092 2003 tuit
2114 1960 2312 2018 utatur,
2336 1950 2569 2006 atrocius
2592 1951 2906 2022 supplicium
2937 1950 3037 2005 sibi
3063 1960 3233 2021 parat.
3255 1949 3355 2005 Ubi
3384 1957 3573 2018 praeter

1994 2039 2086 2095 Dei
2114 2041 2381 2095 lenitatem
2404 2041 2564 2096 etiam
2587 2041 2880 2096 honoribus
2901 2042 3099 2110 potitur
3120 2040 3385 2105 maximis,
3407 2038 3571 2091 nihilo

1992 2132 2167 2187 secius
2197 2141 2375 2187 tamen
2420 2133 2657 2202 persistit
2678 2134 2731 2187 in
2777 2133 3045 2204 nequitia:
3074 2133 3193 2203 quis
3234 2147 3355 2186 eum
3387 2130 3573 2198 eripiet

1992 2224 2060 2278 ab
2110 2225 2200 2278 illo
2251 2225 2549 2294 supplicio?
2596 2225 2807 2280 Etenim
2854 2236 2911 2279 ut
2950 2225 3248 2294 intelligas,
3297 2222 3435 2293 quod
3480 2221 3572 2291 qui

1994 2316 2087 2369 Dei
2137 2316 2409 2370 lenitatem
2457 2316 2544 2371 hic
2595 2317 2974 2386 experiuntur,
3027 2316 3224 2371 malum
3266 2313 3573 2369 universum

1993 2406 2102 2461 illic
2154 2407 2254 2461 sibi
2325 2417 2677 2475 eoacervant,
2727 2407 2785 2463 ni
2855 2407 3206 2477 resipuerint,
3258 2404 3379 2459 audi
3443 2401 3570 2473 quid

1990 2498 2133 2555 dicat
2170 2500 2404 2555 Paulus:
2452 2500 2726 2555 Existimas
2772 2509 2957 2566 autent,
2987 2515 3018 2553 ο
3060 2498 3238 2563 hante,
3269 2498 3352 2567 qui
3393 2494 3574 2549 condes

1990 2608 2134 2646 mnus
2178 2609 2264 2646 eos
2307 2592 2393 2662 qui
2440 2593 2564 2646 talia
2613 2592 2835 2663 faciunt,
2865 2601 2912 2645 et
2955 2591 3081 2663 facis
3122 2590 3332 2651 eadem.
3366 2585 3498 2656 quod
3519 2594 3570 2638 tu

1990 2684 2199 2756 effugies
2255 2685 2509 2756 judicium
2540 2684 2678 2740 Dei?
2720 2685 2800 2740 An
2837 2684 3037 2739 divitias
3066 2683 3298 2738 bonitatis
3334 2680 3472 2736 illius
3514 2692 3574 2732 ac

1989 2780 2261 2851 patientiae,
2288 2779 2600 2848 lenitatisque
2625 2778 2917 2842 contemnis,
2944 2778 3184 2848 ignorans
3210 2771 3345 2846 quod
3371 2771 3572 2826 bonitas

1993 2871 2085 2925 Dei
2139 2871 2206 2924 ad
2257 2871 2597 2939 paenitentiam
2644 2880 2692 2923 te
2727 2870 2945 2924 invitat?
2990 2868 3097 2924 Sed
3123 2868 3280 2937 juxta
3336 2864 3572 2919 duritiem

1990 2972 2161 3028 luant,
2202 2971 2247 3015 et
2291 2977 2379 3013 cor
2428 2960 2762 3030 impaenitcns,
2814 2959 3044 3014 recondis
3093 2957 3181 3012 tibi
3213 2956 3312 3027 ipsi
3359 2956 3489 3010 irant
3519 2954 3573 3008 in

1988 3054 2069 3108 die
2115 3056 2206 3107 irte
2254 3069 2313 3105 ac
2359 3050 2676 3105 reuelationis
2717 3060 2762 3103 et
2788 3051 2918 3121 justi
2948 3050 3131 3119 judicii
3176 3046 3268 3100 Dei
3295 3046 3471 3116 (Rom.
3510 3042 3566 3098 2.

1988 3145 2039 3201 3.
2072 3142 2151 3217 5).
2185 3144 2326 3213 Ergo
2355 3159 2474 3198 cum
2501 3141 2792 3197 viderimus
2822 3142 3026 3210 aliquos
3047 3138 3235 3210 opibus
3265 3136 3566 3203 afﬂuentes,

1987 3237 2189 3292 deliciis
2216 3237 2473 3305 fruentes,
2517 3246 2787 3308 unguenta
2819 3236 3043 3301 olentes,
3074 3234 3125 3288 in
3158 3229 3463 3288 temuleutia
3489 3236 3571 3283 to-

1989 3339 2070 3384 tos
2116 3330 2231 3385 dies
2275 3330 2641 3395 traducentes,
2692 3329 2743 3383 in
2788 3326 3098 3400 magistratu
3139 3334 3193 3380 et
3230 3324 3468 3389 honore,
3513 3320 3568 3375 in

1987 3424 2148 3477 tnulta
2175 3438 2364 3493 pompa
2410 3432 2463 3478 et
2486 3422 2800 3477 claritudine
2820 3462 2834 3483 ,
2864 3427 3176 3490 peccantes,
3218 3430 3387 3487 neque
3423 3412 3569 3484 quiti-

1984 3529 2141 3585 quatn
2166 3514 2316 3568 triste
2343 3514 2632 3583 patientes,
2680 3512 2777 3566 hac
2816 3512 2925 3582 ipsa
2953 3511 3018 3565 de
3043 3524 3200 3565 causa
3225 3508 3454 3562 maxime
3483 3505 3567 3559 dc-

1987 3606 2208 3659 lleamus
2236 3620 2299 3659 ac
2322 3605 2659 3673 deploremus
2690 3603 2809 3656 illos
2834 3642 2847 3670 ,
2877 3601 3016 3671 quod
3045 3599 3169 3654 dum
3210 3604 3431 3668 peccant
3460 3609 3564 3648 non

1986 3698 2290 3766 puniuntur.
2323 3695 2391 3751 Ut
2416 3696 2558 3752 enim
2586 3695 2630 3749 si
2657 3710 2813 3764 quem
2846 3693 3043 3747 videris
3070 3689 3295 3761 hydropi
3323 3694 3412 3741 aut
3439 3685 3566 3741 vitio

1983 3787 2185 3856 splenis
2209 3787 2517 3849 obnoxium,
2552 3795 2641 3838 aut
2668 3784 2790 3838 tabo
2831 3782 3078 3853 qn0piam
3114 3785 3526 3835 marcescentetn
3548 3816 3564 3841 ,

1983 3880 2277 3934 innumeris
2317 3878 2549 3948 undique
2595 3878 2807 3947 plenum
2851 3875 3150 3939 ulceribus,
3186 3872 3352 3926 nihilo
3392 3868 3565 3924 secius

1985 3981 2160 4025 tamen
2206 3985 2324 4024 cum
2355 3969 2438 4022 liis
2464 3968 2743 4032 omnibus,
2793 3964 3115 4020 temulentis:
3144 3977 3205 4015 ac
3231 3961 3436 4015 deliciis
3479 3961 3558 4012 in-

1982 4064 2312 4134 dulgentem,
2333 4060 2557 4117 reddere
2585 4058 2828 4113 tnorbum
2860 4056 3145 4118 acriorem,
3175 4055 3309 4108 adeo
3336 4066 3439 4105 non
3468 4051 3566 4103 mi-

1983 4132 2116 4211 raris
2142 4163 2233 4209 aut
2256 4154 2468 4209 beatum
2490 4151 2696 4222 judicas
2736 4164 2856 4204 eum
2883 4148 2951 4202 ob
2977 4144 3228 4209 delicias,
3260 4150 3317 4197 ut
3354 4143 3423 4196 ob
3463 4141 3565 4195 hee
3614 4132 3619 4135 ⁷

1982 4247 2153 4317 ipsum
2179 4245 2338 4300 etiam
2378 4244 2607 4298 maxime
2632 4242 2884 4296 miserum
2909 4238 3182 4293 existimes
3205 4253 3218 4289 :
3245 4233 3490 4289 similiter
3512 4241 3565 4284 et

1980 4340 2047 4394 de
2077 4340 2253 4393 anima
2276 4339 2523 4408 cogitato.
2557 4334 2655 4390 Ubi
2685 4334 2879 4389 videris
2914 4331 3182 4386 hominem
3213 4343 3465 4400 perverse
3489 4326 3565 4381 vi-

1980 4442 2233 4498 ventem,
2287 4432 2560 4500 multaque
2626 4428 2885 4483 fruentem
2953 4424 3342 4495 prosrrerilate,
3392 4436 3565 4492 neque

1980 4523 2130 4577 triste
2155 4520 2445 4592 quidquam
2476 4519 2759 4589 patientem
2781 4559 2796 4581 ,
2834 4516 2902 4571 ob
2929 4516 3030 4570 hoc
3060 4516 3233 4584 ipsum
3276 4512 3444 4583 magis
3471 4510 3566 4566 de-

1979 4612 2145 4683 plora,
2180 4610 2320 4683 quod
2366 4625 2487 4665 cum
2531 4609 2719 4663 morbo
2752 4607 3175 4678 gravissimeque
3217 4604 3339 4660 tabo
3367 4604 3437 4657 sit
3477 4602 3566 4657 ob-

1980 4704 2169 4758 noxius
2193 4744 2232 4773 ,
2257 4711 2434 4756 tamen
2474 4700 2709 4755 deterior
2750 4700 2850 4761 sit,
2905 4698 3148 4753 morbum
3180 4696 3384 4751 deliciis
3429 4695 3564 4749 vita-

1980 4810 2084 4863 que
2108 4794 2364 4848 dissoluta
2395 4806 2736 4862 exasperatis.
2766 4789 2880 4845 Non
2908 4792 3048 4844 enim
3077 4789 3285 4859 puniri,
3326 4786 3418 4842 sed
3448 4801 3566 4858 pec-

1978 4899 2102 4940 care
2131 4885 2326 4939 malum
2349 4896 2449 4940 est.
2472 4882 2604 4937 Nam
2629 4882 2733 4945 hoc
2754 4881 2965 4953 quidem
2991 4896 3019 4934 a
3044 4881 3154 4935 Deo
3177 4887 3409 4949 separat,
3434 4878 3560 4932 illud

1978 4990 2105 5030 vero
2126 4990 2225 5029 nos
2245 4976 2308 5029 ad
2335 4975 2499 5029 Deum
2523 4973 2801 5042 recolligit,
2838 4974 3079 5041 iramque
3109 4970 3369 5024 dissolvit.
3412 4967 3561 5023 Unde

1980 5066 2081 5119 hoc
2099 5065 2301 5135 liquet?
2337 5064 2472 5118 Audi
2514 5064 2828 5135 prophetam
2865 5063 3128 5117 dicentem
3156 5079 3167 5114 :
3195 5060 3557 5123 Consolantitti,

1977 5157 2306 5213 consolamitti
2330 5156 2573 5229 populum
2593 5173 2757 5210 meum
2778 5154 3081 5215 sacerdotes,
3098 5153 3359 5223 loquimini
3384 5151 3452 5204 ad
3474 5167 3561 5204 cor

1975 5250 2281 5316 Jerusalem,
2315 5252 2554 5321 quoniam
2601 5249 2791 5315 accepit
2817 5248 2880 5301 de
2912 5264 3066 5301 manu
3102 5246 3309 5299 Domini
3336 5245 3560 5315 duplicia

1976 5352 2178 5415 peccata
2198 5359 2290 5396 sua
2315 5341 2469 5413 (Isai.
2495 5341 2583 5396 40.
2610 5342 2661 5395 1.
2686 5339 2765 5411 2).
2787 5342 2863 5395 Ac
2888 5354 3069 5393 rursus
3091 5359 3104 5394 :
3126 5335 3362 5402 Domine,
3386 5353 3559 5408 pacem

1976 5436 2045 5489 da
2085 5436 2227 5491 nobis
2256 5453 2275 5489 :
2304 5452 2423 5489 nam
2444 5435 2611 5489 omnia
2640 5435 2904 5489 reddidisti
2932 5435 3073 5488 nobis
3103 5432 3210 5502 (Id.
3230 5431 3320 5487 26.
3353 5431 3463 5503 l2).
3488 5431 3558 5487 Ut

1974 5540 2151 5583 autem
2169 5528 2471 5597 intelligatis
2498 5527 2629 5581 alios
2658 5527 2765 5593 hic,
2797 5527 2931 5581 alios
2956 5528 3061 5581 illic
3083 5526 3274 5596 puniri,
3293 5525 3426 5579 alios
3444 5534 3553 5578 tum

1976 5621 2061 5676 hic
2090 5631 2198 5675 tum
2231 5620 2357 5686 illic,
2389 5618 2567 5673 audite
2595 5618 2719 5688 quid
2757 5619 2883 5673 dicit
2908 5619 3119 5685 Paulus,
3161 5615 3554 5687 reprehendens

1974 5728 2067 5769 eos
2094 5714 2181 5785 qui
2213 5713 2424 5783 indigne
2453 5710 2909 5767 commnnicabant
2938 5712 3222 5783 mysteriis.
3253 5710 3384 5766 Cum
3407 5708 3493 5763 eni
