4046 6146
529 168 650 225 Ὣῦξ)

547 293 796 358 dixisset,
835 290 935 358 Qui
959 290 1058 353 edit
1085 305 1145 344 ac
1164 286 1291 343 bibit
1321 288 1526 359 indigne
1553 304 1733 356 corpus
1757 298 1802 341 et
1827 284 2124 357 sanguinem

554 385 785 453 Domini,
815 402 928 438 reus
953 385 1042 437 erit
1074 383 1300 452 corporis
1325 391 1367 436 et
1394 381 1652 452 sanguinis
1682 378 1868 434 Christi
1897 378 1976 447 (l.
2005 375 2124 430 Cor.

555 475 641 530 11.
665 474 782 545 9.7),
811 473 1034 542 subjecit
1063 473 1237 526 illico:
1267 470 1393 525 Ideo
1430 472 1561 524 inter
1588 487 1675 524 vos
1703 470 1848 522 multi
1869 468 2059 537 inﬁrmi
2083 475 2128 520 et

554 565 843 630 imbecilles,
875 573 921 617 et
951 563 1204 618 dormiunt
1226 562 1394 616 multi.
1425 560 1627 616 Etenim
1647 560 1689 614 si
1719 577 1810 615 nos
1833 560 1970 630 ipsos
1991 557 2131 624 diiu-

553 659 854 721 dicaremus,
884 673 984 711 non
1016 656 1184 726 utique
1215 656 1585 726 judicarentur.
1618 652 1770 707 Nunc
1813 662 1980 707 autent
2018 668 2131 706 cum

553 747 860 815 iudicamur,
888 764 918 800 a
953 745 1172 800 Domino
1201 745 1522 816 corripimur,
1569 760 1632 798 ne
1658 759 1773 796 cum
1797 742 1984 796 mundo
2007 757 2129 795 con-

553 839 848 893 demnemur
867 836 971 904 (Ib.
1003 854 1051 890 υ.
1084 835 1297 908 30-52).
1334 835 1490 890 Vides
1516 835 1781 905 quomodo
1808 834 1896 888 hic
1931 833 2128 888 inflicta

555 946 710 1002 poena
741 947 837 986 nos
864 931 1051 985 liberat
1077 945 1105 984 a
1138 945 1292 1001 ptena
1317 943 1434 1000 quae
1481 929 1588 983 illic
1623 929 1736 983 est?
1766 927 1829 982 Et
1855 927 1922 982 de
1950 943 2014 982 eo
2044 927 2131 998 qui

553 1032 796 1094 stuprum
823 1025 1182 1090 commiserat,
1213 1023 1379 1093 inquit
1403 1040 1417 1076 :
1444 1019 1652 1075 Tradite
1677 1019 1923 1091 ejusmodi
1970 1019 2134 1073 homi-

551 1134 668 1171 nem
693 1126 886 1172 satana:
913 1117 965 1170 in
992 1117 1246 1169 interitum
1273 1114 1463 1180 carnis,
1489 1123 1544 1168 ut
1563 1113 1771 1183 spiritus
1793 1112 1960 1166 salvus
1988 1111 2052 1166 sit
2082 1111 2133 1164 in

553 1209 634 1262 die
663 1207 870 1262 Domini
898 1208 1056 1262 nostri
1079 1206 1205 1260 Iesu
1229 1206 1416 1261 Christi
1456 1205 1534 1277 (l.
1568 1204 1688 1258 Cor.
1717 1204 1770 1258 5.
1800 1202 1876 1272 5).
1916 1202 2054 1270 Quin
2080 1209 2134 1257 et

551 1315 616 1355 ex
651 1301 763 1370 ipso
786 1299 988 1355 Lazaro
1012 1299 1112 1354 hoc
1130 1299 1464 1369 perSpicuum
1482 1305 1583 1363 est,
1606 1296 1747 1368 quod
1764 1297 1921 1352 etiam
1947 1296 1992 1350 si
2008 1295 2134 1366 quid

555 1394 678 1446 mali
706 1392 1062 1456 commiserat,
1095 1390 1182 1446 hic
1207 1391 1453 1456 abluerit,
1474 1391 1650 1460 itaque
1677 1390 1800 1444 illuc
1816 1388 2138 1458 purusabie-

558 1483 646 1537 rit.
691 1482 835 1537 ldcm
868 1499 993 1537 vero
1031 1492 1084 1537 et
1112 1497 1180 1538 ex
1216 1483 1305 1537 illo
1331 1482 1619 1554 paralytico
1647 1479 1984 1536 manifestum
2028 1489 2130 1548 est,

557 1575 644 1642 qui
673 1575 882 1644 triginta
903 1582 1025 1628 octo
1045 1588 1212 1628 annos
1239 1573 1488 1628 laborans
1514 1572 1841 1636 infirmitate,
1870 1587 1964 1642 per
1988 1587 2136 1626 mor-

557 1665 681 1718 bum
724 1664 1027 1719 diuturnum
1045 1674 1269 1733 peccata
1306 1663 1572 1734 deposuit.
1619 1663 1884 1718 Caeterum
1915 1671 1973 1718 ut
1999 1663 2136 1716 scias

558 1753 705 1810 illum
726 1756 1040 1827 obpeccata
1088 1757 1164 1811 sic
1191 1756 1444 1810 afﬂictum
1473 1755 1656 1822 fuisse,
1685 1756 1808 1810 audi
1835 1755 1958 1826 quid
2010 1755 2136 1810 dicit

553 1844 800 1901 Christus
822 1844 994 1901 :~Ecce
1019 1863 1173 1902 sanus
1203 1847 1368 1917 factus
1397 1863 1483 1913 es;
1522 1863 1584 1900 ne
1615 1847 1824 1917 posthac
1859 1863 2047 1916 pecces,
2075 1863 2137 1900 ne

551 1937 678 2002 quid
699 1937 958 2008 contingat
984 1937 1069 1991 tibi
1097 1937 1315 1992 deterius
1339 1937 1517 2008 (Joan.
1548 1938 1601 1993 5.
1633 1937 1741 2009 14).
1775 1939 1850 1993 Ex
1875 1939 1955 1992 his
1979 1939 2137 2009 igitur

556 2027 757 2081 clarum
787 2036 889 2094 est,
913 2043 1032 2083 esse
1058 2027 1316 2098 quosdam
1340 2028 1432 2098 qui
1469 2028 1554 2082 hic
1579 2029 1889 2098 puniuntur,
1918 2044 1982 2084 ac
2009 2044 2136 2098 pec-

557 2130 673 2172 cata
694 2119 986 2189 deponunt.

631 2209 685 2264 6.
709 2209 928 2276 Quidam
943 2219 986 2263 et
1002 2213 1053 2264 in
1081 2210 1174 2264 Itoc
1197 2220 1246 2266 et
1267 2211 1317 2265 in
1345 2210 1504 2266 altero
1525 2212 1709 2266 saeculo
1740 2214 2040 2282 puniuntur.
2066 2244 2140 2254 —

559 2299 709 2367 Quod
739 2310 914 2354 autem
945 2301 1109 2370 aliqui
1149 2310 1259 2356 tum
1300 2302 1384 2355 hic
1407 2343 1423 2368 ,
1455 2309 1566 2356 tum
1598 2301 1708 2356 illic
1746 2304 2028 2373 puniantur
2048 2343 2064 2368 ,
2095 2303 2139 2358 si

561 2390 736 2444 minus
772 2406 868 2462 pro
905 2400 1237 2461 peccatorum
1274 2392 1643 2469 magnitudine
1667 2392 1758 2448 hic
1800 2395 1996 2449 luerint
2025 2409 2112 2464 pot

560 2497 655 2536 nas
678 2525 694 2549 ,
717 2483 839 2538 audi
880 2484 1004 2554 quid
1035 2483 1101 2538 de
1129 2483 1419 2539 Sodomitis
1449 2485 1591 2539 dicat
1629 2486 1867 2540 Christus
1900 2504 1914 2540 :
1946 2489 2139 2542 ctenim

559 2589 678 2626 cum
709 2573 955 2642 dixisset,
987 2573 1297 2643 Quicumque
1323 2592 1421 2629 non
1444 2578 1684 2646 receperit
1715 2593 1818 2642 vos,
1848 2578 1995 2631 etiam
2023 2579 2141 2649 pul-

559 2681 718 2718 verem
750 2664 932 2733 pedum
953 2675 1224 2719 vestrorum
1246 2666 1300 2720 in
1329 2683 1412 2721 eos
1438 2669 1651 2722 excutite
1677 2669 1826 2740 (Luc.
1852 2670 1903 2725 9.
1928 2671 2005 2741 5),
2029 2672 2145 2726 sub-

555 2753 728 2822 junxit
753 2768 769 2804 ε
791 2751 1122 2807 Tolerabilius
1159 2756 1254 2807 erit
1295 2765 1441 2810 terra:
1481 2755 1819 2811 Sodomorum
1854 2769 1901 2813 et
1927 2759 2141 2814 Gomor-

561 2845 689 2908 ἤια»,
717 2861 866 2916 quam
892 2846 1080 2899 civitati
1122 2845 1199 2900 illi
1233 2845 1342 2918 (Id.
1369 2849 1455 2904 10.
1490 2848 1600 2921 12).
1630 2851 1781 2917 Quod
1807 2861 1980 2909 autem
2011 2855 2146 2910 dixit

564 2935 890 3000 tolerabilius,
919 2935 1059 2990 hunc
1083 2935 1244 3014 habet
1262 2954 1498 3006 sensum,
1522 2941 1663 3010 quod
1690 2941 1762 2996 illi
1787 2950 1894 2996 tum
1912 2958 2142 3014 quoque,

564 3027 770 3082 tametsi
814 3027 1022 3091 levius,
1075 3011 1248 3085 forent
1299 3011 2050 3106 puniendi,quandoquidetu
2093 3011 2146 3093 in

566 3114 666 3170 hac
698 3117 801 3172 vita
832 3117 1325 3191 dederuntptenas.
1360 3122 1533 3178 Porro
1575 3125 1860 3181 nonnullos
1904 3142 2023 3184 esse
2057 3130 2144 3199 qui

567 3206 652 3260 hic
677 3207 889 3276 quidem
931 3210 1060 3264 nihil
1109 3213 1318 3267 molesti
1362 3215 1673 3283 patiuntur,
1706 3217 1798 3271 sed
1844 3219 1950 3274 illic
1984 3228 2146 3275 totam

565 3309 873 3369 exspectant
901 3301 1184 3376 ultionem,
1217 3302 1506 3360 declaravit
1550 3306 1702 3362 nobis
1730 3308 1814 3363 hic
1851 3309 2034 3378 dives,
2069 3314 2148 3368 in-

567 3390 869 3446 evitabilem
900 3393 1006 3448 illic
1028 3396 1304 3464 perferens
1345 3398 1660 3464 cruciatum,
1687 3414 1748 3453 ac
1774 3415 1841 3455 ne
1873 3403 2146 3458 minimum

568 3486 782 3556 quidem
835 3488 1094 3560 refrigerii
1145 3505 1478 3562 consequens
1509 3533 1522 3560 ,
1549 3508 1614 3548 eo
1639 3495 1781 3564 quod
1811 3495 1917 3550 illic
1945 3498 1994 3552 ei
2041 3506 2149 3553 tota

569 3575 799 3630 vindicta
823 3576 978 3631 fuerit
1007 3589 1298 3633 reservata.
1325 3582 1784 3646 Quemadmodum
1809 3585 1976 3656 igitur
2005 3586 2055 3641 in
2085 3587 2150 3642 iis

569 3667 658 3738 qui
681 3677 920 3738 peccant,
952 3669 986 3723 ii
1014 3670 1102 3738 qui
1131 3669 1262 3724 nihil
1294 3671 1378 3725 hic
1398 3673 1576 3727 acerbi
1599 3674 1887 3744 patiuntur,
1915 3678 2022 3732 illic
2039 3693 2150 3734 ma-

571 3760 745 3828 jorem
775 3761 1038 3815 sustinent
1078 3762 1368 3817 cruciatum
1394 3781 1406 3817 :
1432 3765 1509 3819 sic
1551 3765 1690 3821 inter
1722 3782 1826 3823 eos
1868 3770 1958 3839 qui
2008 3779 2152 3826 recte

571 3851 792 3917 faciunt,
818 3853 906 3922 qui
937 3853 1100 3908 multa
1125 3855 1402 3924 patiuntur
1430 3857 1481 3911 in
1513 3856 1613 3912 hac
1637 3858 1744 3914 vita
1771 3860 2015 3928 molesta,
2046 3863 2154 3917 illic

575 3943 740 3997 multo
769 3945 1038 4014 potientur
1063 3947 1285 4001 honore.
1317 3947 1383 4002 Et
1412 3949 1856 4018 quemadmodum
1887 3951 1932 4006 si
1957 3967 1987 4006 e
2015 3951 2152 4006 duo-
2187 3988 2201 4001 ι

583 4034 681 4088 bus
708 4037 1072 4105 peccatoribus
1095 4053 1230 4092 unus
1254 4037 1339 4092 hic
1368 4040 1637 4109 puniatur,
1665 4041 1802 4095 alter
1827 4057 1930 4097 non
1963 4043 2152 4112 punia-

571 4133 677 4190 tur,
701 4125 904 4182 beatior
921 4137 1003 4183 est
1033 4129 1120 4184 ille
1147 4131 1357 4200 punitus
1375 4146 1441 4186 eo
1465 4132 1551 4201 qni
1581 4133 1791 4201 punitus
1807 4148 1910 4187 non
1939 4144 2022 4188 est
2046 4135 2154 4189 :sic

579 4230 708 4271 sane
756 4219 894 4273 inter
937 4219 1072 4273 duos
1090 4220 1288 4289 justos,
1313 4221 1357 4274 si
1383 4221 1519 4276 alter
1539 4221 1625 4276 hic
1654 4222 1790 4292 plus,
1823 4223 1958 4278 alter
1979 4225 2154 4280 minus

575 4310 850 4378 pertulerit
870 4309 1237 4376 afflictionum,
1269 4311 1472 4366 beatior
1496 4313 1599 4366 erit
1643 4311 1734 4367 ille
1779 4313 1866 4384 qui
1897 4313 2013 4383 plus
2038 4329 2155 4368 sus-

574 4401 809 4468 tinuerit,
854 4403 1064 4472 quando
1099 4403 1380 4475 unicuique
1420 4404 1604 4460 reddet
1643 4404 1796 4475 juxta
1849 4421 2012 4477 opera
2060 4421 2186 4462 sua'

574 4491 788 4562 (ΜαιιΙι.
815 4494 902 4548 te.
925 4495 1038 4566 27).

643 4580 742 4634 Aut
788 4582 870 4636 hic
914 4593 1002 4636 aut
1054 4584 1106 4638 in
1145 4588 1319 4656 futuro
1353 4586 1668 4657 patiendum.
1692 4617 1763 4627 —
1791 4587 1926 4656 Quid
1958 4589 2156 4659 igitur?

577 4677 694 4733 Non
723 4689 807 4734 est
831 4678 1090 4750 quispiam
1111 4720 1128 4747 ,
1160 4680 1366 4750 inquies
1391 4721 1406 4746 ,
1431 4681 1520 4750 qui
1551 4690 1605 4736 et
1629 4681 1714 4735 hic
1751 4690 1806 4737 ct
1841 4682 1948 4736 illic
1976 4684 2158 4753 requie

575 4770 986 4826 fruatur?lstud
1035 4771 1360 4841 impossibile
1418 4781 1598 4837 cst,o
1647 4772 1805 4828 homo
1836 4815 1852 4838 ,
1883 4781 2040 4844 atque
2088 4790 2158 4830 ex

573 4875 756 4924 eorum
775 4875 997 4915 numero
1022 4877 1139 4931 qua:
1160 4860 1356 4916 frustra
1384 4876 1584 4931 speres.
1613 4861 1748 4916 Fieri
1771 4863 1910 4920 enim
1931 4879 2036 4918 non
2058 4879 2159 4935 po-

574 4962 699 5020 test,
728 4969 834 5008 non
867 4961 1042 5024 potest
1071 4940 1283 5024 inquam
1303 4993 1317 5018 ,
1346 4962 1402 5007 ut
1424 4955 1512 5022 qui
1538 4953 1623 5008 hic
1649 4954 1700 5008 in
1731 4955 1972 5008 socordia
2002 4969 2157 5010 secu-

574 5048 839 5118 ritateque
863 5046 1073 5113 vixerit,
1105 5047 1196 5118 qui
1224 5046 1274 5101 in
1305 5045 1511 5102 deliciis
1537 5045 1785 5101 omnibus
1805 5045 2016 5102 assidue
2041 5046 2158 5103 dies

575 5139 984 5210 consumpserit,
999 5139 1086 5210 qui
1115 5147 1317 5196 temere
1337 5139 1678 5210 neglectaque
1701 5139 2017 5209 transegerit
2032 5147 2159 5196 teta-

580 5239 686 5286 tcm
711 5271 730 5299 ,
757 5229 863 5286 illic
888 5230 1145 5286 honorem
1168 5240 1544 5302 consequatur.
1574 5229 1704 5284 Nam
1744 5229 1844 5285 etsi
1874 5239 2158 5301 paupertas

576 5325 624 5378 ei
651 5341 756 5379 non
777 5325 845 5381 sit
875 5325 1116 5391 molesta,
1145 5323 1404 5394 cupiditas
1434 5332 1610 5378 tamen
1632 5322 1852 5376 molesta
1871 5331 1974 5387 est,
2002 5331 2160 5392 atque

580 5415 704 5471 huic
727 5416 988 5472 obnoxius
1016 5424 1100 5471 est
1125 5434 1139 5470 :
1167 5430 1268 5471 nec
1288 5414 1413 5469 hinc
1434 5414 1716 5469 mediocris
1742 5413 1914 5468 labor.
1937 5413 2089 5479 Quod
2115 5413 2160 5468 si

581 5507 796 5560 morbus
827 5523 931 5561 non
955 5506 1190 5575 infestat,
1214 5506 1308 5562 sed
1334 5504 1625 5560 inflammat
1649 5505 1724 5559 ira
1748 5545 1763 5571 ,
1787 5519 1855 5558 ne
1881 5503 1923 5557 is
1947 5502 2160 5573 quidem

580 5597 866 5656 mediocris
891 5598 1042 5656 dolor
1076 5599 1288 5656 vincere
1319 5597 1641 5654 iracundiam
1668 5614 1680 5651 :
1707 5596 1806 5654 etsi
1843 5592 2160 5653 afflictiones

1251 175 1317 229 S.
1356 171 1634 229 JOANNIS
1670 167 2145 228 CllRYSOSTOMl
2183 168 2505 227 ARClllEP.
2546 173 3078 236 CONSTANTINOP.

3649 197 3758 256 1000

2217 300 2336 365 lnon
2365 286 2666 358 irruperint,
2695 302 2871 349 tamen
2904 297 3251 367 cogitationes
3276 301 3426 357 male
3452 303 3759 370 indesinenter

2234 373 2525 448 insurgunt.
2555 381 2667 436 Non
2711 394 2790 440 est
2827 397 3004 442 autem
3035 379 3284 460 vulgaris
3308 397 3495 465 negotii
3537 399 3758 462 refrenare

2231 467 2514 526 absurdam
2540 475 2880 543 cupiditatem
2898 519 2914 544 ,
2937 479 3187 536 cohibere
3222 483 3365 537 sitim
3397 485 3559 542 inanis
3579 492 3757 562 gloriae,

2231 575 2482 620 coercere
2511 565 2701 622 fastum
2721 611 2736 634 ,
2771 584 2804 624 a
2830 571 3036 629 deliciis
3059 582 3357 645 temperare
3376 618 3392 643 ,
3421 578 3471 633 in
3497 595 3661 651 aspera
3685 587 3750 644 de-

2233 665 2358 720 gere
2398 651 2698 724 disciplina.
2727 659 2857 715 Nam
2885 663 2974 731 qui
3010 664 3108 718 ista
3159 680 3265 719 non
3307 666 3522 736 fecerit,
3544 672 3643 728 fieri
3680 693 3758 730 non

2234 750 2410 809 potest
2439 754 2496 798 ut
2521 763 2768 817 umquam
2793 752 2974 806 salvus
3000 753 3108 808 fiat.
3135 754 3201 811 Ut
3227 766 3406 811 autem
3436 760 3672 832 intelligas
3700 767 3759 818 vi-

2234 842 2418 887 ventes
2444 835 2495 888 in
2517 835 2740 902 deliciis,
2762 856 2865 895 non
2885 841 2998 897 fieri
3019 845 3214 911 salvos,
3241 846 3366 900 audi
3393 848 3514 917 quid
3531 849 3593 904 de
3613 854 3760 908 mulie-

2234 937 2294 977 re
2317 923 2478 980 vidua
2507 926 2635 982 dicit
2659 928 2855 986 Paulus
2882 949 2897 988 :
2929 933 3053 998 Qui:
3073 952 3184 989 vero
3203 937 3258 990 in
3289 937 3476 992 deliciis
3499 941 3760 1008 vivit,virem

2235 1024 2433 1068 mortua
2462 1027 2532 1071 est
2556 1019 2633 1088 (1.
2666 1019 2801 1076 Tim.
2829 1023 2881 1078 5.
2913 1022 2989 1096 6).
3019 1024 3170 1092 Quod
3207 1027 3253 1080 si
3283 1025 3352 1082 de
3377 1029 3585 1086 muliere
3603 1033 3687 1087 hoc
3704 1034 3760 1088 di-

2235 1113 2378 1160 ctum
2407 1115 2526 1176 est,
2551 1111 2716 1166 multo
2742 1114 2909 1184 magis
2949 1115 3016 1170 de
3040 1116 3154 1170 viro
3179 1116 3462 1172 dicendum
3491 1160 3506 1186 ,
3534 1131 3760 1190 propterea

2236 1212 2342 1251 non
2366 1215 2524 1272 posse
2557 1201 2669 1256 fieri
2701 1212 2757 1258 ut
2778 1203 2936 1260 homo
2973 1206 3059 1276 qui
3092 1207 3250 1262 talem
3277 1208 3405 1264 vivit
3432 1210 3579 1264 vitam
3600 1211 3762 1282 ,adipi-

2236 1299 2413 1345 scatur
2441 1293 2620 1348 caelos.
2655 1293 2766 1349 Hoc
2808 1297 2983 1366 ipsum
3011 1306 3066 1352 et
3101 1297 3346 1355 Christus
3370 1301 3632 1357 declaravit
3655 1304 3762 1359 hunc

2236 1379 2289 1434 in
2308 1381 2524 1436 modum
2546 1384 2765 1454 loquens
2791 1402 2806 1440 :
2829 1386 3056 1457 Angusta
3087 1398 3132 1442 et
3158 1400 3304 1443 arcta
3330 1401 3404 1444 est
3429 1391 3638 1462 oio,qu¢
3657 1395 3763 1448 ducit

2236 1472 2304 1526 ad
2327 1474 2496 1538 vitam,
2513 1484 2558 1530 et
2573 1477 2724 1545 pauci
2746 1487 2862 1532 sunt
2885 1480 2970 1548 qui
2999 1479 3256 1534 inveniunt
3283 1497 3394 1535 eam
3411 1481 3762 1555 (Nattlt.7.ll).

2318 1561 2356 1616 γ
2362 1565 2412 1618 ia
2438 1563 2646 1620 Domini
2682 1569 2932 1635 quomodo
2956 1586 3136 1640 aspera
3155 1581 3204 1625 et
3234 1588 3336 1626 non
3360 1588 3552 1642 aspera.
3578 1603 3640 1616 -
3655 1573 3764 1640 Quo-

2238 1655 2399 1710 modo
2448 1657 2644 1728 igitur,
2674 1658 2868 1715 dixerit
2891 1661 3102 1732 aliquis,
3131 1662 3334 1718 dictum
3360 1671 3441 1718 est
3459 1664 3595 1731 illud,
3614 1663 3764 1736 Iugum

2238 1762 2403 1800 meum
2438 1764 2588 1802 suave
2611 1759 2720 1814 est,
2741 1758 2788 1803 et
2815 1767 2941 1805 onus
2969 1768 3131 1806 meum
3160 1752 3269 1808 leoe
3293 1753 3513 1822 (Matth.
3539 1755 3624 1810 ll.
3650 1755 3764 1826 30)?

2237 1836 2368 1892 Nam
2407 1840 2451 1893 si
2482 1849 2700 1910 angusta
2725 1850 2808 1896 est
2845 1843 2927 1897 via
2961 1852 3016 1898 et
3056 1859 3283 1914 aspera,
3311 1845 3568 1914 quomodo
3597 1860 3761 1900 rursum

2238 1942 2356 1982 eam
2404 1929 2572 1984 levem
2619 1931 2937 2004 facilemque
2966 1935 3156 1990 vocat?
3186 1935 3326 1990 Illud
3371 1935 3573 2006 quidem
3605 1936 3762 1990 dictum

2239 2026 2323 2074 est
2369 2029 2585 2090 propter
2630 2030 2870 2078 naturam
2912 2024 3264 2080 afflictionum
3287 2064 3301 2090 ,
3332 2024 3431 2080 hoc
3456 2041 3572 2080 vero
3600 2034 3765 2096 propter

2241 2121 2590 2182 spontaneam
2621 2115 2952 2170 voluntatem
2984 2116 3318 2171 adeuntium.
3352 2116 3480 2172 Nam
3507 2116 3610 2172 fieri
3634 2126 3765 2186 potest

2243 2211 2300 2258 ut
2320 2203 2460 2273 quod
2486 2212 2672 2258 natura
2699 2215 2780 2261 est
2805 2206 3158 2273 intolerabile,
3182 2209 3408 2275 sitleve,
3425 2209 3466 2264 si
3486 2223 3594 2262 cum
3618 2208 3766 2262 alaeri-

2245 2305 2351 2352 tate
2394 2297 2560 2351 animi
2605 2298 2996 2369 suscipiamus:
3025 2300 3472 2370 quemadmodum
3507 2309 3556 2354 et
3590 2297 3767 2369 apostoli

2243 2390 2421 2460 flagris
2446 2391 2568 2445 caasi
2594 2393 2793 2446 reversi
2820 2400 2948 2446 sunt
2972 2391 3293 2462 gaudentes,
3321 2392 3457 2462 quod
3479 2391 3606 2462 digni
3629 2398 3769 2444 essent

2245 2483 2408 2538 habiti
2435 2500 2529 2554 pro
2549 2485 2764 2539 nomine
2782 2485 2990 2540 Domini
3016 2485 3307 2556 ignominia
3323 2485 3459 2540 affici
3479 2484 3602 2555 (Act.
3618 2484 3662 2537 5.
3681 2482 3768 2551 lt).

2244 2575 2575 2645 Quamquam
2601 2583 2788 2629 natura
2814 2575 3144 2630 cruciatuum
3186 2575 3523 2630 afflictionetn
3556 2573 3768 2628 dolorem-

2245 2681 2348 2736 que
2367 2667 2502 2721 solet
2516 2668 2756 2738 gignere,
2770 2682 2954 2723 verum
2976 2669 3185 2723 animus
3216 2678 3488 2739 promptus
3510 2681 3687 2729 eorum,
3702 2663 3770 2732 qui

2248 2756 2670 2827 flagellabantur,
2701 2773 2878 2812 rerum
2910 2768 3152 2813 naturam
3186 2761 3335 2815 vicit.
3365 2757 3578 2814 Proinde
3601 2765 3648 2812 et
3668 2755 3771 2810 Pau-

2247 2846 2332 2902 lus
2357 2847 2519 2914 dicit,
2547 2846 2732 2902 Omnes
2771 2850 2857 2919 qui
2883 2849 3053 2903 volunt
3083 2851 3164 2918 pie
3190 2851 3355 2905 viuere
3390 2851 3441 2903 in
3481 2848 3653 2902 Clu-isto
3674 2844 3772 2899 Iesu

2249 2946 2679 3011 persequuttonem
2709 2941 2965 3010 patientur
2991 2940 3067 3014 (ἓ.
3097 2940 3238 2995 Tim.
3266 2943 3319 2997 5.
3347 2939 3454 3013 12).
3476 2939 3540 2995 Ει
3572 2940 3612 2994 si
3645 2937 3770 2992 homo

2249 3046 2355 3086 non
2401 3042 2748 3102 persequatur
2771 3073 2787 3100 ,
2841 3032 3087 3089 diabolus
3131 3044 3313 3090 tamen
3360 3039 3626 3103 oppugnat.
3655 3027 3770 3084 Unde

2250 3122 2414 3177 multa
2440 3124 2595 3178 nobis
2621 3139 2753 3194 Opus
2777 3134 2861 3180 est
2887 3125 3224 3196 philosophia
3250 3168 3268 3193 ,
3301 3125 3457 3180 multa
3482 3120 3768 3183 fortitudine,

2251 3221 2308 3266 ut
2338 3213 2392 3268 in
2421 3214 2669 3284 precibus
2694 3214 2969 3285 vigilemus
2989 3257 3004 3284 ,
3032 3232 3131 3272 nec
3159 3233 3412 3286 umquam
3436 3215 3736 3270 dortnitemus
3757 3249 3770 3273 ,

2251 3319 2319 3358 ne
2371 3320 2459 3360 res
2504 3306 2706 3361 alienas
2748 3307 3185 3378 concupiscamus
3218 3317 3317 3363 :ut
3352 3322 3466 3378 qua:
3515 3299 3771 3366 adsunt,in

2251 3410 2448 3466 egenos
2487 3396 2868 3453 distribuamus
2887 3439 2903 3465 ,
2926 3406 2987 3453 ut
3022 3399 3278 3454 omnibus
3304 3397 3499 3453 deliciis
3518 3395 3622 3451 vale
3656 3391 3771 3446 dicae

2253 3500 2392 3554 mus,
2422 3501 2487 3542 ac
2507 3487 2747 3542 nuntium
2769 3488 3121 3554 remittamus,
3148 3498 3269 3543 tum
3293 3489 3357 3544 iis
3381 3502 3491 3558 qua:
3513 3493 3620 3540 sunt
3636 3482 3679 3536 in
3701 3495 3772 3532 re-

2252 3577 2442 3644 stibus,
2474 3587 2582 3633 tum
2612 3579 2676 3633 iis
2692 3595 2810 3649 qua:
2834 3589 2958 3634 sunt
2979 3580 3030 3634 in
3061 3595 3272 3648 mensa,
3291 3587 3350 3634 ut
3372 3578 3622 3633 avaritiam
3645 3570 3772 3641 fugia-

2254 3686 2374 3727 mus
2398 3713 2413 3738 ,
2444 3679 2502 3726 ut
2549 3671 2859 3727 ebrietatem
2889 3713 2905 3739 ,
2933 3681 2990 3726 ut
3036 3671 3461 3726 maledicentiam
3485 3669 3706 3727 vitemus,
3731 3669 3773 3714 ut

2255 3763 2447 3832 lingua:
2477 3772 2855 3832 temperemus,
2884 3779 3059 3834 neque
3084 3763 3438 3820 vociferamur
3462 3756 3772 3827 incomposite,

2257 3854 2462 3926 (Omnis
2486 3857 2617 3910 enim
2642 3857 2976 3911 antarulentia
3004 3899 3018 3922 ,
3050 3859 3320 3912 commotio
3339 3897 3355 3924 ,
3386 3866 3431 3911 et
3454 3851 3685 3909 iracundia
3703 3889 3716 3914 ,
3739 3856 3774 3899 et

2255 3947 2448 4001 clamor
2466 3987 2486 4014 ,
2507 3957 2554 4002 et
2591 3949 2901 4018 blasphemia
2937 3950 3143 4004 tollatur
3169 3966 3202 4002 α
3221 3950 3360 4004 vobis
3381 3946 3582 4020 [Epltes.
3599 3943 3646 3996 l.
3665 3937 3771 4010 3H)-

2256 4038 2334 4094 Ne
2360 4041 2588 4094 obscena
2615 4040 2892 4109 loquamur
2912 4082 2926 4105 ,
2949 4057 3016 4095 ne
3047 4041 3204 4095 dictis
3239 4039 3452 4095 urbanis
3484 4036 3774 4092 delectentur-

2257 4130 2372 4185 Non
2415 4139 2496 4186 est
2535 4131 2821 4186 mediocris
2852 4132 3046 4187 laboris
3074 4131 3125 4186 in
3155 4131 3240 4186 his
3267 4123 3540 4202 perfectam
3568 4130 3773 4194 ραι-61³1³8

2258 4222 2570 4278 custodiam.
2595 4222 2768 4293 Atque
2790 4232 2845 4277 ut
2873 4223 3134 4293 intelligas
3160 4231 3356 4292 quanta
3383 4235 3470 4274 res
3503 4219 3562 4272 sit
3594 4211 3775 4284 philoa»

2260 4312 2412 4382 phari
2438 4355 2452 4379 ,
2478 4329 2746 4384 quamque
2770 4330 2874 4368 non
2899 4314 3094 4370 habeat
3113 4315 3487 4370 relaxationem
3507 4353 3522 4376 ,
3547 4305 3652 4361 audi
3679 4299 3774 4371 quid

2259 4403 2388 4458 dicit
2413 4404 2605 4459 Paulus
2629 4423 2640 4456 :
2663 4404 2864 4475 Castigo
2880 4421 3061 4475 corpus
3079 4422 3268 4471 meum,
3288 4415 3332 4458 et
3351 4405 3403 4458 in
3421 4401 3674 4492 servitutem
3689 4389 3774 4484 red-

2259 4487 2341 4558 igo
2358 4489 2432 4559 (i.
2458 4486 2576 4542 Cor.
2621 4488 2672 4543 9.
2695 4487 2789 4558 27)
2814 4507 2826 4541 :
2851 4488 2951 4543 hoc
2976 4488 3160 4543 dicens
3183 4488 3408 4558 aperuit,
3425 4493 3602 4556 quanta
3617 4486 3772 4534 sitno-

2260 4580 2441 4646 lentia,
2468 4589 2800 4651 quantusque
2828 4580 2998 4647 labor,
3021 4595 3180 4651 quem
3201 4587 3411 4650 oportet
3435 4575 3668 4630 sustinere
3687 4577 3770 4627 eos.

2261 4672 2349 4743 qui
2373 4672 2553 4726 volunt
2592 4687 2785 4740 corpus
2814 4671 3039 4727 reddere
3083 4672 3136 4726 in
3167 4673 3411 4727 omnibus
3433 4667 3695 4736 subjectum
3728 4668 3772 4709 ac

2262 4763 2556 4818 tractabile.
2599 4764 2737 4830 Quin
2775 4774 2828 4818 et
2847 4763 3096 4818 Christus
3125 4762 3393 4833 discipulis
3417 4760 3486 4815 ait
3511 4776 3524 4812 :
3549 4755 3606 4810 In
3628 4745 3771 4805 mundo

2263 4871 2547 4926 pressuram
2600 4855 2837 4909 habebitis
2867 4896 2883 4921 ,
2918 4855 3006 4909 sed
3047 4855 3305 4924 conﬁdite,
3331 4869 3420 4924 ego
3458 4849 3546 4905 eici
3582 4840 3771 4936 mundttttt

2263 4946 2439 5018 (Joan.
2469 4949 2556 5003 t6.
2603 4948 2717 5018 35).
2745 4947 2890 5012 Haec,
2919 4947 3122 5017 inquit,
3151 4945 3366 5001 afflictio
3413 4939 3626 5010 requiem
3659 4928 3771 4984 vobis

2261 5039 2584 5095 conciliabit.
2608 5039 2966 5094 Certaminum
2983 5046 3068 5093 est
3081 5053 3242 5093 arena
3260 5048 3485 5107 praesens
3504 5029 3596 5084 vita
3621 5042 3632 5078 :
3650 5030 3772 5091 porro

2262 5132 2316 5186 in
2347 5131 2720 5187 certaminibus
2749 5146 2904 5186 nemo
2924 5138 3102 5201 potest
3126 5128 3228 5184 frui
3251 5127 3426 5198 requie
3443 5121 3527 5193 qui
3562 5123 3769 5211 coronan-

2265 5223 2364 5277 dus
2390 5222 2477 5276 sit.
2506 5223 2686 5292 ltaque
2705 5223 2794 5292 qui
2819 5222 2944 5277 velit
2968 5221 3236 5286 coronari,
3259 5229 3492 5288 asperam
3511 5226 3566 5265 ac
3583 5205 3768 5264 laborio-

2264 5325 2378 5367 snm
2394 5313 2555 5366 vitam
2580 5312 2852 5381 suscipiat,
2871 5320 2927 5366 ut
2948 5319 3227 5382 postquam
3254 5308 3337 5362 hic
3362 5306 3559 5360 brevem
3583 5295 3765 5351 laborem

2267 5404 2599 5471 sustinuerit,
2623 5404 2732 5458 illic
2753 5404 3024 5474 perpetuis
3051 5401 3337 5459 honoribus
3357 5397 3561 5452 fruatur.
3635 5476 3647 5478 _
3713 5467 3737 5478 η

2337 5497 2390 5550 7·
2430 5469 2592 5566 Quot
2612 5469 2830 5568 singulis
2851 5469 3046 5552 diebus
3070 5495 3312 5550 accidunt
3334 5481 3602 5546 molestiae?
3619 5469 3760 5568 Qualis

2267 5601 2444 5651 autem
2481 5598 2564 5646 est
2590 5559 2752 5644 animi
2776 5627 2792 5656 ,
2819 5603 2925 5643 non
2954 5575 3213 5659 indignari
3238 5627 3253 5655 ,
3289 5595 3393 5638 non
3416 5573 3613 5634 moleste
3639 5559 3766 5614 ferres
