4046 6146
535 369 672 455 μηδέ
693 369 1041 445 δυσχερᾶναι,
1065 378 1203 434 ἀλλά
1235 378 1650 453 εὐχαριστῆσαι,
1669 378 1915 449 δοξάσαι»
1943 398 2119 455 προσ·

530 454 767 527 κυνῆσαι
815 458 906 513 τὸν
938 464 1328 536 συγχωροῦντα
1355 466 1483 529 τοὺς
1530 467 1870 538 πειρασμούς
1897 454 2124 530 τούτους

533 538 929 624 ἐπενεχθῆναι;
990 548 1131 603 πόσα
1183 550 1466 622 ἀδόκητα,
1518 551 1684 606 πόσαι
1733 552 2123 624 στενοχωρίαις

514 623 647 699 ¹Καὶ
689 624 773 678 δεῖ
823 626 1032 684 θλίϐειν
1059 634 1189 698 τοὺς
1231 636 1508 708 πονηροὺς
1550 635 1879 708 λογισμοὺς,
1909 623 2003 689 καὶ
2049 635 2126 707 μὴ

534 712 841 781 συγχωρεῖν
870 715 937 785 τῇ
975 715 1190 790 γλώττῃ
1237 716 1577 787 φθέγγεσθαί
1625 737 1681 773 τι
1716 719 1827 775 τῶν
1870 719 2122 774 ἀτόπων·

534 791 789 867 καθάπερ
829 797 925 851 καὶ
971 801 1001 852 ό
1034 802 1307 873 μακάριος
1344 801 1466 856 Ἰὼϐ
1502 803 1675 875 μυρία
1702 803 1891 858 παθὼν
1931 803 2127 875 ἔμενεν

535 875 879 949 εὐχαριστῶν
903 881 983 953 τῷ
1017 882 1158 956 Θεῷ.

606 963 730 1016 Εἰσὶ
779 963 838 1018 δέ
881 982 1028 1032 τινες
1068 969 1150 1034 οῖ,
1200 971 1297 1025 ἐάν
1340 973 1791 1044 προσπταίσωσιν
1827 975 1887 1027 ἐν
1922 972 2061 1039 τινὶ,
2090 972 2125 1044 ἢ

534 1044 687 1129 παρά
713 1047 859 1112 τινὸς
899 1049 1311 1126 λοιδορηθῶσιν,
1346 1054 1381 1128 η
1412 1056 1697 1129 ἀρρωστία
1732 1056 2123 1129 περιπέσωσιν,

534 1127 569 1201 ἤ
614 1130 885 1206 ποδαλγίᾳ
906 1176 921 1200 ,
953 1135 985 1208 ἢ
1018 1127 1399 1212 κεφαλαλγίᾳ,
1536 1127 1683 1213 άλλῴ
1723 1127 1833 1196 τινί
1863 1139 2126 1194 τοιούτων

534 1214 825 1284 νοσήματι,
861 1217 1279 1291 βλασφημοῦσιν
1308 1222 1545 1287 εὐθέως·
1578 1224 1676 1279 καὶ
1708 1222 1802 1278 τὸν
1835 1223 1936 1295 μὲν
1964 1223 2127 1278 πόνον

537 1296 863 1366 ὑφίστανται
893 1302 988 1356 τοῦ
1033 1306 1369 1377 νοσήματος,
1402 1307 1496 1362 τοῦ
1526 1308 1750 1380 κέρδους
1792 1308 1849 1361 δέ
1889 1311 2125 1362 ἀποστε-

540 1380 779 1452 ροῦνται.
808 1384 874 1438 Τί
903 1390 1097 1452 ποιεῖς,
1130 1388 1407 1461 ἄνθρωπε,
1442 1390 1534 1445 τὸν
1559 1391 1861 1464 εὐεργέτην
1890 1392 1988 1446 καὶ
2011 1393 2124 1446 Σωο

535 1465 682 1536 τῆρα
723 1470 820 1521 καὶ
862 1471 1176 1544 προστάτην
1205 1474 1300 1527 καὶ
1348 1474 1624 1547 κηδεμόνα
1659 1475 2037 1547 βλασφημῶνῖ
2087 1474 2122 1546 ἦ

536 1547 637 1602 οὐκ
675 1550 907 1625 αἰσθάνῃ
944 1553 1086 1608 κατά
1126 1557 1374 1628 κρημνοῦ
1410 1559 1733 1630 φερόμενος,
1764 1561 1859 1615 καὶ
1899 1561 1983 1624 εἰς
2030 1559 2125 1630 βά-

540 1632 741 1705 ραθρον
767 1636 959 1691 σαυτὸν
981 1637 1267 1710 ἐμϐάλλων
1291 1639 1568 1707 ἀπωλείας
1589 1643 1855 1715 ἐσχάτης;
1891 1643 1967 1716 μὴ
1991 1641 2125 1713 γάρ,

537 1716 634 1771 ἐὰν
685 1718 1086 1797 βλασφημήσῃς
1108 1761 1123 1785 ,
1178 1723 1510 1795 κουφότερον
1559 1725 1623 1779 τὸ
1681 1726 1856 1790 πάθος
1914 1728 2124 1795 ποιεῖς;

537 1801 833 1868 ἐπιτείνεις
878 1805 977 1876 μὲν
1004 1802 1098 1859 οὖν
1149 1807 1303 1875 αὐτὸ,
1334 1809 1428 1861 καὶ
1474 1808 1866 1882 χαλεπωτέραν
1914 1808 2129 1884 ἐργάζῃ

535 1885 637 1957 τὴν
680 1886 894 1961 ὀδύνην.
922 1888 1020 1944 Διά
1046 1889 1155 1961 γάρ
1188 1888 1349 1944 τοῦτο
1387 1891 1415 1944 ὁ
1446 1890 1693 1958 διάϐολος
1725 1893 1897 1966 μυρία
1927 1894 2129 1963 ἐπάγει

536 1968 707 2034 δεινά,
735 1970 822 2025 ἵνα
859 1973 940 2036 είς
975 1974 1154 2027 ἐκεῖνό
1188 1991 1248 2027 σε
1278 1975 1569 2048 καταγάγῃ
1597 1975 1658 2029 τὸ
1684 1976 1961 2050 βάραθρον
1980 1995 1996 2010 ·
2022 1977 2130 2034 κᾶν

541 2052 643 2124 μὲν
685 2053 769 2128 ῖδῃ
816 2054 1270 2128 βλασφημοῦντα,
1301 2058 1501 2130 ῥαδίως
1529 2058 1685 2127 αὐξει
1728 2060 1827 2131 τὴν
1860 2060 2130 2132 ἀλγηδόνα

538 2136 635 2191 καὶ
676 2138 898 2209 μείζονα
926 2144 1099 2207 ποιεῖ,
1149 2142 1239 2196 ἵνα
1281 2142 1643 2214 κεντούμενος
1672 2143 2132 2217 ἀποδυσπετήσῃς

539 2221 704 2276 πάλιν
723 2239 738 2255 ο
771 2224 837 2277 ἀν
879 2223 938 2276 δὲ
972 2223 1059 2298 ῖδῃ
1086 2242 1145 2278 σε
1193 2226 1459 2295 γενναίως
1488 2228 1757 2297 φέροντα,
1802 2229 1898 2283 καὶ
1929 2231 2040 2301 ὅσῳ
2069 2230 2132 2283 τὸ

538 2305 712 2369 πάθος
760 2307 1125 2376 ἐπιτείνεται,
1175 2310 1418 2382 τοσούτῳ
1453 2311 1657 2382 μᾶλλον
1704 2313 2132 2386 εὐχαριστοῦντα

538 2387 618 2458 τῷ
650 2388 788 2460 θεῷ,
814 2391 1106 2461 ἀφίσταται
1135 2392 1358 2457 εὐθέως,
1383 2394 1460 2459 ὼς
1485 2396 1610 2467 είκῆ
1636 2398 1729 2450 καὶ
1759 2397 1939 2469 μάτην
1968 2414 2134 2469 προσ-

539 2472 777 2544 εδρεύων
815 2473 1022 2531 λοιπόν.
1062 2476 1175 2530 Καὶ
1217 2475 1473 2549 καθάπερ
1502 2477 1650 2534 κύων
1695 2479 1944 2552 τραπέζῃ
1990 2497 2134 2553 παρ-

540 2559 732 2623 εστὼς,
765 2557 832 2613 ἂν
870 2558 971 2630 μὲν
1010 2560 1093 2630 ῖδῃ
1123 2559 1216 2614 τδν
1263 2560 1513 2616 ἐσθίοντα
1550 2560 1840 2634 ἄνθρωπον
1892 2565 2133 2636 συνεχῶς

541 2640 693 2711 αὐτῷ
730 2640 992 2713 ρίπτοντα
1037 2642 1145 2695 τῶν
1177 2642 1271 2697 ἐπὶ
1305 2642 1407 2715 τῆς
1436 2644 1721 2717 τραπέζης
1752 2664 1805 2700 τι
1840 2646 2130 2719 κειμένων,

544 2722 696 2794 μένει
728 2723 1020 2794 διηνεκῶς·
1054 2724 1121 2780 ἂν
1153 2725 1212 2779 δὲ
1248 2725 1396 2793 ἅπαξ
1434 2728 1530 2781 καὶ
1561 2728 1818 2803 δεύτερον
1845 2730 2134 2803 παραστὰς

544 2807 715 2877 μηδὲν
766 2807 979 2883 ἀπέλθῃ
1011 2807 1220 2874 λαϐὼν,
1254 2809 1555 2880 ἀφίσταται
1603 2811 1812 2880 λοιπὸν,
1855 2812 1954 2868 ἀτε
2005 2815 2132 2888 είκῆ

542 2892 923 2965 προσεδρεύων
952 2895 1045 2948 καὶ
1079 2894 1288 2965 μάτην·
1330 2895 1476 2950 οὐτω
1524 2896 1621 2950 καὶ
1656 2899 1686 2951 ό
1727 2897 1976 2963 διάϐολος
2006 2916 2134 2955 συν-

543 2974 686 3046 εχῶς
718 2975 916 3048 κέχηνε
946 2979 1083 3050 πρὸς
1115 2979 1292 3050 ἡμᾶς·
1328 2979 1395 3034 ἂν
1427 2979 1527 3051 μὲν
1562 2978 1728 3052 ῥίψῃς
1761 2980 1932 3053 αὐτῷ,
1959 2982 2134 3037 καθά-

543 3074 650 3130 περ
690 3057 843 3127 κυνὶ,
894 3061 1048 3133 ῥῆμα
1108 3062 1450 3134 βλάσφημον,
1483 3062 1778 3133 δεξάμενος
1813 3065 1978 3120 πάλιν
2009 3068 2134 3121 ἐπι-

544 3142 772 3215 θήσεται
792 3162 807 3177 ·
838 3145 907 3201 ἂν
938 3145 995 3201 δὲ
1026 3146 1219 3219 μείνῃς
1246 3146 1608 3218 εὐχαριστῶν,
1635 3148 1942 3217 ἀπέπνιξας
1969 3150 2134 3206 αὐτὸν

543 3226 621 3299 τῷ
671 3227 837 3301 λιμῷ,
886 3229 982 3284 καὶ
1017 3230 1230 3301 ταχέως
1277 3230 1601 3303 ἀπήγαγες,
1652 3233 1748 3286 καὶ
1779 3232 2133 3305 ἀποπηδῆσαι

547 3312 830 3382 ἐποίησας.
870 3312 1012 3367 Ἀλλ’
1057 3315 1119 3368 οὐ
1152 3314 1379 3369 δύνασαι
1430 3317 1591 3389 σιγᾷν
1643 3316 1749 3372 ὐπὸ
1800 3316 1903 3389 τῆς
1939 3317 2135 3391 ὀδύνης

547 3394 928 3466 κεντούμενος.
954 3396 1091 3452 Οὐδὲ
1121 3396 1234 3467 ἐγὼ
1285 3397 1482 3454 κωλύω
1529 3416 1591 3454 σε
1626 3399 1986 3471 φθέγγεσθαι,
2016 3402 2133 3456 ἀλλ’

545 3477 668 3534 ἀντὶ
696 3480 796 3551 τῆς
831 3478 1184 3553 βλασφημίας
1216 3482 1591 3555 εὐχαριστίαν,
1619 3485 1742 3538 ἀντὶ
1778 3485 1877 3557 τῆς
1909 3486 2137 3542 ἀποδυσ-

544 3563 830 3635 πετήσεως
901 3564 1197 3636 εὐφημίαν.
1239 3566 1667 3640 Ἐξομολόγησαι
1729 3568 1810 3641 τῷ
1853 3571 2133 3644 Δεσπότῃ,

549 3645 649 3716 βόα
692 3646 902 3716 μεγάλα
955 3648 1247 3719 εὐχόμενος
1268 3689 1283 3713 ,
1342 3649 1439 3719 βόα
1491 3651 1705 3722 μεγάλα
1754 3651 1995 3717 δοξάζων
2042 3654 2136 3709 τὸν

546 3728 717 3782 Θεόν·
762 3728 907 3781 οὕτω
948 3746 1031 3782 σοι
1080 3731 1175 3783 καὶ
1212 3730 1273 3783 τὸ
1326 3732 1500 3797 πάθος
1549 3735 2000 3805 ἐπικουφίζεται,
2040 3738 2134 3791 τοῦ

546 3812 798 3866 διαϐόλου
831 3813 930 3884 μὲν
970 3813 1342 3885 ἀφισταμένου
1378 3814 1467 3869 διά
1504 3816 1605 3888 τῆς
1634 3818 2007 3891 εὐχαριστίας,
2036 3820 2136 3893 τῆς

547 3893 643 3949 τοῦ
679 3893 816 3948 Θεοῦ
852 3894 909 3949 δὲ
950 3895 1203 3969 βοηθείας
1253 3899 1719 3973 παραγινομένης.
1747 3900 1847 3956 Ἂν
1882 3903 1980 3975 μὲν
2026 3903 2137 3976 γάρ

550 3977 981 4054 βλασφημήσῃς,
1026 3982 1123 4035 καὶ
1164 3981 1265 4053 τὴν
1312 3982 1408 4038 τοῦ
1455 3981 1593 4037 Θεοῦ
1654 3986 1975 4058 συμμαχίαν
2033 3989 2137 4041 ἀπ-

548 4062 823 4135 εκρούσω,
853 4065 948 4118 καὶ
980 4065 1340 4139 σφοδρότερον
1370 4067 1617 4140 είργάσω
1646 4069 1790 4123 κατά
1820 4069 2020 4124 σαυτοῦ
2046 4073 2138 4126 τὸν

448 4194 494 4213 Α,
546 4146 815 4211 διάϐολον,
862 4149 956 4203 καὶ
1008 4150 1210 4220 μᾶλλον
1271 4151 1471 4206 σαυτὸν
1524 4150 1825 4224 ἐνέπληξας
1870 4156 1990 4219 ταῖς
2042 4156 2139 4209 ἀλ-

549 4233 802 4304 γηδόσιν·
841 4231 908 4287 ἂν
962 4232 1022 4287 δὲ
1071 4234 1509 4308 εὐχαριστήσῃς,
1562 4234 1664 4300 τάς
1717 4253 1781 4290 τε
1840 4238 2138 4304 ἐπιϐουλὰς

551 4315 880 4390 ἀπεκρούσω
936 4319 1037 4381 τάς
1092 4318 1188 4373 τοῦ
1241 4318 1483 4392 πονηροῦ
1549 4319 1839 4391 δαίμονος,
1886 4322 1984 4376 καὶ
2036 4324 2139 4395 τὴν

549 4399 647 4456 τοῦ
708 4402 1007 4473 κηδεμόνος
1064 4402 1203 4457 Θεοῦ
1268 4402 1568 4477 θεραπείαν
1638 4404 1942 4462 ἐπεσπάσω
2000 4407 2138 4480 πρὸς

553 4500 805 4540 σεαυτον.

633 4566 773 4620 Ἀλλ’
797 4567 902 4621 ὑπὸ
929 4566 1032 4640 τῆς
1068 4570 1357 4641 συνηθείας
1378 4571 1528 4642 ὁρμᾷ
1560 4570 1823 4636 πολλάκις
1858 4573 1892 4645 ἡ
1924 4571 2141 4640 γλῶττα

552 4652 613 4706 τὸ
643 4650 880 4724 πονηρὸν
932 4652 1109 4705 ἐκεῖνο
1141 4651 1481 4723 φθέγξασθαι
1532 4655 1704 4727 ῥῆμα.
1749 4654 1889 4710 Ἀλλ’
1919 4657 2141 4713 ἐπειδάν

551 4736 792 4809 ὁρμήσῃ,
838 4735 1029 4807 πρὶνῆ
1063 4735 1125 4789 τὸ
1161 4737 1313 4808 ῥῆμα
1346 4735 1677 4807 ἐξενεγκεῖν,
1714 4739 1991 4794 κατάδακε
2026 4744 2141 4807 τοῖς

551 4822 765 4875 ὀδοῦσιν
830 4818 1000 4891 αὐτὴν
1048 4818 1317 4872 πάντοθεν
1376 4820 1645 4893 σφοδρῶς.
1697 4822 1917 4877 Βέλτιον
1969 4822 2141 4897 αὐτὴν

553 4899 694 4976 αἷμα
734 4903 879 4975 ῥέειν
928 4902 1046 4967 νῦν,
1074 4903 1106 4973 ἢ
1137 4903 1261 4956 τότε
1316 4904 1577 4973 σταγόνος
1630 4905 2007 4979 ἐπιθυμοῦσαν
2065 4909 2141 4981 μὴ

552 4987 851 5060 δυνηθῆναι
894 4989 995 5060 τῆς
1033 4988 1393 5059 παραμυθίας
1422 4989 1628 5063 ταύτης
1670 4994 1887 5062 τυχεῖν·
1933 4991 2143 5062 βέλτιον

555 5073 727 5145 αὐτὴν
766 5072 1105 5144 πρόσκαιρον
1167 5073 1458 5145 ὑπομεῖναι
1523 5074 1713 5140 πόνον,
1760 5076 1794 5147 ἦ
1858 5075 2143 5148 διηνεκοῦς

555 5157 834 5220 κολάσεως
880 5157 1182 5227 ὑποστῆναι
1228 5158 1328 5229 τὴν
1374 5159 1644 5231 τιμωρίαν
1687 5160 1831 5226 τότε,
1888 5160 2143 5233 καθάπερ

555 5241 652 5295 καὶ
680 5240 832 5313 [747]
860 5241 891 5312 ἡ
918 5240 1017 5294 τοῦ
1063 5241 1321 5296 πλουσίου
1356 5243 1479 5296 τότε
1521 5242 1738 5312 γλῶττα
1770 5254 1797 5284 ι
1832 5243 2142 5317 φλεγομένη

558 5325 911 5398 παραμυθίας
977 5324 1169 5396 ἔτυχεν
1232 5325 1511 5398 οὐδεμιᾶς.
1564 5326 1704 5391 Τούς
1761 5327 1990 5400 ἐχθρούς
2049 5345 2142 5383 σου

557 5407 891 5482 προσέταξεν
920 5410 950 5463 ὁ
990 5408 1123 5474 Θεὸς
1160 5408 1367 5479 φιλεῖν·
1403 5412 1467 5465 σὺ
1511 5410 1569 5463 δὲ
1626 5412 1717 5465 τὸν
1764 5410 2025 5483 φιλοῦντά
2082 5430 2143 5468 σε

603 5640 643 5713 ,⁸
672 5651 841 5723 Alii};
862 5651 1010 5723 Savjl.
1040 5652 1086 5723 ig
1111 5653 1466 5723 ηιενεηδιηνεκῇ
1493 5654 1573 5702 καὶ
1592 5652 1799 5704 ἀθάνατα
1819 5653 2144 5716 τηγανίζεσθαι

559 5718 685 5771 τοτε,
709 5714 921 5778 καθάπερ
939 5717 969 5772 ἡ
1003 5714 1089 5763 τοῦ
1110 5714 1340 5764 πλουσίου
1363 5717 1568 5770 γλῶττα.

1250 259 1308 317 S.
1350 257 1638 316 JOA‘NNIS
1674 259 2171 318 CIIBYSOS'I'OMI
2213 259 2535 319 ARCHIEP.
2569 262 3124 320 CONSTANTINOP.

3619 270 3731 330 ιοοι

2232 382 2551 457 ἀποστρέφῃ
2575 384 2744 451 Θεόν;
2771 386 2898 448 τοὺς
2924 384 3327 457 ἐπηρεάζοντας
3357 381 3615 457 εὐφημεῖν,
3641 390 3732 457 τοὺς

2228 473 2602 548 λοιδοροῦντας
2651 476 2897 547 εὐλογεῖν
2917 494 2933 511 ·
2985 478 3051 530 σὺ
3091 477 3149 530 δέ
3190 477 3283 530 τὸν
3342 477 3608 549 εὐεργέτην
3662 484 3732 536 καὶ

2230 569 2545 642 προστάτην
2598 568 2778 639 λέγεις
2833 569 3022 634 κακῶς
3077 569 3240 642 μηδὲν
3297 569 3624 641 ήδικημένοςς
3666 574 3737 646 Μὴ

2229 661 2338 734 γάρ
2371 662 2472 716 οὐκ
2503 662 2734 733 ἠδύνατο
2778 663 2938 718 λῦσαι
2984 663 3078 717 τὸν
3126 663 3457 736 πειρασμόνς
3496 662 3612 718 ἀλλὰ
3641 681 3738 719 συν-

2231 751 2533 826 εχώρησεν,
2567 755 2655 809 ῖνα
2703 756 2835 829 γένῃ
2877 755 3261 829 δοκιμώτερος.
3311 754 3443 808 Ἀλλ’
3471 755 3590 824 ίδού,
3621 758 3740 830 φησι,

2230 847 2560 901 καταπίπτω
2600 848 2696 903 καὶ
2737 848 3071 920 ἀπόλλυμαι.
3115 849 3189 901 Οὐ
3226 847 3377 921 παρὰ
3409 847 3502 919 τὴν
3535 846 3617 903 τοῦ
3646 864 3741 907 πι-

2232 941 2446 1014 ρασμοῦ
2496 943 2682 1015 φύσιν,
2723 943 2859 998 ἀλλά
2907 943 3058 1017 παρά
3091 942 3190 1015 τὴν
3236 941 3496 1015 ῥαθυμίαν
3525 942 3613 1015 τὴν
3648 945 3739 1015 σήν.

2230 1033 2297 1087 Τί
2333 1033 2444 1105 γάρ
2477 1033 2866 1108 εὐκολώτερον,
2903 1036 3024 1089 είπέ
3069 1052 3189 1107 μοι,
3232 1033 3537 1105 βλασφημία
3562 1033 3591 1105 ἢ
3615 1037 3738 1104 εὐχαί

2233 1125 2450 1196 ριστία;
2488 1126 2611 1197 οὐχὶ
2630 1127 2694 1182 τὸ
2727 1127 2827 1199 μὲν
2857 1127 2951 1181 καὶ
2975 1128 3102 1192 τοὺς
3142 1126 3434 1189 ἀκούοντας
3459 1125 3658 1195 ἐχθρούς
3682 1141 3743 1180 σοι

2232 1216 2328 1269 καὶ
2370 1217 2661 1289 πολεμίους
2691 1217 3005 1290 καθίστησι,
3037 1219 3134 1273 καὶ
3161 1220 3242 1282 εἰς
3264 1216 3494 1288 ἀθυμίαν
3519 1215 3742 1287 ἐμϐάλλει,

2236 1308 2375 1378 μετά
2401 1308 2579 1364 ταῦτα
2611 1312 2705 1365 καὶ
2735 1311 2940 1384 πολλὴν
2974 1311 3267 1385 ἐργάζεται
3294 1311 3392 1381 τὴν
3417 1307 3616 1379 ὀδύνην·
3635 1307 3685 1361 τὸ
3703 1307 3746 1361 δέ

2235 1399 2462 1472 μυρίους
2495 1417 2579 1455 σοι
2613 1402 2769 1474 φέρει
2802 1402 3123 1474 φιλοσοφίας
3165 1401 3476 1473 στεφάνους,
3501 1400 3585 1455 καὶ
3618 1401 3747 1472 μυρία

2233 1490 2385 1565 παρά
2413 1491 2634 1547 πάντων
2663 1493 2940 1567 θαύματα,
2972 1496 3069 1550 καὶ
3106 1494 3348 1566 μεγάλας
3381 1492 3523 1564 παρά
3543 1490 3623 1544 τοῦ
3642 1489 3746 1545 Θεοῦ

2231 1585 2332 1650 τὰς
2367 1584 2633 1657 ἀμοιϐάς;
2672 1587 2741 1640 Τί
2767 1587 2945 1641 τοίνυν
2974 1587 3035 1642 τδ
3060 1585 3306 1658 ὠφελοῦν
3334 1585 3425 1640 καὶ
3466 1580 3655 1638 εὔκολον
3677 1579 3748 1635 καί

2230 1675 2331 1746 ἡδί)
2376 1677 2575 1748 ἀφεὶς,
2617 1677 2679 1732 τὸ
2731 1676 2972 1750 βλάπτον
3000 1680 3094 1734 καὶ
3132 1677 3337 1732 λυποῦν
3376 1675 3467 1730 καὶ
3497 1674 3748 1744 κατατῆκσν

2232 1767 2350 1821 ἀντ’
2380 1769 2592 1823 ἐκείνου
2617 1768 2863 1838 διώκεις;
2895 1769 3107 1836 Ἀλλως
3134 1770 3215 1834 δὲ,
3243 1771 3292 1824 εί
3319 1773 3352 1842 ἡ
3382 1768 3471 1824 τοῦ
3500 1762 3749 1836 πειρασμοῦ

2235 1860 2329 1914 καὶ
2353 1861 2453 1933 τῆς
2480 1862 2672 1927 πενίας
2698 1864 2877 1936 θλίψις
2900 1865 3050 1920 αίτία
3075 1863 3183 1920 τῶν
3210 1861 3551 1936 βλασφημιῶν
3571 1858 3749 1929 ἐγίνετο,

2235 1949 2445 2015 πάντας
2487 1950 2594 2005 ἔδει
2620 1954 2749 2019 τούς
2776 1954 2835 2007 ἐν
2867 1953 3029 2025 πενίᾳ
3062 1952 3434 2024 βλασφημεῖν·
3468 1950 3574 2004 νυνὶ
3603 1949 3651 2003 δέ
3671 1947 3750 2000 τῶν

2232 2041 2293 2096 ἐν
2335 2042 2499 2114 πενίᾳ
2549 2042 2768 2109 ζώντων
2812 2045 3019 2118 ἐσχάτῃ
3071 2044 3264 2098 πολλοὶ
3295 2041 3546 2114 διηνεκῶς
3582 2039 3753 2108 εὐχαρι-

2235 2133 2474 2201 στοῦσιν,
2503 2137 2682 2207 ἕτεροι
2710 2137 2787 2205 δέ,
2813 2137 3180 2201 ἀπολαύοντες
3208 2135 3437 2190 πλούτου
3463 2134 3549 2187 καὶ
3569 2131 3753 2204 τρυφῆς,

2232 2225 2296 2279 οὐ
2323 2225 2745 2298 διαλιμπάνουσι
2775 2228 3264 2300 βλασφημοῦντες·
3298 2225 3464 2289 οὕτως
3490 2226 3578 2295 οὐχ
3607 2224 3637 2295 ἡ
3671 2220 3754 2275 τῶν

2200 2356 2205 2360 -
2235 2318 2577 2390 πραγμάτων
2607 2319 2790 2389 φύσις,
2821 2320 2936 2374 ἀλλ’
2964 2323 2999 2393 ἠ
3030 2320 3354 2392 προαίρεσις
3391 2320 3421 2389 ή
3449 2315 3661 2390 ἡμετέρα
3682 2310 3756 2367 καὶ

2235 2407 2396 2463 τοῦτο
2427 2410 2650 2465 κάκεῖνο
2681 2411 2996 2483 ἐργάζεται.

2306 2566 2407 2621 Διά
2432 2569 2541 2642 γάρ
2578 2568 2738 2625 τοῦτο
2770 2572 2866 2625 καὶ
2907 2573 3117 2645 ταύτην
3148 2574 3464 2644 ἀνέγνωμεν
3501 2570 3588 2642 τὴν
3613 2582 3757 2638 παρα-

2236 2658 2419 2733 δολὴν,
2451 2662 2541 2716 ῖνα
2595 2662 2775 2738 μάθῃς
2820 2664 2904 2719 ὅτι
2948 2665 3043 2720 τὸν
3102 2667 3204 2739 μὲν
3261 2665 3586 2741 ῥᾳθυμοῦντα
3613 2661 3757 2717 οὐδέό

2235 2750 2468 2814 πλοῦτος
2521 2752 2760 2825 ὀνίνησι,
2806 2754 2901 2810 τὸν
2957 2757 3303 2830 προσέχοντα
3336 2757 3391 2810 δέ
3435 2755 3546 2810 οὐδέ
3576 2757 3606 2826 ἡ
3637 2752 3761 2806 πενία

2236 2842 2585 2914 καταϐλάψαι
2651 2845 2896 2902 δύναται.
2964 2849 3077 2904 Καὶ
3126 2850 3181 2904 τί
3240 2850 3411 2919 λέγω,
3462 2847 3639 2913 πενίας
3681 2843 3761 2900 κᾶν

2236 2937 2452 2993 ἅπαντα
2484 2937 2622 3010 ὁμοῦ
2672 2940 2902 3015 συνέλθῃ
2950 2939 3023 2994 τά
3054 2943 3113 2995 ἐν
3156 2941 3466 3014 ἀνθρώποις
3514 2934 3759 3006 κακὲ,τὴν

2233 3026 2330 3081 τοῦ
2362 3026 2610 3098 φιλοθέου
2644 3029 2739 3084 καὶ
2769 3029 3063 3101 φιλοσόφου
3099 3029 3284 3103 ψυχὴν
3312 3030 3551 3087 οὐδέποτε
3576 3023 3764 3095 ἐλέγξει.

2235 3120 2345 3175 οὐδ’
2372 3121 2675 3193 ἀποστῆναι
2708 3121 2889 3176 πείσει
2919 3125 3021 3194 τῆς
3052 3123 3265 3195 ἀρετῆς
3301 3122 3624 3197 (καὶτούτων
3652 3119 3763 3190 μάρ-

2236 3228 2335 3277 τυς
2366 3215 2396 3267 ὁ
2420 3212 2723 3287 Λάζαρος)·
2758 3213 2949 3286 ῶσπερ
2994 3210 3088 3270 οῦν
3123 3213 3223 3270 τὸν
3263 3214 3457 3287 χαῦνον
3499 3214 3588 3267 καὶ
3614 3210 3759 3265 διαλι-

2237 3302 2471 3377 λυμένον
2495 3306 2560 3361 οὐ
2595 3305 2849 3374 πλοῦτος,
2875 3309 2975 3379 οὐχ
3006 3308 3211 3378 ὑγίεια,
3250 3310 3312 3362 οὐ
3344 3308 3581 3379 διηνεκὴς
3606 3306 3767 3375 εὐημε-

2240 3396 2356 3468 ρία,
2379 3399 2483 3453 οὐκ
2511 3398 2643 3454 ἄλλο
2663 3399 2816 3454 οὐδὲν
2845 3400 3126 3472 ὠφελῆσαι
3151 3400 3446 3474 δυνήσεταί
3471 3415 3603 3455 ποτε.

2310 3542 2381 3607 η’.
2410 3535 2502 3608 Μὴ
2547 3536 2727 3591 τοίνυν
2769 3536 3019 3609 λέγωμεν
3070 3538 3154 3591 ὅτι
3187 3539 3354 3593 πενία
3390 3539 3481 3593 καὶ
3517 3536 3650 3598 νόσος
3691 3529 3767 3586 καὶ

2237 3626 2503 3682 κινδύνων
2548 3628 2840 3697 ἐπαγωγαὶ
2890 3629 3244 3702 βλασφημεῖν
3292 3627 3680 3698 ἀναγκάζουσιν.
3709 3624 3767 3678 Οὐ

2241 3718 2421 3783 πενία,
2460 3718 2599 3773 ἀλλά
2644 3718 2827 3777 ἄνοια·
2863 3720 2927 3775 οὐ
2973 3721 3162 3789 νόσος,
3197 3722 3341 3777 ἀλλά
3386 3720 3769 3789 καταφρόνησιν

2239 3811 2302 3864 οὐ
2340 3810 2601 3866 κινδύνων
2641 3812 2964 3881 ἐπαγωγαὶ,
3004 3813 3120 3868 ἀλλ’
3147 3814 3435 3878 εὐλαϐείας
3474 3810 3669 3884 ἐρημία,
3697 3806 3771 3861 καὶ

2240 3902 2321 3966 είς
2363 3900 2716 3975 βλασφημίαν
2744 3903 2837 3958 καὶ
2870 3904 2952 3969 είς
2980 3905 3162 3960 πᾶσαν
3192 3906 3321 3976 ἄγει
3364 3905 3553 3962 κακίαν
3572 3904 3679 3968 τοὺς
3712 3895 3773 3972 μή

2241 3993 2632 4066 προσέχοντας.

2324 4129 2487 4185 Ἀλλά
2514 4131 2660 4196 τίνος
2688 4131 2899 4198 ἕνεκεν,
2936 4132 3124 4204 φησὶν,
3163 4136 3218 4188 οί
3262 4136 3364 4207 μὲν
3404 4132 3621 4188 ἐνταῦθα
3646 4126 3771 4185 κολά-

2242 4221 2449 4288 ζονται,
2486 4225 2537 4278 οί
2580 4224 2640 4279 δὲ
2682 4228 2818 4294 ἐκεῖ,
2853 4226 2948 4282 καὶ
2980 4227 3083 4281 οὐκ
3127 4227 3367 4282 ἐνταῦθα
3397 4226 3618 4290 πάντες;
3649 4221 3776 4285 Τίνος

2241 4312 2457 4380 ’ένεκεν;
2500 4315 2584 4369 ὅτι
2635 4317 2686 4370 εί
2731 4317 2895 4371 τοῦτο
2941 4313 3033 4391 ἦν,
3077 4317 3283 4385 πάντες
3331 4319 3399 4375 ἂν
3452 4313 3771 4387 ἀπωλόμεθα·

2242 4404 2445 4470 πάντες
2482 4407 2593 4478 γάρ
2631 4409 2802 4479 ἐσμεν
2845 4410 2906 4463 ἐν
2949 4410 3270 4482 ἐπιτιμίοις.
3315 4410 3486 4466 Πάλιν
3530 4412 3576 4463 εί
3623 4404 3775 4479 μηδεὶς

2243 4501 2481 4557 ἐνταῦθα
2504 4502 2814 4569 ἐκολάζετο,
2841 4503 3206 4578 ρᾳθυμότεροι
3234 4509 3286 4561 οί
3315 4506 3529 4569 πλείους
3551 4502 3772 4571 ἐγένοντο.

2244 4592 2340 4645 καὶ
2373 4591 2560 4646 πολλοὶ
2596 4592 2663 4647 ἂν
2697 4587 2852 4648 εἷπον
2891 4594 2967 4666 μὴ
2995 4590 3137 4650 εἶναι
3179 4598 3461 4670 πρόνοιαν.
3501 4597 3563 4650 El
3585 4595 3681 4664 γὰρ
3703 4590 3777 4643 νῦν

2243 4684 2479 4755 ὁρῶντες
2504 4684 2614 4739 τῶν
2648 4686 2904 4758 πονηρῶν
2943 4687 3177 4753 πολλοὺς
3209 4690 3618 4762 κολαζομένους,
3643 4683 3777 4738 πολλὰ

2244 4774 2471 4831 τοιαῦτα
2504 4776 2941 4848 βλασφημοῦσιν,
2967 4780 3016 4831 εί
3065 4779 3201 4851 μηδὲ
3227 4781 3390 4835 τοῦτο
3431 4776 3517 4852 ἦν,
3545 4780 3593 4833 τί
3622 4778 3707 4831 οὐκ
3728 4773 3777 4826 ἂν

2245 4866 2435 4935 εἷπον;
2485 4869 2588 4924 ποῦ
2638 4870 2696 4924 δὲ
2730 4870 2833 4924 οὐκ
2869 4871 2937 4925 ἀν
2968 4868 3135 4943 ἦλθον
3187 4874 3418 4939 κακίας;
3459 4873 3554 4927 Διά
3593 4870 3728 4924 τοῦτο
3757 4874 3774 4891 ⁸

2244 4964 2379 5028 Θεὸς
2403 4965 2531 5027 τοὺς
2562 4963 2659 5035 μὲν
2685 4962 2919 5019 ἐνταῦθα
2949 4964 3189 5031 κολάζει,
3229 4967 3360 5032 τοὺς
3387 4967 3444 5021 δέ
3472 4965 3531 5019 οὐ
3567 4961 3776 5025 κολάζει·

2248 5055 2466 5121 κολάζει
2495 5055 2593 5127 μὲν
2631 5054 2741 5127 γάρ
2765 5073 2937 5122 τινας,
2962 5057 3061 5130 τὴν
3089 5059 3289 5113 κακίαν
3318 5059 3495 5113 αὐτῶν
3520 5056 3776 5112 ἐκκόπτων,

2248 5149 2343 5205 καὶ
2379 5149 2720 5222 κουφοτέραν
2752 5150 2851 5221 τὴν
2883 5151 3001 5205 ἐκεῖ
3027 5151 3194 5205 ποιῶν
3222 5151 3515 5225 τιμωρίαν,
3541 5150 3571 5221 ἦ
3604 5148 3686 5203 καὶ
3708 5142 3778 5198 τέ·

2246 5237 2367 5292 λεον
2389 5237 2748 5293 ἀπαλλάττων
2772 5240 2989 5306 αὐτοὺς,
3015 5241 3111 5295 καὶ
3130 5242 3255 5306 τούς
3275 5243 3333 5297 ἐν
3359 5240 3583 5312 πονηρίᾳ
3607 5235 3778 5301 ζῶντας

2251 5331 2727 5404 σωφρονεστέρους
2762 5331 2931 5386 ποιῶν
2972 5335 3038 5405 τῇ
3072 5332 3277 5388 τούτων
3304 5332 3569 5406 τιμωρίᾳ·
3593 5329 3702 5389 τοὺς
3733 5319 3779 5376 δδ

2247 5426 2311 5479 οὐ
2342 5423 2559 5490 κολάζει
2597 5423 2780 5489 πάλιν,
2812 5423 2899 5478 ῖνα
2926 5423 2993 5479 ἃν
3021 5426 3122 5497 μὲν
3156 5425 3493 5497 προσέχωσιν
3518 5418 3652 5495 [⁵148]
3677 5419 3777 5469 ίαν-

2249 5521 2386 5584 τοῖς,
2419 5519 2852 5590 μετανοήσαντες
2887 5518 2982 5572 καὶ
3008 5518 3107 5590 την
3134 5516 3226 5575 τοῦ
3267 5516 3406 5571 Θεοῦ
3441 5505 3779 5588 μακροθυμίαν

2252 5609 2613 5675 αἰδεσθέντες,
2644 5610 2738 5665 καὶ
2765 5610 2865 5681 τῆς
2895 5609 3133 5665 ἐνταῦθα
3161 5609 3437 5673 κολάσεως
3468 5594 3776 5672 amunia

2263 5703 2356 5757 καὶ
2398 5704 2495 5775 τῆς
2547 5704 2663 5757 ἐκεῖ
2700 5703 2997 5775 τιμωρίας·
3045 5705 3112 5760 ἂν
3155 5705 3210 5760 δὲ
3248 5701 3605 5775 ἐπιμείνωσιν,
3643 5692 3778 5771 μηδὲν
