4046 6146
286 272 411 326 1001

280 389 374 443 sed
401 388 596 457 gratias
622 403 780 460 agere
799 432 814 457 ,
840 393 1168 465 glorificare,
1203 393 1430 449 adorare
1452 406 1595 459 eum,
1624 395 1712 464 qui
1738 409 1864 465 per-

286 480 444 535 mittit
469 481 565 536 has
587 485 904 538 tentationes
921 479 1090 553 inlligi
1110 481 1132 534 ?
1152 486 1324 553 Quam
1353 485 1516 540 multa
1539 485 1869 557 inexspecta-

285 581 357 636 ta,
387 587 544 640 quam
575 574 756 626 multae
782 575 1073 645 angustiis?
1102 575 1168 629 Et
1192 586 1365 630 tamen
1391 585 1600 646 oportet
1626 592 1868 645 premere

286 665 450 718 malas
470 665 836 734 cogitationes,
860 681 1031 736 neque
1052 669 1358 736 permittere
1378 668 1568 738 linguae
1589 675 1646 722 ut
1669 668 1866 736 aliquid

283 762 438 808 sonet
465 755 677 809 absurdi
699 797 715 820 ,
743 757 1189 827 quemadmodum
1229 759 1416 813 beatus
1457 759 1557 814 Job
1588 759 1867 814 innumera

287 859 569 914 perpessus
598 848 730 900 mala
765 850 1116 916 perseveravit
1139 851 1336 919 gratias
1365 863 1522 919 agere
1548 851 1681 905 Deo.

355 935 686 1004 lmpau'entia
715 938 1036 1008 blasphemia
1065 949 1240 994 mater.
1265 967 1339 981 -—-
1361 939 1494 994 Sunt
1529 949 1706 994 autem
1738 953 1872 994 non-

288 1025 454 1091 nulli,
486 1027 573 1096 qui
605 1027 648 1081 si
670 1027 793 1096 joco
816 1029 1124 1085 eonviciove
1147 1046 1174 1084 a
1203 1031 1450 1100 quopiam
1478 1030 1603 1085 tacti
1634 1029 1867 1096 fuerint,

287 1126 379 1170 aut
403 1115 458 1170 in
481 1117 759 1172 adversam
787 1118 1140 1174 valetudinem
1167 1119 1447 1174 inciderint
1467 1161 1482 1186 ,
1510 1119 1671 1174 veluti
1702 1117 1870 1189 poda-

285 1222 435 1276 gram
461 1248 475 1272 ,
501 1216 592 1262 aut
632 1210 821 1278 capitis
850 1209 1087 1265 dolorem
1113 1253 1128 1277 ,
1159 1221 1250 1265 aut
1277 1211 1437 1266 alium
1468 1211 1626 1280 hujus
1661 1210 1870 1280 generis

291 1300 556 1365 morbum,
591 1301 736 1356 illico
760 1302 1116 1374 blasphemias
1142 1303 1417 1359 effundunt
1445 1318 1549 1360 :ac
1574 1303 1871 1359 molestiam

289 1390 500 1459 quidem
540 1393 712 1444 morbi
752 1393 1054 1459 sustinent,
1085 1403 1335 1448 caeterum
1365 1393 1536 1448 fructu
1576 1394 1868 1464 privamur.

290 1481 424 1548 Quid
453 1481 581 1535 facis
601 1523 614 1546 ,
646 1499 678 1536 ο
706 1482 887 1548 homo,
921 1485 972 1538 iu
1003 1484 1322 1551 beneficum,
1355 1485 1406 1538 in
1440 1484 1783 1549 salvatorem,
1816 1483 1871 1537 in

293 1572 641 1640 provisorem,
675 1573 727 1626 in
760 1574 831 1626 tui
859 1589 1039 1628 curam
1065 1583 1330 1645 agentem,
1369 1575 1608 1630 convicia
1629 1573 1868 1644 jaciens?

286 1662 402 1718 Non
444 1672 494 1718 te
523 1665 688 1719 sentis
718 1665 770 1719 in
802 1666 1148 1736 prmcipitium
1176 1667 1383 1738 abripi,
1415 1673 1573 1738 teque
1604 1666 1776 1737 ipsum
1815 1666 1869 1720 in

287 1758 509 1810 extremi
547 1757 689 1811 exitii
718 1757 1023 1814 barathrum
1049 1759 1325 1829 dejicere?
1346 1759 1479 1814 Num
1511 1759 1652 1814 enim
1682 1757 1728 1813 sl
1754 1757 1872 1812 bla-

287 1848 579 1918 sphemiam
611 1850 847 1920 proferas
867 1894 881 1917 ,
914 1851 1168 1908 leviorem
1198 1853 1379 1909 reddis
1409 1851 1694 1907 morbum?
1724 1851 1872 1906 Exa-

287 1941 474 1994 ecrbas
495 1943 670 2012 potius
691 1943 860 2009 illum,
889 1959 950 1998 ac
971 1946 1333 2002 molestiorem
1358 1945 1536 2001 reddis
1556 1945 1867 2000 cruciatum.

285 2031 509 2100 Propter
535 2031 635 2087 hoc
662 2034 803 2087 enim
833 2033 1074 2091 diabolus
1101 2037 1407 2091 innumeras
1437 2035 1674 2106 impingit
1707 2036 1874 2090 mole—

282 2122 438 2188 stias,
460 2132 514 2176 ut
537 2123 588 2176 in
611 2123 738 2178 illud
761 2124 1064 2182 barathrum
1089 2137 1141 2182 te
1162 2129 1474 2198 praecipitet.
1500 2128 1565 2182 Et
1585 2128 1628 2182 si
1655 2127 1870 2198 quidem

287 2215 482 2270 viderit
519 2226 571 2273 te
613 2217 971 2289 blasphemias
1006 2220 1362 2291 proferentem
1388 2263 1404 2287 ,
1433 2222 1676 2290 protinus
1715 2228 1873 2290 auget

287 2307 523 2382 dolorem
563 2321 626 2364 ac
666 2311 920 2381 majorem
963 2311 1156 2378 reddit,
1198 2327 1305 2382 quo
1344 2311 1646 2366 stimulatus
1684 2325 1873 2366 rursus

285 2399 498 2470 indigne
525 2400 660 2455 feras
689 2418 704 2456 :
725 2401 868 2470 quod
893 2402 939 2456 si
967 2402 1160 2456 viderit
1185 2410 1236 2456 te
1260 2401 1465 2457 fortiter
1486 2399 1869 2471 perferentem,

283 2506 492 2560 quoque
518 2491 733 2546 morbus
757 2490 914 2547 fuerit
938 2494 1136 2560 acrior,
1168 2491 1268 2547 hoc
1294 2492 1461 2563 magis
1485 2502 1726 2562 agentem
1751 2505 1875 2563 gra-

284 2581 388 2634 tias
417 2581 526 2635 Deo
556 2598 568 2634 :
601 2581 742 2636 illico
775 2581 1026 2650 desistit,
1058 2589 1117 2636 ut
1152 2582 1241 2652 qui
1273 2582 1536 2636 incassum
1565 2580 1872 2652 frustraque

284 2686 474 2746 pergat
519 2677 773 2732 insidiari.
820 2677 886 2731 Et
933 2676 1380 2747 quemadmodum
1425 2677 1574 2732 canis
1619 2675 1872 2730 assistens

281 2783 482 2825 mensae
507 2771 550 2824 si
575 2769 768 2825 viderit
793 2769 1068 2825 hominem
1102 2780 1400 2826 vescentem
1427 2768 1650 2824 subinde
1676 2766 1873 2838 aliquid

284 2878 470 2918 eorum
512 2878 630 2934 quae
657 2863 709 2918 in
751 2879 936 2918 mensa
977 2873 1100 2918 sunt
1127 2863 1226 2933 ipsi
1262 2862 1662 2933 projicientem,
1693 2869 1873 2916 manet

283 2954 497 3010 assidue
526 2973 540 3009 :
568 2953 712 3024 quod
755 2955 799 3009 si
839 2953 1004 3010 semel
1043 2963 1202 3024 atque
1243 2955 1432 3008 iterum
1470 2953 1547 3007 sic
1580 2951 1767 3014 astitit,
1815 2959 1872 3006 ut

283 3047 588 3101 discesserit
616 3045 747 3101 nihil
777 3044 998 3116 adeptus
1017 3089 1032 3113 ,
1065 3047 1306 3116 protinus
1334 3045 1567 3099 abstinet
1591 3042 1754 3098 Veluti
1781 3044 1872 3113 qui

276 3141 389 3211 jam
433 3139 625 3196 frustra
653 3153 707 3195 et
744 3141 1007 3195 incassum
1042 3138 1256 3194 assistat
1287 3155 1300 3190 :
1331 3138 1512 3191 itidem
1549 3145 1603 3191 et
1629 3135 1873 3190 diabolus

276 3232 469 3303 jugiter
498 3233 648 3287 nobis
676 3232 862 3296 inhiat,
891 3231 934 3285 si
957 3230 1098 3301 quod
1127 3228 1496 3299 blaSphcmum
1518 3226 1737 3281 verbum
1758 3225 1859 3295 ipsi

276 3337 378 3378 ceu
402 3325 518 3396 cani
548 3321 910 3392 projiciamus,
941 3320 1042 3375 hoc
1067 3328 1286 3390 accepto
1311 3333 1496 3373 rursus
1522 3315 1862 3388 aggreditur:

274 3413 420 3484 quod
455 3413 500 3467 si
539 3410 962 3482 perseveraveris
998 3410 1194 3481 gratias
1233 3421 1416 3480 agere.
1441 3406 1766 3478 jugulaveris
1799 3406 1866 3460 il-

276 3505 384 3558 lum
413 3503 572 3569 fame,
600 3503 948 3572 celeriterque
976 3501 1216 3571 abegeris
1242 3508 1293 3554 et
1325 3499 1576 3570 aufugere
1599 3498 1864 3569 coegeris.

277 3595 473 3649 Verum
503 3610 606 3647 non
635 3603 785 3663 potes
815 3602 990 3648 tacere
1018 3593 1252 3647 cruciatu
1280 3590 1599 3646 Stimulatus.
1628 3589 1738 3644 Nec
1762 3603 1862 3661 ego

276 3683 536 3756 prohibeo
567 3693 617 3740 te
644 3684 824 3755 loqui,
852 3683 945 3738 sed
988 3682 1108 3737 volo
1142 3690 1193 3737 te
1229 3696 1327 3751 pro
1363 3681 1692 3750 blasphemia
1725 3679 1868 3749 loqui

273 3779 566 3847 gratiarum
603 3777 866 3832 actionem
889 3817 904 3841 ,
943 3791 1039 3846 pro
1074 3775 1252 3830 verbis
1296 3772 1671 3844 indignationis
1708 3771 1868 3826 verba

273 3871 615 3930 laudationis.
661 3870 929 3925 Confitere
966 3867 1226 3932 Domino,
1269 3866 1438 3922 clama
1478 3859 1827 3920 vehementer
1850 3904 1866 3928 ,

272 3962 647 4022 obsecrando:
673 3963 841 4016 clama
863 3959 1230 4026 vehementer,
1259 3955 1606 4026 glorificaudo
1633 3973 1645 4009 :
1671 3955 1747 4009 sic
1775 3953 1866 4008 tibi

272 4070 333 4115 et
360 4058 578 4116 morbus
607 4053 846 4109 redditur
874 4052 1060 4119 levior,
1083 4049 1392 4106 discedente
1417 4046 1629 4118 quidem
1655 4045 1868 4101 diabolo

273 4159 494 4222 propter
533 4156 677 4203 tuam
717 4146 1002 4216 gratiarum
1041 4145 1306 4199 actionem
1333 4183 1348 4206 ,
1379 4141 1474 4196 Dei
1512 4149 1642 4196 vero
1670 4138 1868 4193 auxilio

272 4241 588 4299 accedente.
625 4234 759 4294 Nam
791 4237 835 4291 si
874 4236 1231 4305 hlasphemias
1267 4229 1518 4288 effuderis
1541 4274 1557 4299 ,
1588 4233 1788 4302 pariter
1815 4239 1870 4286 et

271 4334 373 4391 Dei
398 4330 648 4385 auxilium
676 4325 1013 4391 submovisti,
1037 4335 1090 4379 et
1115 4324 1380 4380 diabolum
1402 4323 1656 4378 adversus
1682 4330 1870 4377 temet-

273 4427 454 4496 ipsum
487 4420 764 4478 reddidisti
791 4417 1091 4483 szeviorem,
1120 4424 1174 4472 ct
1200 4418 1424 4487 teipsum
1453 4420 1619 4486 magis
1647 4415 1871 4470 involvi-

273 4518 346 4572 sti
371 4513 666 4570 doloribus.
697 4510 791 4566 Sin
818 4509 1014 4581 gratias
1041 4508 1231 4579 egeris,
1261 4516 1316 4561 et
1341 4506 1558 4561 insidias
1587 4505 1870 4576 propulisti

274 4607 402 4663 tuali
439 4603 718 4672 daamonis,
757 4611 812 4657 et
851 4600 948 4657 Dei
989 4613 1084 4670 pro
1124 4611 1174 4654 te
1217 4597 1431 4653 solliciti
1469 4595 1729 4651 medelam
1770 4593 1866 4650 tibi

270 4693 604 4752 conciliasti.

361 4809 563 4879 Lingua
591 4807 888 4862 cohibenda.
911 4835 982 4846 —
1007 4804 1201 4859 Verum
1230 4817 1298 4859 ex
1327 4801 1708 4859 consuetudine
1750 4802 1858 4858 fre-

285 4883 512 4969 quenter
558 4899 758 4969 impetu
804 4896 1009 4967 rapitur
1037 4894 1212 4964 lingua
1237 4935 1252 4961 ,
1285 4902 1345 4948 ut
1387 4907 1695 4962 perversum
1743 4891 1872 4946 illud

278 4992 501 5046 verbum
540 4997 714 5044 sonet.
745 4987 940 5042 Verum
966 5001 1088 5040 cum
1120 4985 1224 5039 huc
1273 4985 1528 5053 rapietur,
1563 4983 1871 5053 priusquam

281 5082 509 5138 verbum
537 5079 780 5134 effuderit
805 5120 820 5144 ,
853 5077 1161 5132 commorde
1192 5077 1335 5131 illam
1365 5075 1598 5145 undique
1624 5074 1873 5129 dentibus

277 5174 490 5229 acriter.
536 5171 761 5225 Praestat
806 5169 948 5223 illam
993 5185 1134 5222 nunc
1176 5168 1341 5222 liuere
1385 5167 1676 5236 sanguine,
1714 5181 1872 5236 quam

277 5277 405 5323 tunc
431 5263 811 5334 concupiscere
836 5270 1037 5331 guttam
1063 5302 1078 5324 ,
1113 5277 1210 5316 nec
1256 5261 1541 5330 impetrare
1585 5273 1744 5329 posse
1772 5259 1874 5314 tale

278 5356 618 5428 refrigerium
646 5373 660 5409 :
690 5361 910 5424 praestat
948 5353 1090 5406 illam
1123 5353 1506 5422 temporarium
1550 5351 1690 5406 ferre
1718 5350 1872 5405 dolo-

276 5466 393 5506 rem
428 5490 443 5510 .
476 5462 634 5517 quam
681 5455 807 5499 tunc
853 5444 1153 5513 perenniter
1195 5453 1249 5499 et
1294 5444 1680 5499 immortalibus
1724 5443 1878 5498 malis

280 5537 543 5604 cruciari,
589 5533 1035 5606 quemadmodum
1079 5534 1258 5589 divitis
1297 5535 1438 5589 illius
1476 5535 1655 5605 lingua
1683 5533 1876 5590 ardore

282 5642 519 5688 aestuans
550 5629 750 5683 nullum
778 5626 1080 5696 impetrarit
1124 5626 1478 5698 refrigerium.
1510 5627 1648 5682 Deus
1676 5641 1873 5697 praece-

280 5724 356 5795 pit
383 5734 437 5779 ut
461 5721 704 5779 inimicos
733 5728 852 5774 tuos
871 5719 1077 5789 diligas,
1111 5727 1163 5774 tu
1188 5735 1314 5776 vero
1341 5721 1506 5776 Deum
1535 5729 1582 5776 te
1605 5727 1871 5775 amantem

1440 340 1441 343 η
1491 277 1577 334 DE
1617 277 1891 335 LAZABO
1930 279 2176 336 CONCIO
2215 279 2299 335 Ill.

3420 280 3566 334 illi}?

1976 392 2276 448 aversaris?
2305 393 2446 448 Deus
2469 393 2628 464 jussit
2657 403 2715 449 ut
2741 393 2994 448 conviciis
3021 392 3421 460 insectantibus,
3468 394 3561 446 bc-

1981 487 2140 554 nigue
2178 485 2452 555 loquaris,
2502 485 2937 540 maledicentibus
2963 485 3248 541 benedicas
3296 484 3460 557 (Luc.
3506 491 3560 540 6.

1973 578 2063 632 27.
2091 578 2162 633 28
2186 577 2204 648 )
2229 595 2242 629 :
2275 587 2330 632 tu
2357 593 2486 633 vero
2513 577 2590 632 illi
2617 576 2967 633 benefacienti
2998 586 3050 633 et
3078 579 3152 632 tui
3176 593 3358 633 curam
3385 579 3562 648 agenti

1975 672 2246 727 maledicis
2266 713 2281 735 ,
2311 687 2432 727 cum
2473 671 2617 726 nulla
2665 673 2716 726 in
2743 685 2804 726 re
2842 671 3000 726 laesus
3028 670 3141 726 sis?
3171 672 3363 726 Annon
3396 672 3565 740 potuit

1977 761 2184 816 solvere
2213 762 2594 817 lentationcm?
2618 761 2810 826 Potuit,
2841 761 2931 816 sed
2960 762 3214 831 permisit,
3241 771 3296 816 ut
3322 763 3416 815 fias
3440 765 3567 832 pro?

1977 852 2171 906 batior.
2201 853 2393 907 Verum
2416 867 2559 916 ecce,
2587 853 2782 921 inquis,
2808 853 3042 907 collabor
3062 852 3270 907 interim
3294 867 3356 906 ac
3381 868 3562 923 pereo.

1976 941 2093 997 Non
2135 952 2353 1014 propter
2381 942 2683 997 afﬂictionis
2715 951 2957 997 naturam
2999 943 3142 1014 peris
3165 987 3180 1011 ,
3222 944 3316 997 sed
3348 953 3567 1012 preptcr

1974 1042 2116 1090 tuam
2149 1035 2471 1090 socordiam.
2522 1035 2612 1089 Dic
2647 1033 2813 1100 mihi,
2845 1045 2961 1088 utra
2990 1049 3076 1089 res
3101 1043 3181 1088 est
3209 1033 3425 1098 facilior,
3458 1033 3566 1088 bin.

1978 1127 2240 1196 spltemia,
2267 1141 2330 1180 an
2357 1125 2647 1196 gratiarum
2673 1125 2844 1179 actio?
2870 1123 3057 1179 Nonne
3082 1123 3169 1178 illa
3190 1139 3283 1179 eos
3300 1124 3384 1193 qui
3411 1123 3547 1177 audi:

1976 1228 2070 1274 unt
2095 1218 2276 1273 hostes
2303 1226 2359 1273 et
2384 1217 2627 1273 inimicos
2655 1216 2750 1271 tibi
2787 1216 2994 1284 reddit,
3026 1226 3079 1272 et
3105 1217 3157 1270 in
3188 1217 3552 1286 aegritudinem

1974 1309 2137 1364 animi
2159 1308 2374 1377 conjicit
2396 1327 2410 1364 :
2437 1309 2550 1364 haec
2575 1323 2700 1362 vero
2726 1309 3032 1362 innumeras
3051 1305 3204 1362 affert
3222 1306 3564 1377 philosophiae

1974 1414 2222 1466 coronas,
2252 1399 2724 1469 incredibilemque
2750 1397 2818 1453 ab
2846 1397 3093 1452 omnibus
3133 1397 3562 1460 admirationem,

1975 1487 2205 1563 deniqtte
2237 1492 2470 1563 ingentia
2497 1505 2523 1545 a
2549 1492 2659 1546 Deo
2682 1491 2934 1560 praemia?
2962 1491 3069 1545 Cur
3095 1490 3254 1559 igitur
3274 1488 3412 1559 quod
3443 1489 3569 1542 utile

1977 1591 2080 1646 est,
2111 1581 2253 1653 quod
2295 1581 2450 1637 facile
2476 1623 2491 1649 ,
2526 1580 2665 1651 quod
2696 1580 2984 1651 jucundum
3014 1579 3265 1634 omitteus
3287 1621 3304 1647 ,
3351 1579 3402 1633 id
3428 1577 3569 1649 quod

1978 1671 2125 1728 laedit
2145 1715 2163 1742 ι
2193 1673 2335 1742 quod
2359 1673 2642 1727 contristat
2660 1715 2675 1739 ,
2701 1671 2841 1742 quod
2870 1668 3136 1736 tabcfacit,
3169 1669 3309 1724 illius
3337 1669 3456 1724 loco
3479 1684 3569 1724 se-

1977 1764 2173 1821 ctaris?
2211 1764 2351 1832 Quin
2391 1771 2445 1818 et
2482 1763 2676 1833 alioqui
2707 1763 2749 1816 si
2787 1761 3098 1816 tentationis
3137 1775 3198 1816 ac
3237 1760 3562 1830 paupertatis

1976 1858 2194 1912 afflictio
2219 1872 2376 1912 causa
2402 1865 2546 1912 esset
2566 1855 3012 1924 blasphemiarum
3039 1895 3053 1919 ,
3087 1859 3358 1925 oporteret
3380 1867 3568 1908 omnes

1987 1950 2077 2021 qui
2108 1951 2160 2004 in
2189 1957 2499 2021 paupertate
2527 1950 2708 2003 vivunt
2737 1947 3077 2016 blasphemas
3123 1960 3261 2000 esse.
3287 1943 3437 2000 Nunc
3466 1962 3562 2001 au-

1978 2051 2082 2097 tem
2129 2044 2267 2097 inter
2316 2057 2410 2097 eos
2460 2042 2549 2112 qui
2596 2042 2647 2095 in
2693 2050 2930 2096 extrema
2979 2039 3174 2109 degunt
3219 2049 3565 2109 paupertate,

1975 2135 2127 2190 multi
2163 2135 2361 2204 jugiter
2390 2142 2555 2204 agunt
2595 2133 2792 2204 gratias
2818 2151 2830 2186 :
2859 2131 2946 2185 alii
2975 2143 3156 2184 contra
3178 2173 3192 2196 ,
3239 2133 3328 2201 qui
3372 2133 3563 2201 opibus

1975 2241 2038 2281 ac
2063 2225 2261 2280 divitiis
2284 2223 2528 2289 affluunt,
2550 2238 2656 2278 non
2683 2229 2895 2277 cessant
2914 2236 3159 2275 evomere
3182 2219 3556 2290 blasphemias.

1976 2318 2157 2389 l:aque
2183 2335 2287 2372 non
2314 2318 2426 2388 ipsa
2454 2332 2632 2372 rerum
2659 2324 2868 2381 natura,
2897 2313 2991 2369 sed
3017 2323 3198 2369 nostra
3227 2313 3468 2369 voluntas
3499 2323 3556 2369 et

1977 2409 2075 2464 hoc
2096 2417 2151 2464 et
2184 2409 2309 2462 illud
2335 2407 2520 2465 efficit.

2046 2497 2337 2568 Paupertas
2369 2514 2495 2566 quos
2525 2513 2627 2551 non
2657 2495 2917 2550 lmdat.-—
2937 2494 3164 2564 Propter
3193 2493 3295 2549 hoc
3337 2495 3476 2549 enim
3517 2502 3572 2551 et

1975 2588 2113 2644 haue
2156 2589 2496 2644 recitavimus
2539 2585 2847 2658 parabolam
2873 2627 2887 2648 ,
2937 2593 2993 2639 ut
3035 2597 3388 2654 cognosceres
3431 2585 3572 2654 quod

1977 2680 2244 2735 hominem
2271 2678 2548 2735 socordem
2591 2693 2660 2733 ne
2690 2676 2888 2731 divitiae
2915 2674 3127 2746 quidem
3152 2675 3373 2745 juvent,
3402 2684 3573 2730 atten-

1977 2787 2088 2832 tum
2132 2792 2264 2831 vero
2306 2793 2375 2833 ne
2419 2784 2705 2846 paupertas
2734 2775 2949 2846 quidem
2981 2774 3173 2830 laedere
3217 2775 3382 2845 possit
3433 2772 3573 2842 Quid

1977 2868 2119 2936 dico,
2146 2867 2474 2938 paupertas?
2504 2865 2724 2920 Etiamsi
2755 2865 2934 2919 omnia
2962 2865 3430 2935 conglomercntur
3455 2878 3574 2932 quae

1979 2969 2107 3016 sunt"
2147 2961 2286 3014 inter
2311 2957 2555 3013 homines
2599 2957 2761 3024 mala,
2788 2972 3076 3026 numquam
3122 2955 3411 3024 percellent
3455 2954 3573 3008 ani-

1977 3068 2122 3107 mum
2154 3050 2384 3106 hominis
2411 3049 2580 3104 Deum
2609 3047 2839 3102 amantis
2859 3088 2874 3114 ,
2904 3046 3282 3115 sapientiaeque
3307 3045 3568 3107 studiosi,

1976 3157 2147 3213 neque
2178 3139 2596 3211 persuadebunt,
2628 3146 2684 3192 ut
2715 3152 2744 3190 a
2770 3137 2963 3190 virtute
2993 3133 3228 3189 discedat
3254 3150 3267 3188 :
3301 3142 3354 3187 et
3381 3133 3570 3188 horum

1977 3234 2127 3290 testis
2152 3241 2235 3289 est
2260 3231 2514 3286 Lazarus.
2545 3227 3006 3297 Quemadmodum
3055 3241 3084 3279 e
3110 3225 3322 3281 diverso
3354 3224 3573 3280 mollem

1974 3341 2038 3382 ac
2064 3325 2380 3380 dissolutum
2410 3337 2517 3375 non
2553 3319 2772 3385 divitiae,
2801 3333 2905 3372 non
2931 3316 3151 3383 sanitas,
3185 3331 3288 3370 non
3316 3323 3572 3384 perpetua

1975 3414 2334 3488 prosperitas,
2368 3429 2472 3468 non
2503 3411 2644 3467 aliud
2675 3409 2941 3482 quidpiam
2981 3422 3228 3478 umquam
3254 3406 3439 3478 juvare
3477 3421 3574 3476 po-

1974 3511 2119 3566 terit.

2044 3601 2097 3657 8.
2137 3599 2216 3655 Ne
2246 3598 2404 3670 igitur
2448 3595 2686 3651 dicamus
2729 3590 2871 3662 quod
2903 3598 3184 3661 paupertas
3207 3630 3221 3653 ,
3267 3589 3486 3643 morbus
3519 3595 3574 3642 et

1976 3691 2328 3762 periculorum
2353 3686 2578 3742 insuitus
2598 3683 2921 3753 compellant
2942 3680 3008 3735 ad
3031 3679 3433 3750 blaSphemiam.
3457 3678 3579 3736 Non

1975 3789 2272 3852 paupertas,
2293 3777 2386 3834 sed
2413 3776 2654 3838 stultitia,
2682 3790 2786 3828 non
2815 3771 3054 3839 morbus,
3075 3771 3168 3826 sed
3200 3779 3558 3840 contemptus,

1974 3891 2078 3928 non
2106 3870 2465 3942 periculorum
2493 3867 2748 3931 iusultus,
2774 3861 2868 3918 sed
2898 3862 3107 3932 pictatis
3127 3860 3360 3916 desertio
3379 3903 3393 3927 ,
3427 3867 3483 3914 ut
3506 3859 3580 3915 ad

1973 3964 2380 4036 blasphemiam,
2413 3961 2484 4015 ita
2510 3959 2575 4013 ad
2606 3972 2763 4012 omne
2789 3954 3002 4010 malitia:
3030 3968 3198 4023 genus
3227 3952 3439 4006 adducit
3469 3952 3574 4005 mi-

1973 4077 2074 4116 nus
2103 4065 2356 4112 attentos.

2052 4151 2156 4206 Cur
2202 4165 2305 4203 non
2353 4161 2524 4201 attines
2566 4144 2646 4197 hic
2692 4140 2833 4212 punit
2874 4137 3127 4192 Deus.—-
3159 4134 3265 4190 Sed
3302 4149 3459 4204 quain
3505 4133 3577 4188 ob

1973 4257 2187 4298 causam
2213 4283 2228 4307 ,
2260 4237 2464 4308 inquiet
2488 4233 2676 4304 aliquis
2697 4275 2712 4300 ,
2742 4231 2832 4285 alii
2861 4227 3077 4299 quidem
3118 4227 3202 4280 hic
3247 4225 3535 4295 puniuntur
3555 4264 3574 4292 ,

1974 4334 2064 4388 alii
2111 4347 2240 4387 vero
2281 4329 2411 4392 illic,
2455 4342 2518 4381 ac
2545 4339 2650 4379 non
2695 4322 2870 4393 potius
2913 4332 3101 4374 omnes
3147 4317 3272 4370 hic?
3309 4316 3477 4383 Quam
3507 4315 3577 4369 ob

1975 4439 2190 4480 causam
2215 4422 2238 4475 ?
2263 4419 2522 4488 Quoniam
2555 4415 2731 4470 si'hoc
2757 4420 2922 4476 esset,
2954 4423 3143 4464 omnes
3174 4407 3354 4476 utique
3379 4404 3570 4475 periis-

1975 4531 2186 4573 semus:
2213 4527 2401 4568 omnes
2426 4510 2567 4564 enim
2595 4520 2781 4563 sumus
2803 4503 3018 4560 obnoxii
3051 4500 3242 4572 pmnis.
3265 4499 3498 4555 Rursum
3529 4497 3576 4552 si

1977 4609 2152 4662 nullus
2181 4605 2268 4660 hic
2289 4603 2588 4674 puniretur,
2618 4599 2798 4670 plures
2823 4595 3176 4652 redderentur
3203 4591 3537 4647 socordiores
3560 4630 3577 4656 ,

1977 4702 2233 4771 multique
2247 4699 2486 4754 dicerent
2501 4709 2606 4749 non
2619 4707 2738 4749 esse
2752 4687 3136 4761 providentiam
3146 4684 3375 4741 .Etenim
3393 4682 3436 4736 si
3453 4696 3575 4735 cum

1937 4781 1940 4783 Δ
1978 4809 2120 4850 nunc
2139 4791 2351 4846 videant
2373 4788 2570 4842 multos
2590 4784 2866 4855 improbos
2888 4780 3080 4851 puniri,
3103 4777 3295 4831 multas
3317 4772 3577 4844 ejusmodi

1977 4881 2339 4955 blasphemias
2367 4885 2621 4935 evomunt
2645 4894 2657 4930 :
2686 4877 2730 4930 si
2758 4890 2826 4930 ne
2855 4873 2958 4927 hoc
2987 4869 3202 4942 quidem
3230 4874 3392 4931 esset,
3420 4864 3572 4936 quida

1981 4995 2105 5034 nam
2147 4973 2430 5031 dicereut?
2459 4972 2528 5027 ad
2554 4969 2695 5042 quod
2738 4966 2956 5022 malitia:
2986 4977 3160 5035 genus
3181 4975 3286 5016 non
3314 4972 3563 5029 raperen-

1982 5072 2108 5129 tur?
2136 5071 2242 5126 Has
2266 5069 2336 5124 ob
2375 5083 2463 5122 res
2494 5066 2636 5121 Deus
2674 5061 2807 5117 alios
2837 5057 3051 5130 quidem
3095 5054 3181 5108 hic
3206 5052 3356 5124 punit
3378 5092 3393 5116 ,
3437 5049 3575 5104 alios

1980 5181 2108 5221 vero
2133 5179 2247 5218 non
2273 5159 2442 5232 punit.
2474 5157 2628 5213 Punit
2655 5155 2868 5223 quidem
2897 5149 3100 5218 aliquos
3120 5187 3133 5212 ,
3165 5143 3418 5199 exeidens
3446 5140 3564 5193 illo-

1982 5273 2101 5313 rum
2131 5253 2314 5309 vitium
2339 5294 2354 5316 ,
2383 5261 2701 5321 pmnamque
2738 5245 2846 5299 illic
2891 5239 3119 5296 reddens
3141 5236 3401 5292 leviorem
3427 5273 3442 5296 ,
3489 5240 3574 5286 aut

1982 5349 2139 5404 ctiam
2165 5349 2216 5402 in
2250 5355 2416 5400 totum
2449 5343 2679 5398 liberans
2709 5339 2860 5402 illos,
2891 5344 2944 5391 et
2978 5348 3072 5389 eos
3100 5329 3190 5402 qui
3219 5341 3467 5399 perverse
3495 5326 3571 5378 νίς

1983 5449 2116 5496 vunt
2144 5437 2507 5508 castigatiores
2534 5432 2764 5488 reddens
2803 5429 2903 5483 hac
2934 5424 3204 5498 punitione
3238 5439 3253 5476 :
3281 5420 3415 5473 alios
3443 5432 3567 5474 vero

1982 5546 2192 5588 rursum
2226 5543 2331 5583 non
2357 5525 2510 5596 punit
2533 5566 2550 5590 ,
2576 5535 2635 5578 ut
2661 5524 2704 5578 si
2735 5520 3109 5592 resipisceutcs
3135 5514 3235 5570 sibi
3258 5511 3386 5583 ipsis
3411 5524 3561 5565 caves

1983 5625 2125 5688 rint,
2183 5635 2245 5674 ac
2281 5618 2374 5673 Dei
2422 5614 2804 5686 benignitatem
2843 5610 3059 5668 reveriti
3101 5605 3333 5669 fuerint,
3382 5610 3435 5657 et
3476 5599 3565 5656 hic

1986 5715 2277 5770 liberentur
2321 5725 2351 5764 a
2384 5722 2538 5780 ptetta
2577 5714 2632 5762 et
2667 5704 2773 5760 illic
2808 5720 2836 5759 a
2867 5701 3162 5775 supplicio:
3199 5700 3284 5755 sin
3317 5692 3562 5767 perstite-
