4046 6146
485 187 619 242 1003

483 302 614 368 rint,
640 299 806 355 nihilo
833 299 1080 355 meliores
1104 298 1226 354 facti
1258 299 1474 356 lenitate
1499 300 1592 356 Dei
1612 303 1699 372 qui
1722 303 1859 357 maia
1885 315 2064 361 nostra

478 393 568 446 diu
593 393 802 458 tolerat,
822 391 1078 461 majorem
1105 392 1400 446 sustineant
1424 393 1712 448 cruciatum
1739 406 1956 466 propter
1982 399 2065 452 in-

476 486 680 555 signem
708 484 939 554 ipsorum
958 492 1338 553 contemptum.
1365 484 1517 552 Quod
1538 484 1584 540 si
1609 487 1727 557 quis
1752 486 1946 543 dixerit
1973 505 2067 544 eos

477 575 567 646 qui
589 574 876 644 puniuntur
889 573 1205 628 detrimento
1226 574 1384 638 afﬁci,
1404 576 1683 644 (poterant
1702 578 1842 631 enim
1872 578 2064 648 alioqui

380 679 394 688 ί
478 665 816 736 resipiscere)
845 665 970 719 illud
1001 663 1474 734 respondebimus:
1501 666 1548 721 si
1589 666 1728 722 Deus
1770 669 2069 737 prazscisset

479 757 617 821 fore,
657 762 717 810 ut
761 756 1174 824 resipiscerent,
1207 771 1536 827 nequaquam
1569 758 1824 826 punisset.
1855 759 2064 814 Etenim

481 845 528 898 si
553 860 688 915 quos
735 845 877 900 videt
913 861 1130 900 manere
1169 846 1588 916 ineorrigibiles,
1637 849 1869 914 omittit,
1901 850 2068 904 multo

486 935 652 1006 magis
673 950 804 1005 quos
831 946 1050 990 noverat
1073 952 1137 990 ex
1170 937 1333 1006 ipsius
1356 937 1570 992 lenitate
1596 939 1794 993 laturos
1819 939 2066 1008 fructum,

479 1042 732 1097 passurus
747 1037 862 1083 erat
889 1028 943 1083 in
961 1029 1209 1098 prmsenti
1226 1029 1350 1094 vita,
1383 1039 1437 1084 ut
1459 1039 1909 1101 consequerentur
1936 1040 2068 1087 tem-

489 1119 635 1184 poris
668 1119 897 1188 spatium
921 1118 989 1174 ad
1021 1120 1404 1189 pmnitentiam.
1434 1119 1584 1174 Nunc
1603 1130 1778 1176 autem
1806 1136 1898 1177 eos
1926 1137 2067 1192 pra)-

485 1209 704 1278 ripiens,
734 1219 788 1264 et
813 1210 917 1267 illis
938 1210 1188 1265 leviorem
1217 1211 1268 1264 in
1295 1210 1472 1265 futuro
1498 1212 1694 1266 szrcnlo
1720 1228 1927 1282 poenam
1948 1215 2069 1269 red-

483 1299 582 1363 dit,
617 1300 789 1354 ethos
809 1301 1172 1370 castigatiores
1197 1302 1408 1357 illorum
1434 1304 1706 1374 suppliciis
1736 1306 1876 1360 facit.
1899 1307 2067 1373 Quam

486 1388 558 1442 ob
584 1405 695 1443 rem
727 1389 885 1460 igitur
925 1406 1030 1445 non
1060 1389 1197 1446 idem
1225 1392 1327 1447 hoc
1356 1393 1480 1448 facit
1524 1395 1576 1448 in
1605 1394 1757 1449 malis
1783 1395 2070 1451 omnibus?

488 1478 558 1535 Ut
577 1479 611 1532 ii
638 1482 726 1549 qui
753 1488 987 1548 manent,
1019 1496 1112 1550 per
1133 1482 1376 1537 timorem
1403 1484 1626 1538 aliorum
1657 1486 1928 1555 suppliciis
1950 1487 2073 1541 red-

488 1569 684 1626 dantur
725 1574 1126 1643 castigatiores,
1182 1575 1577 1646 prcediccntque
1624 1577 1716 1631 Dei
1759 1577 2027 1632 lenitatem
2055 1619 2068 1642 ,

487 1661 707 1729 ejusque
729 1661 1110 1719 humanitatem
1132 1665 1366 1731 reveriti,
1393 1666 1648 1722 desistant
1668 1683 1696 1720 a
1721 1668 1936 1723 malitia.
1961 1668 2069 1724 Sed

489 1751 619 1806 nihil
656 1752 843 1808 horum
872 1754 1112 1823 faciunt,
1140 1757 1325 1827 inquit.
1354 1757 1468 1812 Non
1514 1759 1671 1829 igitur
1708 1759 1846 1814 Deus
1875 1761 1984 1829 jam
2016 1761 2069 1815 in

492 1858 653 1898 causa
681 1853 796 1912 est,
841 1845 934 1900 sed
975 1847 1183 1901 illorum
1213 1848 1452 1902 socordia
1474 1890 1489 1913 ,
1526 1849 1614 1920 qui
1646 1850 1928 1906 noluerunt
1960 1860 2068 1907 tam

495 1933 673 1990 multis
701 1936 949 1991 remediis
988 1937 1054 1992 ad
1101 1940 1365 2008 propriam
1407 1941 1480 1994 uti
1517 1941 1762 1996 salutem.
1804 1943 1977 2013 Atque
2016 1953 2073 1999 ut

494 2038 784 2094 cognoscas
826 2027 967 2096 quod
1006 2028 1128 2084 ideo
1171 2030 1272 2084 hoc
1318 2031 1522 2098 fecerit,
1563 2031 1778 2090 attende
1820 2034 2074 2091 :Miscuit

497 2115 623 2169 olim
662 2119 971 2187 sanguinem
1004 2118 1341 2174 Galilmorum
1375 2121 1572 2176 Pilatus
1611 2136 1729 2177 cum
1766 2124 2069 2190 sacrificiis,

497 2213 553 2258 et
577 2205 889 2260 accedentes
927 2205 1026 2260 hoc
1056 2207 1225 2276 ipsum
1260 2211 1694 2264 renuntiaverunt
1726 2210 1884 2280 .lcsu,
1916 2222 2073 2284 atque

496 2294 584 2348 ille
609 2294 753 2361 dicit,
785 2295 920 2360 Quid
943 2297 1149 2366 putatis,
1171 2298 1306 2367 quod
1331 2299 1409 2352 illi
1435 2297 1640 2355 Galilmi
1663 2301 1760 2355 soli
1786 2314 2074 2373 peccatores

498 2385 740 2453 fuerunt?
777 2383 911 2452 Non,
951 2385 1066 2440 dico
1105 2387 1240 2440 vobis
1267 2403 1286 2441 :
1315 2389 1412 2442 nisi
1441 2391 1778 2460 paenitentiam
1807 2394 2003 2463 egeritis
2026 2405 2073 2448 et

497 2491 584 2528 vos
613 2475 844 2531 similiter
880 2477 1102 2546 peribitis
1132 2477 1281 2550 (Luc.
1316 2481 1404 2534 l3.
1432 2480 1509 2551 2).
1538 2481 1769 2536 Rursum
1807 2484 1892 2536 alii
1921 2493 2072 2539 octo-

498 2563 669 2619 decim
697 2565 871 2620 obruti
898 2577 1022 2622 sunt
1047 2567 1196 2622 ruina
1225 2569 1498 2636 cujusdam
1528 2575 1708 2639 turris,
1737 2571 1804 2627 de
1832 2573 1914 2629 his
1945 2590 2077 2645 quo-

502 2669 607 2724 que
633 2655 818 2710 eadem
850 2657 993 2711 dicit.
1025 2657 1157 2712 Natu
1190 2660 1330 2730 quod
1357 2661 1451 2728 ait,
1479 2661 1615 2729 Quid
1633 2665 1818 2733 putatis
1837 2666 1972 2736 quod
1998 2667 2076 2720 illi

502 2757 784 2816 peccatores
811 2757 954 2802 erant
978 2751 1075 2803 soli
1089 2751 1116 2804 ?
1134 2766 1254 2815 non,
1284 2753 1398 2806 dico
1426 2754 1580 2817 vobis,
1610 2753 1844 2810 declarat
1862 2756 2002 2826 quod
2024 2767 2078 2812 et

503 2837 742 2892 viventes
774 2838 960 2893 iisdem
994 2851 1144 2895 erant
1169 2841 1405 2896 obnoxii.
1433 2844 1588 2913 Quod
1617 2855 1792 2900 autem
1817 2848 1891 2902 ait
1918 2865 1932 2900 :
1959 2847 2076 2902 Nisi

504 2929 844 2996 penitentiam
867 2931 1082 2998 egeritis,
1115 2939 1160 2985 et
1197 2949 1284 2986 vos
1319 2934 1548 2988 similiter
1566 2936 1813 3006 'pcribitis,
1845 2937 2079 2992 declarat

503 3019 646 3089 quod
684 3029 738 3075 et
776 3021 895 3076 illos
918 3023 1162 3092 permisit
1197 3024 1297 3079 hac
1326 3025 1393 3080 de
1430 3041 1591 3082 causa
1629 3028 1715 3082 illa
1742 3029 1868 3098 pati,
1902 3037 1961 3085 ut
1996 3031 2078 3086 vi-

506 3119 690 3166 ventes
714 3113 861 3167 exiis
883 3130 998 3183 quae
1019 3117 1228 3171 cmteris
1251 3118 1555 3174 acciderant
1571 3129 1778 3175 terrore
1797 3131 2076 3192 concepto,

508 3202 896 3272 resipiscerent,
935 3214 988 3259 et
1015 3206 1166 3276 regni
1202 3206 1430 3265 heredes
1467 3211 1672 3265 fierent.
1709 3211 1846 3279 Quid
1887 3213 2081 3283 igitur?

506 3289 572 3344 Ut
598 3307 715 3362 ego,
743 3295 930 3364 inquit,
957 3295 1077 3351 fiam
1103 3299 1310 3367 melior,
1340 3301 1430 3355 ille
1450 3303 1703 3372 punitur?
1726 3303 1840 3358 Non
1867 3315 2082 3376 propter

507 3381 629 3452 hoc,
661 3386 752 3440 sed
783 3396 1000 3456 propter
1022 3404 1176 3444 suum
1206 3391 1371 3460 ipsius
1398 3404 1674 3462 peccatum
1706 3397 1940 3466 punitur.
1968 3397 2083 3452 Cae-

510 3484 680 3529 terum
713 3477 920 3531 illorum
958 3479 1205 3535 interitus
1234 3485 1454 3537 attentis
1479 3499 1545 3538 ex
1571 3485 1859 3542 abundanti
1900 3489 1958 3541 lit
1993 3503 2084 3543 oc-

507 3569 653 3621 casio
687 3569 893 3633 salutis,
925 3569 1048 3624 dum
1084 3581 1227 3626 metu
1265 3588 1328 3627 ex
1369 3575 1434 3628 iis
1473 3590 1590 3644 qua:
1627 3577 1746 3632 aliis
1778 3579 2085 3633 acciderunt

508 3668 789 3726 concepto,
819 3659 1114 3714 redduntur
1141 3663 1434 3731 probiores.
1470 3664 1652 3720 itidem
1690 3677 1746 3721 et
1769 3668 1970 3723 domini
2000 3668 2082 3722 fa-

510 3749 661 3802 ciunt
703 3765 716 3802 :
759 3764 864 3802 uno
908 3763 1050 3818 sarpe
1096 3750 1296 3807 famulo
1339 3753 1621 3823 ﬂagellato,
1667 3757 1902 3826 reliquos
1942 3768 2084 3814 metu

510 3840 740 3896 reddunt
759 3843 1168 3901 eniendatiores.
1199 3843 1331 3901 Cum
1363 3847 1521 3918 igitur
1548 3848 1744 3904 videris
1768 3851 1976 3922 aliquos
2001 3854 2082 3908 vel

510 3930 564 3984 in
595 3931 919 4002 naufragium
957 3933 1222 4000 incidisse,
1254 3937 1338 3990 vel
1373 3937 1566 3992 aedium
1605 3939 1756 3995 ruina
1795 3955 2083 4011 oppressos

511 4036 652 4089 esse,
675 4022 756 4076 vel
787 4024 1031 4079 incendio
1057 4027 1300 4094 periisse,
1321 4029 1459 4083 vela
1479 4028 1654 4087 ﬂuviis
1674 4033 1923 4104 abreptos
1944 4050 2082 4103 esse,

511 4121 602 4166 aut
627 4113 733 4167 alio
757 4117 1002 4184 quopiam
1029 4117 1187 4172 modo
1212 4119 1447 4174 violento
1468 4120 1630 4175 vitam
1652 4122 1831 4178 finisse
1860 4142 1873 4178 :
1896 4123 2086 4180 deinde

513 4206 668 4267 alios,
713 4207 802 4275 qui
845 4207 1029 4263 eadem
1075 4224 1196 4264 cum
1243 4211 1347 4266 illis
1392 4220 1448 4267 et
1492 4214 1734 4283 graviora
1777 4225 2083 4286 peccarunt,

514 4295 644 4349 nihil
690 4297 793 4352 tale
820 4311 1024 4367 passos,
1058 4316 1125 4356 ne
1149 4303 1482 4358 conturberis
1509 4303 1693 4359 dicens
1712 4346 1726 4370 ,
1755 4322 1851 4362 cur
1875 4308 2084 4363 tandem

512 4390 602 4458 qui
629 4391 812 4445 eadem
843 4404 1147 4460 peccarunt,
1181 4411 1286 4450 non
1312 4396 1497 4452 eadem
1530 4399 1670 4468 passi
1701 4401 1862 4454 sunt?
1893 4401 2085 4456 Verum

515 4480 645 4535 illud
686 4493 897 4550 reputa,
937 4485 1080 4554 quod
1119 4485 1260 4542 Deus
1298 4487 1446 4542 illum
1483 4488 1694 4558 quidem
1733 4505 1919 4559 passus
1954 4499 2089 4548 este

515 4572 693 4627 medio
725 4573 835 4627 tolli
876 4576 1276 4648 praefocarique,
1318 4579 1582 4634 mitiorem
1612 4580 1660 4634 ei
1691 4596 1995 4651 prteparans
2033 4583 2089 4637 in

515 4665 691 4720 futuro
733 4667 930 4723 saeculo
978 4669 1304 4733 crueiatum,
1335 4679 1426 4724 aut
1473 4671 1631 4726 etiam
1681 4674 1732 4727 in
1779 4681 1945 4728 totum
1965 4689 2087 4729 eum

515 4758 751 4813 liberans
786 4776 799 4813 :
832 4758 971 4812 hunc
996 4773 1123 4813 vero
1162 4759 1294 4813 nihil
1331 4760 1432 4815 tale
1479 4775 1666 4830 passus
1694 4772 1774 4817 est
1800 4763 2085 4832 sustinere,

507 4863 568 4909 ut
615 4849 836 4905 alterius
883 4850 1144 4920 supplicio
1205 4852 1510 4922 castigatior
1551 4854 1757 4918 factus,
1797 4852 2089 4909 modestior

510 4943 868 4999 redderetur:
901 4941 1041 5011 quod
1079 4941 1122 4996 si
1169 4943 1590 5012 perseveraverit
1632 4943 1685 4996 in
1719 4943 1939 5008 iisdem,
1967 4958 2090 4998 cru-

512 5029 840 5089 delissimam
891 5034 991 5088 sibi
1021 5035 1118 5104 ipsi
1149 5050 1216 5089 ex
1254 5050 1348 5091 sua
1398 5036 1638 5090 socordia
1690 5044 1968 5090 eoaeervat
2012 5036 2093 5090 ul-

519 5137 714 5180 tionem
737 5167 750 5191 ,
791 5140 887 5180 nec
922 5126 1062 5180 Deus
1088 5125 1244 5180 fuerit
1267 5141 1426 5180 causa
1452 5125 1800 5180 intolerabilis
1825 5125 2090 5195 supplicii.

520 5219 748 5273 tiursum
790 5217 833 5272 si
887 5217 1082 5272 videris
1138 5217 1339 5287 justum
1378 5215 1538 5285 afﬂigi
1563 5256 1578 5282 ,
1619 5223 1708 5268 aut
1758 5214 1934 5268 omnia
1975 5231 2094 5284 qua:

519 5305 656 5360 dicta
708 5317 831 5362 sunt
880 5308 1294 5378 perpetientem,
1354 5323 1421 5362 ne
1474 5305 1834 5360 consterneris
1894 5305 2091 5361 animo.

523 5397 651 5451 Nam
697 5413 751 5453 et
821 5400 896 5454 illi
964 5415 1051 5455 res
1103 5401 1348 5466 acerbre,
1403 5398 1796 5469 splendidiores
1869 5397 2096 5453 reddunt

523 5503 749 5542 coronas
780 5508 792 5541 :
824 5505 875 5543 et
920 5491 1136 5544 (ιιιιηίηο
1175 5491 1374 5560 quaevis
1422 5504 1573 5559 pinna
1600 5529 1614 5555 ,
1673 5489 1930 5557 siquidem
1968 5503 2092 5556 pec:

525 5578 791 5633 caloribus
810 5578 1329 5651 inﬂigatur,detrahit
1355 5578 1550 5650 ahquid
1572 5578 1816 5634 vitiorum
1835 5580 2051 5651 ponderi
2079 5598 2090 5633 :

1194 185 1251 241 S.
1291 184 1568 242 JOANNlS
1605 186 2078 250 CHRYSOSTOMI
2119 189 2433 251 ABCHIEP.
2472 191 3008 251 CONSTANTINOP.

3599 194 3713 256 lim

2176 305 2428 374 sinjustis
2446 305 3146 378 inﬂigatur,splendidiorem
3163 305 3335 362 reddit
3355 307 3461 365 illis
3485 310 3714 382 animum,

2173 395 2252 450 sic
2271 405 2325 450 ut
2348 396 2583 466 utrisque
2611 399 2871 453 maximus
2895 415 2960 454 ex
2985 397 3272 454 afﬂictione
3297 397 3495 454 fructus
3511 404 3715 474 eveniat,

2173 493 2374 540 tantum
2395 485 2438 539 si
2462 497 2610 554 grate
2625 489 3035 544 toleremnszhoc
3049 489 3188 543 enim
3216 499 3296 544 est
3310 489 3450 559 quod
3468 492 3721 560 quaeritur,

2245 575 2297 629 9.
2327 575 2550 645 Propter
2575 575 2676 629 hoc
2712 592 2833 630 cum
2863 579 2970 632 sint
3020 578 3278 647 ejusmodi
3316 580 3557 638 exempla
3584 581 3720 636 innu-

2173 665 2443 719 merabilia
2457 707 2473 732 ,
2520 676 2776 718 sacrarum
2791 660 2992 732 Scripta
3001 681 3172 721 rarum
3184 662 3413 718 historia
3430 669 3515 723 his
3545 672 3726 740 repleta

2173 763 2288 820 est,
2306 753 2482 824 justos
2513 769 2575 809 ac
2612 755 2835 824 injustos
2868 757 3019 811 malis
3039 757 3266 812 afﬂictos
3290 756 3446 812 nobis
3465 760 3724 825 exhibens,

2176 853 2232 898 ut
2250 843 2362 898 sive
2379 844 2552 913 justus
2569 845 2663 911 sis,
2687 847 2798 900 sive
2815 854 3078 916 peccator,
3105 848 3351 918 quoniam
3375 847 3540 905 habes
3566 866 3726 907 exem-

2176 933 2258 1002 pla
2283 973 2298 999 ,
2335 933 2473 990 feras
2525 936 2748 990 fortiter.
2777 935 2890 992 Non
2936 939 3105 993 solum
3155 948 3331 993 autem
3361 941 3593 1005 ostendit
3643 944 3724 999 tibi

2176 1024 2446 1094 improbos
2470 1027 2625 1082 malis
2651 1026 2874 1084 afﬂictos
2898 1071 2913 1093 ,
2943 1045 3125 1084 verum
3146 1030 3306 1085 etiam
3337 1030 3564 1087 feliciter
3582 1048 3726 1104 agen-

2179 1122 2294 1182 tes,
2318 1130 2384 1170 ne
2421 1115 2633 1172 illorum
2665 1117 2914 1173 felicitate
2955 1119 3290 1174 conturberis
3315 1160 3331 1186 ,
3361 1121 3608 1176 nimirum
3646 1122 3729 1177 do-

2177 1211 2296 1259 ctus
2325 1220 2387 1260 ex
2439 1206 2504 1260 iis
2529 1222 2647 1278 quas
2671 1207 2820 1262 diviti
2864 1209 3214 1275 acciderunt,
3279 1203 3588 1278 cujusmodi
3629 1212 3730 1270 illos

2176 1302 2296 1364 post
2364 1293 2502 1350 hanc
2558 1295 2718 1350 vitam
2771 1305 2983 1352 maneat
3033 1299 3332 1354 incendium
3363 1340 3378 1366 ,
3437 1301 3538 1354 nisi
3587 1302 3727 1356 vitam

2175 1398 2292 1438 eam
2344 1385 2673 1454 reliquerint.
2732 1387 2849 1442 Non
2900 1403 3222 1458 possumus,
3273 1389 3480 1460 inquit,
3544 1399 3595 1446 et
3661 1391 3731 1448 hic

2175 1484 2230 1529 et
2251 1475 2357 1531 illic
2379 1477 2560 1546 requie
2586 1476 2686 1532 frui
2715 1494 2730 1530 :
2759 1493 2864 1533 non
2897 1494 3178 1550 possumus
3204 1521 3222 1548 ,
3253 1480 3497 1551 inquam.

2248 1567 2556 1623 Sanctorum
2597 1570 2772 1624 veteris
2818 1568 3123 1624 Testameuti
3173 1587 3440 1625 rerumne.
3475 1600 3544 1612 —
3574 1570 3734 1642 quue

2173 1656 2303 1728 justi
2335 1659 2579 1716 vixerunt
2616 1660 2702 1715 hic
2744 1660 2906 1714 vitam
2945 1661 3218 1716 laboribus
3263 1661 3574 1716 obnoxiam.
3615 1663 3730 1731 Quid

2176 1749 2593 1821 igitur,inquis,
2626 1752 2934 1808 Abraham?
2985 1753 3054 1807 Et
3079 1755 3198 1824 quis
3247 1761 3356 1808 tam
3407 1755 3572 1809 multa
3620 1755 3730 1809 dura

2177 1856 2458 1912 perpessus
2485 1843 2605 1898 est?
2631 1842 2818 1898 Nonne
2841 1859 2872 1897 a
2902 1853 3124 1915 paterno
3147 1845 3435 1900 exsultavit
3461 1845 3603 1900 solo?
3621 1845 3732 1901 Non-

2180 1948 2249 1988 ne
2293 1948 2322 1986 a
2353 1933 2465 1988 suis
2506 1934 2752 1990 omnibus
2776 1933 3017 1990 divulsus
3043 1936 3156 1990 est?
3179 1935 3371 1990 Nonne
3402 1936 3453 1990 in
3486 1936 3734 2005 peregrina

2175 2023 2392 2094 regione
2439 2024 2630 2080 famem
2681 2026 2968 2080 sustinuit?
3013 2025 3201 2082 Nonne
3243 2026 3395 2081 velut
3443 2041 3563 2082 erro
3611 2027 3736 2095 quis-

2176 2115 2316 2184 piam
2347 2155 2363 2181 ,
2393 2114 2619 2170 subinde
2673 2117 2838 2171 vertit
2864 2117 3036 2171 solum
3063 2157 3078 2182 ,
3108 2132 3140 2171 a
3171 2116 3452 2187 Babylone
3499 2116 3546 2169 in
3590 2115 3736 2170 Meso-

2179 2205 2504 2272 potamiam,
2560 2205 2683 2261 inde
2731 2206 2786 2261 in
2831 2206 3206 2274 Palaestinam,
3253 2222 3444 2262 rursus
3497 2208 3631 2262 illinc
3688 2209 3732 2262 in

2179 2296 2470 2368 Emptum
2493 2296 2644 2369 (Gen.
2670 2298 2756 2353 12.
2785 2308 2831 2352 et
2851 2299 2984 2369 sqq.)
3007 2299 3030 2352 ?
3059 2299 3185 2366 Quis
3211 2299 3417 2354 referre
3438 2300 3597 2369 possit
3618 2299 3736 2353 bella

2179 2401 2300 2455 qua:
2335 2402 2431 2456 pro
2490 2403 2655 2442 uxore
2684 2427 2700 2453 ,
2747 2404 2866 2458 qua:
2917 2403 3040 2443 cum
3085 2388 3329 2444 barbaris
3393 2389 3590 2459 gessit?
3633 2389 3736 2459 quis

2179 2479 2416 2549 strages?
2440 2479 2558 2548 quis
2604 2491 2842 2550 cognata:
2868 2479 3080 2536 familia:
3129 2481 3547 2550 captivitatem?
3593 2481 3737 2550 llujus

2180 2569 2390 2638 generis
2418 2570 2521 2624 alia
2549 2578 2672 2624 sunt
2721 2571 3142 2626 innumerabilia.
3188 2571 3324 2626 Cum
3369 2571 3531 2625 ﬂlium
3577 2585 3738 2627 susce-

2187 2662 2381 2730 pisset,
2411 2677 2588 2716 nonne
2613 2663 2755 2732 quod
2803 2671 2884 2717 est
2910 2664 3145 2717 omnium
3175 2663 3411 2718 maxime
3435 2662 3738 2718 intolerabile

2184 2767 2465 2822 perpessus
2507 2761 2626 2819 est,
2676 2768 2798 2808 cum
2857 2754 2967 2820 suis
3024 2754 3190 2824 ipsius
3233 2754 3481 2810 manibus
3531 2763 3739 2808 mactare

2182 2844 2363 2914 jussus
2390 2883 2409 2912 ,
2436 2860 2592 2914 quem
2622 2843 2900 2900 adamabat
2925 2886 2942 2910 ,
2973 2860 3093 2900 eum
3132 2859 3295 2914 quem
3323 2844 3555 2900 habebat
3594 2845 3739 2898 caris-

2183 2935 2376 2990 simum
2421 2932 2581 3004 (Ibid.
2613 2934 2704 3005 22)
2725 2933 2748 2987 ?
2773 2933 2910 3001 Quin
2947 2945 3002 2990 et
3031 2934 3142 3004 ipse
3169 2935 3524 2990 immolandos
3571 2933 3730 2997 Isaac,

2189 3042 2366 3082 nonne
2398 3026 2544 3081 omni
2573 3041 2640 3082 ex
2688 3039 2838 3096 parte
2867 3040 3077 3096 semper
3121 3039 3151 3078 a
3179 3025 3424 3081 finitimis
3461 3024 3738 3088 vexabatur,

2184 3119 2320 3174 adeo
2385 3127 2442 3173 ut
2487 3126 2545 3173 et
2589 3133 2756 3174 uxore
2800 3117 3058 3188 spoliatus
3107 3115 3268 3172 fuerit
3313 3116 3739 3187 quemadmodum

2185 3221 2374 3281 pater,
2419 3217 2475 3264 et
2503 3217 2650 3263 tanto
2677 3217 2915 3279 tempore
2962 3209 3078 3264 sine
3106 3207 3290 3262 liberis
3327 3207 3603 3262 manserit?
3626 3204 3739 3274 Quid

2188 3317 2350 3373 porro
2374 3301 2538 3356 Jacob
2583 3301 2636 3355 in
2659 3301 2843 3370 patriis
2888 3299 3090 3355 :edibus
3120 3299 3383 3354 educatus
3403 3340 3418 3364 ,
3451 3313 3618 3353 nonne
3641 3311 3742 3366 gra-

2185 3393 2331 3447 viora
2353 3406 2509 3462 quam
2541 3405 2675 3446 avus
2701 3405 2984 3461 perpessus
3003 3389 3124 3444 est?
3154 3391 3232 3442 Ae
3257 3405 3326 3444 ne
3342 3389 3560 3460 singulis
3582 3403 3741 3442 recen-

2189 3483 2378 3539 sendis
2426 3482 2766 3554 prolixiorem
2796 3481 3078 3536 reddamus
3125 3481 3467 3545 orationem,
3494 3479 3610 3533 audi
3635 3475 3745 3547 quid

2187 3575 2254 3630 de
2299 3584 2404 3629 tota
2448 3575 2554 3630 vita
2579 3589 2673 3630 sua
2701 3572 3070 3628 dicatzPauci
3113 3581 3160 3626 et
3200 3573 3324 3626 ntali
3369 3573 3476 3626 dies
3522 3571 3745 3634 meimei:

2194 3668 2501 3737 pertigerunt
2554 3667 2622 3720 ad
2675 3667 2781 3720 dies
2832 3675 3032 3735 patrum
3077 3681 3299 3718 meorum
3356 3664 3518 3736 (Ibid.
3548 3664 3630 3716 47.
3677 3660 3746 3730 9).

2194 3760 2479 3814 Enimvero
2517 3759 2560 3812 si
2592 3758 2709 3828 quis
2737 3757 2902 3810 lilium
2931 3757 3264 3825 conspiceret
3304 3755 3360 3810 in
3392 3756 3543 3825 regio
3577 3754 3746 3808 throno

2189 3849 2458 3904 sedentem
2489 3889 2506 3916 ,
2551 3857 2606 3903 et
2649 3857 2791 3902 tanta
2817 3847 3079 3902 fruentem
3118 3847 3284 3916 gloria
3325 3862 3506 3901 annon
3546 3851 3746 3915 prater-

2195 3942 2387 3996 itarum
2455 3939 2815 3995 calamitatum
2881 3938 3290 3993 oblivisceretur
3337 3937 3362 3990 ?
3445 3945 3612 3991 tamen
3674 3933 3750 3986 ille

2191 4033 2245 4087 in
2303 4039 2506 4085 tantum
2559 4039 2677 4086 erat
2718 4029 2874 4084 malis
2922 4037 3223 4084 maceratus
3253 4068 3270 4094 ,
3319 4037 3382 4084 ut
3431 4043 3498 4083 ne
3548 4028 3599 4081 in
3627 4031 3751 4080 tanta

2189 4121 2402 4190 quidem
2464 4120 2814 4191 prosperitate
2892 4119 3122 4190 potuerit
3197 4128 3565 4174 anteactorum
3644 4128 3744 4170 ma-

2191 4212 2364 4267 lorum
2415 4211 2677 4267 oblivisci.
2710 4211 2848 4280 Quid
2897 4221 3076 4265 autem
3121 4207 3333 4264 David?
3365 4209 3535 4277 Quam
3580 4206 3751 4261 multas

2196 4301 2448 4358 sustinuit
2489 4301 2820 4370 tragtndias?
2859 4301 3052 4357 Annon
3079 4299 3264 4355 eadem
3284 4299 3418 4355 dicit
3444 4315 3562 4370 qua:
3585 4295 3746 4360 Iacob,

2193 4397 2332 4450 hunc
2359 4395 2411 4449 in
2466 4394 2682 4450 modum
2732 4393 2988 4464 loquens?
3016 4389 3140 4446 Die:
3191 4409 3444 4446 annorum
3492 4399 3750 4445 nostrorum

2192 4486 2246 4540 in
2269 4486 2391 4556 ipsis
2419 4488 2739 4556 septuaginta
2787 4485 2906 4540 anni
2954 4485 3046 4538 ε.ςὶ
3084 4494 3255 4538 autem
3301 4484 3353 4537 in
3403 4479 3748 4554 potentatibus,

2198 4577 2451 4646 octoginta
2479 4577 2602 4630 anni
2621 4618 2634 4640 ,
2663 4585 2711 4630 et
2739 4576 2873 4647 quod
2898 4576 3118 4646 amplius
3139 4575 3344 4628 illorum
3373 4575 3517 4628 labor
3543 4588 3600 4626 ac
3617 4567 3750 4622 dolor

2195 4663 2367 4736 (Psal.
2404 4667 2493 4722 89.
2537 4667 2650 4733 i0).
2679 4667 2816 4734 Quid
2861 4682 2989 4721 vero
3057 4665 3360 4720 Jeremias?
3399 4664 3584 4718 Nonne
3625 4660 3747 4715 diem

2195 4771 2306 4814 sua:
2333 4758 2623 4812 nativitatis
2648 4766 2975 4823 exsecratur,
3001 4757 3072 4812 ob
3095 4756 3249 4810 malis
3289 4752 3622 4810 succedentia
3657 4763 3746 4803 ma~

2196 4842 2402 4916 la(Jer.
2450 4848 2710 4919 20.14)?
2757 4847 2892 4914 Quid
2935 4855 3113 4903 autem
3165 4847 3337 4902 Moses
3380 4846 3548 4917 ipse?
3584 4841 3747 4896 Nonne

2194 4945 2428 4997 animum
2453 4943 2788 5014 despondeas
2838 4945 2912 5003 ait
2939 4984 2953 5007 ,
2988 4943 3172 4997 Occide
3221 4960 3300 4997 me
3325 4985 3339 5004 ,
3387 4943 3433 4996 si
3482 4943 3553 4996 sic
3579 4951 3747 4994 mecm

2193 5042 2397 5086 acturus
2443 5042 2513 5087 est
2552 5033 2742 5102 (Num.
2773 5036 2858 5089 il.
2893 5035 3019 5104 l5)?
3045 5033 3224 5088 Helias
3250 5049 3396 5100 vero,
3429 5032 3577 5101 cujus
3603 5026 3743 5082 animi

2201 5122 2500 5183 sublimitas
2532 5124 2598 5178 ad
2625 5124 2815 5198 caelum
2845 5139 3011 5194 usque
3043 5123 3368 5193 pertingebat
3389 5161 3407 5189 ,
3453 5122 3541 5191 qui
3578 5116 3769 5174 caelum

2198 5213 2437 5283 clausit,
2482 5231 2656 5270 annon
2711 5223 2831 5285 post
2883 5215 3044 5270 multa
3097 5215 3238 5269 edita
3290 5214 3524 5285 prodigia
3571 5208 3743 5278 jugilel’

2201 5311 2523 5366 lamentatur
2552 5309 2622 5362 ita
2669 5308 2894 5378 loquens
2924 5308 3070 5362 Deo:
3105 5307 3244 5360 Tolle
3291 5307 3507 5360 animam
3547 5313 3690 5354 meas:
3713 5311 3741 5346 ι

2201 5417 2440 5455 memon
2465 5416 2576 5455 sum
2629 5399 2804 5453 melior
2831 5397 3059 5468 patribus
3093 5398 3216 5451 meis
3265 5399 3338 5466 (5.
3385 5395 3510 5464 Reg.
3546 5392 3622 5446 19.
3649 5386 3738 5450 ‘l?

2205 5490 2305 5546 Sed
2334 5505 2584 5560 quorsum
2637 5491 2825 5543 attinet
2851 5490 2950 5543 ista
2977 5489 3278 5558 singulatim
3327 5479 3733 5556 persequiH’aIt-

2208 5588 2288 5635 lus
2317 5597 2501 5636 omnes
2530 5581 2684 5639 simul
2726 5578 3034 5651 contplcxus
3063 5579 3135 5634 sic
3165 5579 3288 5634 dicit
3323 5595 3334 5630 :
3363 5573 3657 5630 Circuierunt
3693 5567 3735 5616 in
