4046 6146
353 246 487 301 1005

344 362 456 418 ἀπὸ
485 361 587 445 τῆς
619 361 971 430 ἀνεξικακίας
994 363 1365 440 ὠφελούμενοι
1393 368 1486 424 τοῦ
1517 371 1678 439 Θεοῦ,
1710 372 1931 445 μείζονα

346 443 622 499 ὑποστῶσι
649 444 750 515 τὴν
790 449 1061 520 τιμωρίαν
1105 450 1194 503 διὰ
1232 451 1333 522 τὴν
1365 452 1505 523 ἀγαν
1537 443 1721 510 αὐτῶν
1759 472 1931 511 κατα-

345 528 625 600 φρόνησιν.
655 526 717 582 Εἰ
763 530 821 583 δέ
854 530 999 599 λέγοι
1029 550 1113 596 τις
1145 533 1257 588 τῶν
1300 530 1359 589 εὖ
1394 536 1614 590 εἰδότων
1648 539 1730 593 ὅτι
1761 540 1811 592 οἰ
1842 556 1933 593 κο-

343 609 633 686 λαζόμενοι
672 610 1069 683 ὲπηρεάζονται
1098 616 1378 687 (ἠδύναντο
1408 617 1519 690 γάρ
1548 621 1928 692 μετανοῆσαι),

343 697 521 749 ἐκεῖνο
567 694 634 749 ἂν
684 696 955 768 εἴποιμεν,
986 698 1070 753 ὅτι
1125 701 1176 755 εἰ
1217 701 1439 773 προῄδει
1496 704 1930 775 μετανοήσοντας

342 777 540 841 αὐτοὺς
582 778 611 831 ό
651 778 804 843 Θεὸς,
833 780 936 834 οὐκ
977 781 1044 836 ἂν
1077 779 1352 837 ἐκόλασεν.
1383 784 1446 837 Εἰ
1493 785 1603 857 γάρ
1640 785 1733 850 οὓς
1786 783 1928 841 οἶδεν

342 859 704 931 άδιορθὼτους
749 861 1031 933 μένοντας,
1068 864 1218 936 ὅμως
1261 866 1474 937 ἀφίησι,
1514 868 1696 941 πολλῷ
1727 870 1929 941 μᾶλλον

340 945 436 1010 οὓς
470 944 587 1017 ᾔδει
634 946 1028 1018 κερδανοῦντας
1072 948 1179 1003 ἀπὸ
1213 949 1313 1021 τῆς
1346 950 1512 1005 αὐτοῦ
1548 953 1930 1025 μακροθυμίας

340 1028 525 1083 εἴασεν
547 1028 642 1093 ¹ἀν
667 1030 725 1083 ἐν
773 1028 839 1103 τῇ
874 1030 1124 1106 παρούσῃ
1151 1031 1286 1105 ζωῇ,
1312 1031 1453 1088 ὥστε
1483 1034 1793 1092 ἀπολαῦσαι
1830 1038 1931 1109 τῆς

344 1109 687 1184 προθεσμίας
726 1113 807 1178 εἰς
841 1115 1151 1186 μετάνοιαν.
1192 1116 1333 1171 Νυνὶ
1368 1116 1426 1171 δέ
1485 1118 1927 1193 προαναρπάζων

340 1197 560 1261 αὐτοὺς,
591 1197 866 1261 κάκείνοις
921 1197 1260 1271 κουφοτέραν
1300 1198 1399 1271 τὴν
1440 1202 1559 1256 ἐκεῖ
1588 1202 1743 1275 δίκην
1790 1202 1927 1257 καθ-

343 1276 553 1351 ίστησι,
590 1281 685 1334 καὶ
736 1280 961 1344 τούτους
1014 1284 1493 1355 σωφρονεστέρους
1541 1288 1661 1350 ταῖς
1701 1286 1929 1341 ἐκείνων

339 1364 635 1437 τιμωρίαις
679 1366 1098 1438 κατεργάζεται.
1143 1367 1256 1421 Kal
1296 1367 1442 1433 τίνος
1482 1368 1669 1423 ἐνεκεν
1697 1370 1797 1423 οὐκ
1831 1372 1925 1424 ἐπὶ⁵

341 1450 561 1503 πάντων
610 1448 769 1504 τοῦτο
806 1453 951 1504 ποιεί
998 1450 1109 1506 τῶν
1166 1451 1459 1523 πονηρῶν;
1500 1452 1619 1507 Ἵνα
1654 1451 1734 1525 τῷ
1773 1452 1928 1526 φόϐῳ

340 1535 435 1587 καὶ
466 1535 587 1597 ταῖς
630 1532 831 1603 ἐτέρων
861 1532 1155 1606 τιμωρίαις
1201 1534 1455 1604 μένοντες
1496 1536 1925 1609 σωφρονέστεροι

338 1616 631 1687 γένωνται.
667 1618 761 1671 καὶ
809 1617 908 1689 τὴν
957 1617 1341 1690 μακροθυμίαν
1394 1619 1783 1686 ἐπαινέσαντες
1828 1619 1925 1675 τοῦ

337 1700 473 1754 Θεοῦ
514 1700 611 1754 κα)⁸
648 1700 750 1771 τὴν
783 1700 1085 1754 ἐπιείκειαν
1125 1700 1485 1767 αἰδεσθέντες,
1516 1703 1619 1774 τῆς
1656 1703 1927 1775 πονηρίας

337 1784 671 1839 ἀποστῶσιν.
707 1782 847 1837 Ἀλλ’
871 1784 1024 1839 οὐδὲν
1050 1783 1258 1837 τούτων
1286 1783 1520 1851 ποιοῦσι,
1555 1785 1739 1857 φησίν.
1781 1786 1922 1840 Ἀλλ’

334 1867 435 1940 οὐχ
471 1870 500 1922 ό
525 1867 659 1931 Θεὸς
701 1868 876 1931 αίτιος
920 1867 1129 1934 λοιπὸν,
1171 1867 1288 1922 ἀλλ’
1334 1869 1367 1941 ἡ
1411 1869 1634 1924 ἐκείνων
1681 1868 1923 1942 ῥᾳθυμία

339 1951 416 2024 μὴ
444 1952 811 2023 βουληθέντων
836 1951 1112 2017 τοσούτοις
1140 1952 1453 2025 φαρμάκοις
1478 1954 1559 2018 εἰς
1587 1952 1685 2025 τὴν
1717 1954 1924 2009 οἰκείαν

336 2034 754 2107 ἀποχρήσασθαι
777 2034 1073 2107 σωτηρίαν.
1105 2034 1211 2089 Καὶ
1240 2036 1328 2090 ῐνα
1358 2034 1537 2107 μάθῃς
1552 2035 1636 2089 ὅτι
1656 2035 1746 2089 διά
1765 2035 1925 2090 τοῦτο

334 2118 497 2172 τοῦτο
525 2121 689 2181 ποιεῖ,
714 2118 952 2190 πρόσεχε
975 2125 1019 2173 ⁸.
1052 2116 1247 2189 ’Ἑμιξέ
1269 2135 1400 2172 ποτε
1431 2119 1494 2172 τὸ
1517 2112 1658 2189 αἷμα
1680 2117 1791 2173 τῶν
1816 2118 1922 2173 Γα-

335 2200 559 2256 λιλαίων
595 2203 624 2255 ό
657 2201 891 2266 Πιλᾶτος
922 2200 1061 2273 μετὰ
1087 2201 1197 2255 τῶν
1223 2200 1449 2266 θυσιῶν,
1482 2201 1577 2278 καὶ
1599 2201 1924 2275 προσελθόν-

333 2304 428 2351 τες
460 2287 605 2351 τινὲς
630 2286 974 2357 ἀπήγγειλαν
990 2284 1068 2357 τῷ
1087 2285 1310 2358 Χριστῷ
1334 2285 1467 2339 αὐτὸ
1487 2284 1645 2340 τοῦτο
1664 2303 1677 2318 ο
1711 2286 1807 2340 καὶ
1836 2286 1924 2340 λέ-

335 2386 422 2438 γει
438 2386 451 2401 ’
488 2370 553 2425 Τί
574 2369 806 2425 δοκεῖτε
821 2368 911 2423 ὅτι
936 2368 1155 2424 ἐκεῖνοι
1181 2373 1234 2424 οἰ
1249 2370 1566 2424 Γαλιλαῖοι
1585 2370 1924 2439 ἀμαρτωλοί

328 2453 504 2525 μόνοι
534 2450 698 2525 ἦσαν
715 2471 735 2518 ;
758 2453 927 2523 Οὐχὶ,
962 2451 1117 2524 λέγω
1154 2453 1299 2523 ὑμῖν
1318 2470 1332 2485 ’
1369 2454 1510 2508 ἀλλ’
1529 2491 1546 2516 ,
1573 2453 1683 2509 ἐὰν
1704 2453 1791 2523 μὴ
1816 2471 1924 2523 με·

335 2538 695 2606 τανοήσητε,
720 2538 819 2592 καί
850 2536 1020 2607 ὑμεῖς
1051 2537 1268 2607 ὁμοίως
1293 2536 1644 2592 ἀπολεῖσθε.
1693 2536 1865 2593 Πάλιν
1891 2540 1921 2581 b

332 2621 513 2694 ἒτεροι
534 2621 667 2676 δέκα
696 2622 789 2675 καί⁵
821 2619 967 2674 ὀκτὼ
1004 2618 1432 2692 κατεχώσθησαν
1459 2620 1564 2674 ὑπὸ
1604 2620 1818 2693 πύργου
1840 2640 1922 2676 τι-

332 2705 424 2769 νός
446 2721 459 2734 ·
493 2704 588 2759 καὶ
636 2704 766 2776 περί
812 2704 1040 2758 ἐκείνων
1078 2703 1148 2757 τὰ
1189 2701 1331 2757 αὐτά
1359 2699 1481 2757 εἷπε
1505 2719 1519 2733 ·
1581 2702 1660 2775 τῷ
1689 2706 1787 2776 μέν
1812 2706 1921 2779 γάρ

333 2789 529 2853 εἰπεῖν,
560 2786 628 2841 Τι
654 2787 883 2842 δοκεῖτε
906 2786 995 2841 ὅτι
1023 2786 1241 2841 ἐκεῖνοι
1267 2785 1605 2856 ἀμαρτωλοί
1632 2786 1798 2857 ἦσαν
1820 2789 1923 2858 μό.

330 2887 477 2936 νονς
499 2871 657 2953 οὐχὶ,
685 2870 868 2953 -λέγω
908 2871 1085 2942 ὑμῖν
1129 2871 1332 2939 ἔδειξεν
1388 2873 1471 2926 ὅτι
1499 2873 1593 2926 καὶ
1633 2874 1683 2926 οἱ
1718 2871 1921 2938 ζῶντες

330 2954 442 3009 τῶν
473 2951 654 3009 αὐτῶν
680 2951 821 3026 ἦσαν
849 2954 1170 3009 ὑπεύθυνοι·
1202 2955 1282 3027 τῷ
1308 2955 1366 3009 δὲ
1399 2957 1572 3009 εἰπεῖν
1598 2995 1613 3019 ,
1650 2955 1732 3008 ὅτι
1777 2955 1920 3009 Ἐὰν

326 3038 414 3109 μὴ
430 3037 868 3109 μετανοήσητε.
901 3039 1000 3094 καὶ
1038 3038 1209 3110 ὑμεῖς
1240 3039 1525 3105 ὡσαύτως
1567 3038 1916 3104 ἀπολεῖσθε,

330 3123 534 3188 ἔδειξεν
568 3123 650 3177 ὅτι
676 3123 951 3186 κάκείνοις
990 3121 1335 3195 συνεχώρησε
1365 3120 1454 3176 διὰ
1479 3121 1639 3175 τοῦτο
1687 3121 1916 3185 παθεῖν.

332 3205 423 3260 ἵνα
449 3208 496 3259 οἰ
524 3204 727 3272 ζῶντες
759 3208 826 3259 ἐκ
851 3205 957 3260 τῶν
979 3205 1188 3278 ἑτέροις
1226 3202 1551 3275 συμϐάντων
1586 3203 1920 3274 φοϐηθέντες

332 3289 429 3342 καὶ
463 3290 928 3360 μετανοήσαντες,
959 3286 1235 3358 βασιλείας
1265 3285 1594 3358 κληρονόμοι
1630 3285 1913 3354 γένωνται.

332 3371 399 3424 Τί
427 3368 520 3427 οὖν
542 3415 556 3427 .
592 3373 679 3426 ἴνα
706 3372 954 3443 γένωμαι
978 3370 1090 3440 ἐγὼ
1111 3370 1338 3442 βελτίων
1369 3372 1579 3435 ἐκεῖνος
1612 3367 1917 3435 κολάζεται;

333 3456 501 3527 φησίν
526 3472 541 3521 ;
580 3456 654 3512 Οὐ
676 3454 765 3507 διά
786 3454 965 3521 τοῦτο,
996 3454 1132 3508 ἀλλά
1156 3453 1449 3517 κολάζεται
1481 3452 1582 3524 μὲν
1605 3451 1694 3505 διά
1716 3452 1815 3523 τὴν
1836 3453 1917 3506 οἰ-

332 3540 487 3594 κείαν
518 3538 792 3610 ἁμαρτίαν
810 3554 825 3570 ⁸
854 3537 1066 3607 γίνεται
1093 3536 1150 3591 δὲ
1178 3538 1243 3592 ἐκ
1265 3536 1582 3608 περιουσίας
1603 3538 1715 3599 τοῖς
1744 3554 1916 3608 προσ-

332 3625 518 3694 έχουσι
552 3621 824 3695 σωτηρίας
847 3621 1105 3684 ὑπόθεσις
1122 3660 1139 3686 ,
1166 3620 1244 3692 τῷ
1283 3621 1434 3691 φόϐῳ
1466 3618 1576 3674 τῶν
1601 3618 1749 3690 αὐτῷ
1775 3636 1917 3691 συμ-

332 3706 545 3761 ϐάντων
575 3706 1028 3777 σπουδαιοτέρους
1054 3704 1252 3768 αὐτοὺς
1292 3704 1485 3758 ποιῶν.
1532 3700 1688 3756 Οὕτω
1714 3702 1811 3755 καὶ
1830 3702 1917 3755 δε-

335 3790 530 3844 σπόται
557 3788 805 3844 ποιοῦσιν
824 3807 839 3821 ο
870 3789 969 3843 ἕνα
999 3787 1260 3851 πολλάκις
1302 3784 1749 3858 μαστιγώσαντες
1771 3785 1918 3838 οἰκέ-

331 3889 450 3944 την,
480 3873 607 3937 τοὺς
619 3872 841 3937 λοιποὺς
860 3871 1336 3944 σωφρονεστέρους
1362 3869 1629 3940 ἐποίησαν
1643 3868 1721 3940 τῷ
1744 3869 1913 3939 φόϐῳ.

335 3957 503 4010 Ὅταν
529 3952 623 4010 οὖν
643 3956 759 4029 ίδῃς
777 3955 931 4019 τινάς
959 3956 993 4027 ἢ
1020 3955 1269 4026 ναυαγίῳ
1298 3953 1720 4026 περιπεσόντας,
1749 3953 1782 4024 ἢ
1813 3952 1918 4005 ὐπὸ

330 4040 511 4105 οἰκίας
544 4039 1029 4111 καταχωσθέντας,
1055 4039 1088 4111 ἢ
1123 4038 1227 4092 ὑπὸ
1249 4036 1586 4110 ἐμπρησμοῦ
1633 4036 1918 4107 παραπολ-

330 4123 618 4195 λυμένους,
639 4124 673 4196 ἢ
698 4124 804 4177 ὑπὸ
829 4123 1094 4193 ποταμῶν
1115 4122 1558 4194 παρασυρέντας,
1582 4120 1616 4192 ἢ
1639 4119 1786 4193 ἄλλῳ
1808 4121 1917 4174 τινὶ

328 4208 518 4279 τρόπῳ
537 4207 765 4279 τοιούτῳ
794 4206 956 4276 βιαίῳ
982 4206 1080 4278 τὴν
1124 4205 1270 4277 ζωὴν
1316 4202 1750 4268 καταλύσαντας,
1795 4199 1917 4257 εἶτα

328 4291 551 4363 ἐτέρους
573 4289 642 4344 τά
663 4289 805 4344 αὐτά
840 4289 1023 4352 αὐτοῖς
1050 4289 1086 4360 ἢ
1116 4289 1211 4342 καὶ
1235 4287 1304 4343 τά
1333 4288 1553 4360 χείρονα
1575 4287 1917 4361 ἁμαρτάνον-

326 4391 449 4439 τας,
475 4372 573 4427 καὶ
602 4372 769 4444 μηδὲν
792 4372 1067 4435 παθόντας
1092 4369 1360 4437 τοιοῦτον,
1398 4372 1474 4443 μὴ
1503 4370 1812 4443 θορυϐηθῇς
1835 4368 1918 4423 λέ-

326 4473 464 4529 γων’
490 4455 557 4509 Τί
605 4455 809 4527 δήποτε
838 4455 907 4509 τά
931 4454 1071 4509 αὐτά
1116 4453 1549 4526 ἁμαρτάνοντες,
1576 4453 1638 4506 οὐ
1670 4454 1739 4507 τά
1777 4452 1918 4507 αὐτά

326 4540 705 4607 πεπόνθασιν;
735 4539 872 4594 άλλά
897 4538 1054 4594 τοῦτο
1083 4537 1324 4607 λογίζου,
1363 4538 1447 4591 ὅτι
1480 4536 1573 4593 τὸν
1606 4536 1705 4608 μὲν
1732 4536 1916 4591 εἴασεν

327 4625 680 4699 ἀναιρεθῆναι
702 4625 798 4678 καὶ
820 4621 1214 4692 ἀποπνιγῆναι,
1238 4618 1599 4693 ήμερωτέραν
1633 4618 1784 4691 αὐτῷ
1808 4636 1914 4673 πα-

330 4708 683 4782 ρασκευάζων
708 4718 732 4747 ο
758 4708 858 4779 τὴν
880 4708 1000 4761 ἐκεῖ
1020 4704 1317 4776 τιμωρίαν,
1345 4703 1379 4775 ἢ
1407 4704 1503 4757 καὶ
1531 4701 1718 4756 τέλεον
1747 4704 1911 4757 αὐτὸν

326 4794 713 4851 ἀπαλλάττων·
741 4790 930 4845 τοῦτον
958 4790 1016 4844 δέ
1045 4788 1198 4843 οὐδὲν
1221 4786 1400 4859 ἀφῆκε
1419 4784 1660 4841 τοιοῦτον
1694 4786 1907 4855 παθεῖν,

324 4884 414 4932 ἵνα
448 4880 514 4949 τῇ
540 4875 733 4930 τούτου
760 4873 1004 4946 τιμωρίᾳ
1044 4870 1467 4943 σωφρονισθείς,
1509 4869 1911 4942 ἐπιεικέστερος

329 4962 554 5033 γένηται
572 4977 586 4992 ο
617 4959 685 5014 ἂν
711 4958 770 5012 δέ
798 4956 1036 5029 ἐπιμένῃ
1058 4957 1171 5018 τοῖς
1205 4956 1390 5018 αὐτοῖς
1414 4996 1429 5020 ,
1473 4952 1913 5024 ἀπαραμύθητον

324 5044 506 5116 ἐαυτῷ
537 5044 692 5116 παρά
742 5045 856 5106 τοῖς
883 5040 1080 5095 ἐαυτοῦ
1121 5037 1274 5112 [749]
1323 5038 1598 5111 ῥᾳθυμίας
1647 5036 1913 5106 σωρεύσει

327 5128 422 5200 τὴν
450 5127 724 5199 τιμωρίαν
742 5141 757 5155 ⁸
786 5124 883 5179 καὶ
931 5126 961 5176 0
991 5123 1123 5186 Θεὸς
1155 5121 1256 5175 οὐκ
1284 5122 1456 5186 αἴτιος
1502 5121 1604 5192 τῆς
1632 5121 1911 5192 ἀφορήτου

325 5212 621 5274 κολάσεως.
679 5207 846 5263 Πάλιν
903 5206 970 5261 ἂν
1002 5205 1117 5278 ίδῃς
1163 5205 1372 5259 δίκαιον
1410 5204 1748 5275 θλιϐόμενον,
1780 5203 1813 5274 ἢ
1846 5202 1914 5258 τά

324 5293 703 5369 προειρημένα
726 5291 944 5346 ἅπαντα
973 5289 1275 5360 πάσχοντα,
1306 5287 1383 5362 μὴ
1421 5287 1743 5361 καταπέσῃς
1764 5303 1778 5316 ⁸
1816 5285 1912 5340 καὶ

321 5383 433 5451 γάρ
458 5377 698 5447 κάκείνῳ
729 5373 1147 5447 λαμπροτέρους
1176 5375 1305 5437 τοὺς
1348 5372 1645 5443 στεφάνους
1682 5372 1912 5444 ἐργάζε-

386 5547 411 5577 α
439 5541 811 5594 ῐῐοόσεγεᾶοεει
831 5540 878 5590 in
900 5540 1095 5590 duobus
1113 5554 1230 5591 mss.

381 5608 412 5650 b
439 5602 539 5658 Alii
556 5602 637 5654 καὶ
654 5604 785 5665 ὑμεῖς
801 5605 861 5652 τά
880 5604 1000 5652 αὐτὰ
1019 5602 1363 5662 ὐποστήσεσθε,
1384 5603 1537 5651 πάλιν.

386 5675 410 5702 (⁵
436 5671 533 5719 Alii
554 5674 607 5715 et
628 5664 773 5715 εθνιι.
804 5666 853 5713 in
872 5680 1025 5727 marg.
1051 5664 1435 5719 κατασκευάζων.

388 5733 414 5774 ὀ
445 5735 483 5781 Α
509 5733 539 5783 1i
563 5729 706 5778 δεινά·
736 5729 815 5777 καὶ
836 5730 922 5786 γὰρ
946 5727 1148 5788 τιμωρία
1166 5732 1316 5787 πᾶσα,
1342 5727 1397 5774 ἀν
1421 5728 1519 5789 μέν.

1545 255 1635 315 DE
1673 258 1952 316 τηλιιο
1993 260 2244 320 CONCIO
2283 262 2371 321 Ill.

3485 263 3622 322 ιροι

2037 394 2127 431 ται
2158 378 2227 432 τά
2253 376 2423 432 δεινά.
2448 376 2559 431 Kal
2589 376 2777 443 ἅπλῶς
2801 381 2952 435 πᾶσα
2974 380 3216 445 κόλασις,
3245 380 3313 436 ἀν
3340 381 3439 452 μὲν
3458 380 3487 420 α
3522 384 3618 439 ἐπι

2036 460 2378 533 ἁμαρτωλῶν
2400 460 2642 532 γίνηται,
2693 463 3056 536 ὑποτέμνεται
3106 466 3169 520 τὸ
3191 466 3294 537 τῆς
3343 466 3620 538 ἁμαρτίας

2035 543 2255 615 φορτίον
2273 561 2287 575 ο
2310 543 2377 598 ἂν
2397 544 2454 598 δὲ
2476 545 2570 598 ἐπὶ
2594 545 2841 613 δικαίων,
2867 547 3231 620 φαιδροτέραν
3248 548 3429 602 αὐτῶν
3450 550 3625 620 ἐργά-

2032 626 2187 691 ζεται
2215 627 2315 699 τὴν
2347 626 2547 700 ψυχὴν,
2579 629 2674 684 καὶ
2711 628 2965 701 μέγιστον
3016 631 3303 703 ἑκατέροις
3337 630 3399 684 τὸ
3427 630 3620 703 κέρδος

2032 710 2141 764 ἀπὸ
2164 711 2264 781 τῆς
2315 710 2549 781 θλίψεως
2606 713 2915 782 συμϐαίνει,
2966 713 3130 785 μόνον
3154 714 3251 768 ἐάν
3278 714 3620 786 εὐχαρίστως

2032 793 2323 865 φέρωμενο
2353 792 2511 849 τοῦτο
2542 794 2653 867 γάρ
2681 797 2797 850 ἐστι
2817 795 2880 850 τὸ
2911 795 3267 868 ζητούμενον.

2103 924 2169 982 θ’.
2190 925 2290 979 Διά
2318 925 2475 980 τοῦτο
2500 928 2709 998 μυρίων
2739 929 2996 984 τοιούτων
3026 931 3491 1003 παραδειγμάτων
3515 935 3617 1004 τῆς

2031 1004 2183 1070 θείας
2210 1007 2435 1079 Γραφῆς
2459 1011 2491 1080 ἡ
2526 1010 2737 1082 ἱστορία
2774 1022 2798 1051 ο
2820 1013 3231 1085 ἐμπέπλησται,
3250 1017 3345 1069 καὶ
3372 1015 3618 1082 δικαίους

2029 1090 2123 1143 καί
2146 1091 2415 1163 πονηροὺς
2451 1092 2639 1157 κακῶς
2681 1094 2993 1167 πάσχοντας
3041 1098 3177 1165 ἡμῖν
3214 1096 3612 1162 ὑποδείκνυσιν,

2030 1172 2120 1226 ἵνα
2146 1172 2211 1227 ἄν
2234 1190 2292 1227 τε
2317 1173 2525 1239 δίκαιος
2608 1191 2714 1239 τις,
2739 1174 2806 1229 άν
2839 1194 2899 1230 τε
2958 1178 3306 1251 ἁμαρτωλὸς,
3362 1181 3502 1252 ἔχων
3547 1183 3616 1237 τὰ

2030 1256 2425 1327 ὑποδείγματα,
2462 1258 2603 1331 φέρῃ
2640 1259 2925 1328 γενναίως.
2957 1261 3030 1314 Οὐ
3068 1261 3376 1334 πάσχοντας
3413 1265 3470 1319 δὲ
3511 1283 3614 1320 κα-

2027 1338 2143 1403 κῶς
2170 1338 2351 1410 μόνον,
2379 1339 2517 1393 ἀλλά
2544 1342 2639 1394 καὶ
2673 1341 3088 1413 εὐπραγοῦντάς
3119 1361 3201 1398 σοι
3238 1345 3475 1400 δείκνυσι
3518 1365 3616 1402 που

2027 1423 2247 1494 νηρούς,
2274 1422 2360 1475 ἵνα
2394 1422 2469 1495 μὴ
2495 1425 2616 1487 ταῖς
2657 1424 2881 1478 ἐκείνων
2908 1424 3238 1498 εὐπραγίαις
3284 1429 3613 1502 θορυϐηθῇς,

2031 1503 2219 1583 μαθὼν
2255 1506 2365 1559 ἀπὸ
2394 1506 2502 1560 τῶν
2541 1506 2619 1578 τῷ
2656 1507 2897 1577 πλουσίῳ
2934 1509 3111 1579 τούτῳ
3160 1510 3614 1583 συμϐεϐηκότων,

2027 1582 2138 1641 οἷον
2164 1588 2364 1653 αὐτοὺς
2399 1589 2538 1660 μετά
2576 1589 2750 1644 ταῦτα
2785 1591 2935 1661 μένει
2966 1591 3028 1645 τὸ
3072 1591 3205 1666 πῦρ,
3235 1594 3284 1646 εἰ
3333 1582 3411 1666 μὴ
3445 1611 3613 1665 μετα-

2028 1669 2280 1740 ϐληθεῖεν
2317 1671 2365 1723 ί.
2393 1672 2504 1726 Kal
2528 1673 2628 1727 οὐκ
2647 1673 2784 1735 ἔστι,
2819 1674 2975 1745 φησί,
3003 1674 3098 1727 καὶ
3121 1675 3358 1731 ἐνταῦθα
3385 1679 3481 1731 καὶ
3501 1679 3618 1733 ἐκεῖ

2030 1753 2267 1819 ἀνέσεως
2296 1754 2632 1824 ἀπολαύεινς
2670 1757 2784 1810 Οὐκ
2806 1756 2944 1812 ἐστι.

2097 1893 2199 1949 Διά
2228 1893 2389 1949 τοῦτο
2413 1895 2652 1951 ἐνταῦθα
2672 1897 2721 1951 οί
2740 1895 2940 1951 δίκαιοι
2967 1896 3060 1951 τὸν
3088 1897 3348 1951 ἐπίπονον
3378 1898 3618 1954 ἐϐίωσαν

2032 1975 2167 2046 βίον.
2206 1977 2271 2031 Τί
2301 1973 2427 2043 οὖν,
2482 1980 2667 2051 φησὶν,
2702 1982 2731 2034 0
2769 1979 3054 2051 Ἀϐραάμς
3098 1981 3208 2035 Καὶ
3245 1981 3331 2045 τίς
3377 1981 3617 2038 τοσαῦτα

2025 2060 2196 2114 ἔπαθε
2223 2061 2405 2129 δεινάς
2429 2063 2549 2133 οὐχὶ
2581 2064 2681 2135 τῆς
2704 2065 2965 2136 πατρίδος
2999 2065 3296 2132 ἐξέπεσενς
3341 2066 3465 2138 οὐχὶ
3504 2067 3616 2121 τῶν

2024 2144 2244 2198 οἰκείων
2273 2144 2547 2217 ἐχωρίσθη
2570 2146 2824 2212 πάντων;
2857 2147 2958 2200 οὐκ
2987 2148 3045 2200 ἐν
3068 2147 3328 2220 ἀλλοτρίᾳ
3355 2152 3424 2220 γῇ
3457 2149 3617 2221 λιμὸν

2026 2226 2350 2298 ὑπέμεινεν;
2379 2228 2522 2298 οὐχὶ,
2559 2228 2813 2301 καθάπερ
2864 2229 3092 2302 ἀλήτης,
3130 2231 3371 2303 συνεχῶς
3415 2249 3614 2303 μετανα-

2027 2309 2215 2364 ίστατο
2234 2354 2248 2376 ,
2278 2311 2395 2365 ἀπὸ
2427 2311 2744 2377 Βαϐυλῶνος
2773 2315 2854 2377 εἰς
2878 2314 3331 2388 Μεσοποταμίαν,
3360 2317 3617 2372 κάκεῖθεν

2023 2395 2106 2458 εἰς
2133 2395 2523 2465 Παλαιστίνην,
2556 2391 2675 2449 εἶτα
2696 2395 2949 2450 ἐντεῦθεν
2974 2398 3056 2461 εἰς
3092 2397 3408 2467 Δίγυπτον;
3442 2398 3508 2452 Τί
3548 2400 3616 2455 ἄν

2021 2493 2106 2541 τις
2138 2478 2284 2532 εἴποι
2311 2478 2439 2541 τοὺς
2460 2478 2563 2548 τῆς
2583 2476 2867 2547 γυναικὸς,
2890 2480 3017 2542 τοὺς
3044 2479 3155 2533 τῶν
3186 2480 3479 2553 βαρϐάρων
3512 2497 3614 2535 πο-

2023 2557 2222 2630 λέμους
2251 2560 2348 2614 καὶ
2379 2561 2595 2630 σφαγάς
2614 2576 2629 2625 ;
2646 2561 2745 2632 τὴν
2766 2559 3147 2631 αἰχμαλωσίαν
3172 2563 3272 2632 τῆς
3292 2562 3387 2615 τοῦ
3418 2579 3615 2631 συγγε-

2023 2640 2147 2705 νοῦς
2184 2642 2389 2708 οίκίας;
2422 2642 2593 2713 μυρία
2618 2642 2782 2714 ’ἑτερα
2812 2642 3075 2710 τοιαῦτα;
3109 2644 3239 2699 Ὅτε
3276 2644 3335 2697 δὲ
3377 2646 3473 2699 καὶ
3519 2645 3615 2700 τὸν

2022 2724 2137 2777 υίὸν
2169 2723 2382 2791 ἐλαϐεν,
2411 2726 2473 2779 οὐ
2508 2725 2577 2779 τά
2612 2726 2830 2781 πάντων
2876 2726 3153 2798 ἀνήκεστα
3197 2727 3484 2799 ὑπέμεινε,
3519 2728 3614 2782 τὸν

2022 2806 2173 2877 αὐτῷ
2202 2807 2453 2861 ποθεινὸν
2468 2809 2561 2862 καὶ
2582 2809 2886 2880 ἐπέραστον
2908 2811 3030 2873 ταῖς
3046 2810 3214 2863 αὐτοῦ
3237 2810 3435 2879 σφάξαι
3455 2813 3615 2883 χερσὶ

2021 2890 2406 2962 κελευόμενος;
2435 2892 2502 2945 Τί
2532 2891 2590 2946 δέ
2617 2892 2825 2956 αὐτὸςὸ
2848 2894 3209 2961 σφαγιασθεὶς
3244 2894 3464 2961 Ἰσαάκ;
3491 2895 3617 2966 οὐχὶ

2024 2972 2291 3027 πάντοθεν
2321 2973 2584 3042 ἠλαύνετο
2614 2976 2765 3047 παρὰ
2796 2973 2908 3029 τῶν
2947 2976 3164 3048 ὁμόρων
3205 2978 3469 3048 συνεχῶς,
3517 2980 3617 3033 καὶ

2020 3056 2120 3129 τὴν
2151 3059 2384 3126 γυναῖκα
2410 3058 2684 3130 ἀφῃρέθη,
2719 3057 2972 3130 καθάπερ
3002 3059 3142 3113 καὶὸ
3168 3059 3373 3132 πατὴρ,
3417 3061 3513 3114 καὶ
3550 3063 3611 3114 ἐν

2021 3140 2253 3213 ἀπαιδίᾳ
2282 3140 2538 3195 τοσοῦτον
2564 3141 2804 3213 διέμεινε
2834 3142 3028 3215 χρόνον
3048 3159 3064 3209 ;
3088 3142 3233 3196 Τίδέ
3258 3145 3288 3196 0
3324 3137 3542 3209 Ἰακὼϐ,
3579 3144 3613 3197 0

2019 3223 2078 3276 ἐν
2098 3222 2247 3294 οἰκίᾳ
2272 3224 2525 3295 τραφεὶς,
2557 3225 2681 3294 οὐχί
2716 3224 2811 3279 τοῦ
2845 3225 3073 3278 πάππου
3109 3222 3467 3297 χαλεπώτερα
3507 3226 3613 3279 ὐπ-

2020 3303 2202 3376 έμεινε
2218 3304 2353 3371 ςΚαὶ
2376 3306 2464 3360 ἵνα
2488 3306 2564 3378 μὴ
2582 3303 2759 3360 πάντα
2778 3305 3179 3376 καταλέγοντες
3204 3306 3421 3380 μακρὸν
3442 3306 3612 3361 ποιῶ-

2023 3405 2123 3460 μεν
2160 3388 2250 3444 τὸν
2296 3388 2476 3459 λόγον,
2536 3390 2767 3445 ἄκουσον
2820 3389 2873 3444 τί
2902 3408 3037 3463 φησι
3086 3392 3216 3463 περὶ
3260 3391 3361 3461 τῆς
3388 3392 3611 3463 ἀπάσης

2018 3472 2186 3527 αὐτοῦ
2217 3472 2395 3545 ζωῆςη
2426 3473 2639 3542 Μικραὶ
2672 3473 2773 3527 καί
2815 3475 3074 3543 πονηραὶ
3132 3477 3193 3528 al
3226 3474 3441 3543 ἡμέραι
3464 3492 3607 3544 μου,

2018 3555 2118 3609 καί
2142 3557 2254 3611 οὐκ
2303 3556 2596 3627 ἀφίκοντο
2632 3558 2722 3625 εἰς
2748 3558 2858 3623 τὰς
2896 3558 3119 3628 ἡμέρας
3169 3559 3290 3612 τῶν
3333 3558 3611 3628 πατέρων

2012 3656 2154 3709 μου.
2190 3639 2386 3693 Καίτοι
2411 3639 2495 3704 τίς
2523 3637 2646 3693 ἰδὼν
2677 3641 2792 3694 υἱὸν
2819 3641 2914 3694 ἐπὶ
2938 3641 3129 3713 θρόνου
3160 3641 3445 3712 βασιλικοῦ
3473 3641 3609 3695 καθ-

2017 3724 2222 3794 ήμενον
2251 3724 2345 3776 καὶ
2371 3722 2645 3796 τοσαύτης
2677 3725 3019 3779 ἀπολαύοντα
3046 3724 3227 3794 δόξης,
3256 3727 3359 3779 οὐκ
3406 3724 3473 3779 ἂν
3509 3727 3609 3779 ἐπ-

2017 3805 2220 3878 ελήσθη
2234 3805 2345 3859 τῶν
2363 3806 2753 3878 παρελθουσῶν
2772 3826 2835 3862 συ
2843 3809 3098 3881 μφορῶν;
3135 3808 3275 3862 Ἀλλ’
3291 3810 3450 3881 ὅμωςΔ
3464 3809 3608 3861 ἐκεῖ·

2016 3876 2108 3952 νος
2130 3887 2303 3952 οὕτως
2331 3884 2401 3960 ἦν
2425 3876 2916 3963 τεταριχευμένος,
2945 3876 3022 3955 ῶς
3064 3893 3199 3963 μηδέ
3238 3894 3298 3945 ἐν
3328 3876 3606 3964 εὐημερίᾳ

2015 3972 2255 4045 τοσαύτῃ
2276 3972 2630 4028 ἐπιλαθέσθαι
2662 3974 2771 4027 τῶν
2802 3974 3186 4045 γεγενημένων
3203 3974 3414 4028 δεινῶν,
3457 3974 3523 4026 Τί
3548 3972 3605 4025 δέ

2015 4059 2044 4111 ό
2082 4059 2284 4122 Δαυῖδ;
2314 4058 2489 4121 πόσας
2516 4058 2777 4129 ὑπέμεινε
2809 4058 3156 4130 τραγῳδίας;
3185 4059 3306 4128 οὐχὶ
3353 4057 3423 4111 τά
3464 4056 3605 4111 αὐτά

2016 4139 2166 4213 αὐτῷ
2211 4140 2305 4195 καί⁵
2353 4133 2511 4205 οὗτος
2558 4142 2854 4212 φθέγγεται
2902 4140 3108 4210 λέγων⁸
3137 4144 3208 4197 Αἱ
3246 4140 3457 4210 ἡμέραι
3487 4139 3606 4194 τῶν

2015 4221 2168 4278 ἐτῶν
2190 4222 2363 4293 ἡμῶν
2391 4224 2462 4278 έν
2487 4222 2694 4290 αὐτοῖς
2720 4222 3131 4293 ἐϐδομήκοντα
3155 4224 3262 4293 ἔτη
3280 4239 3294 4253 ο
3322 4222 3431 4277 ἐὰν
3448 4221 3518 4275 δὲ
3537 4222 3606 4276 ἐν

2015 4306 2422 4374 δυναστείαις,
2437 4306 2807 4378 ὀγδοήκοντα
2825 4308 2953 4375 ἐτη,
2970 4305 3149 4360 καὶτὸ
3172 4306 3385 4360 πλεῖον
3406 4304 3607 4360 αὐτῶν

2016 4391 2206 4456 κόπος
2230 4390 2329 4445 καὶ
2371 4392 2600 4457 πόνος;
2631 4389 2697 4443 Τί
2724 4389 2783 4444 δὲ
2808 4392 2837 4443 ό
2864 4389 3167 4462 Ἰερεμίας;
3214 4389 3336 4459 ούχί
3382 4388 3478 4442 καὶ
3503 4387 3606 4459 τὴν

2015 4472 2230 4544 ἡμέραν
2245 4471 2412 4527 αὐτοῦ
2430 4473 2528 4543 τῆς
2544 4473 2854 4544 γεννήσεως
2882 4473 3191 4543 καταρᾶται
3227 4471 3318 4525 διά
3336 4470 3408 4525 τὰ
3432 4469 3606 4524 ἐπάλ-

2014 4554 2156 4627 ληλα
2186 4556 2365 4624 δεινάς
2396 4556 2462 4609 Τί
2487 4557 2546 4610 δέ
2571 4557 2600 4610 ὁ
2627 4557 2869 4627 Μωῦσῆς
2892 4574 2908 4623 ;
2934 4556 3056 4627 οὐχὶ
3084 4557 3181 4610 καὶ
3212 4555 3375 4620 αὐτὸς
3401 4557 3605 4624 ἀπαγο-

2018 4638 2190 4711 ρεύων
2216 4641 2403 4711 φησὶν,
2447 4641 2834 4695 Ἀπόκτεινόν
2851 4657 2950 4711 με,
2971 4642 3023 4694 ει
3049 4639 3204 4694 οὕτω
3227 4657 3332 4709 μοι
3352 4639 3605 4709 μέλλεις

2013 4722 2211 4777 ποιεῖν
2221 4740 2241 4789 ;
2277 4724 2335 4777 '0
2372 4722 2431 4777 δὲ
2474 4722 2682 4788 Ἠλίας,
2711 4725 2745 4795 ή
2770 4725 3157 4796 οὐρανομήκης
3183 4722 3352 4794 ψυχὴ,
3389 4719 3543 4794 [750]
3572 4721 3602 4774 0

2013 4807 2107 4863 τὸν
2138 4807 2370 4880 οὐρανὸν
2400 4806 2754 4872 ἀποκλείσας,
2781 4808 2843 4861 οὐ
2877 4807 3016 4878 μετά
3035 4806 3105 4861 τά
3131 4805 3302 4860 πολλὰ
3345 4804 3601 4875 θαύματα

2015 4889 2232 4963 θρηνῶν
2250 4891 2479 4945 διετέλει
2512 4891 2648 4961 πρὸς
2669 4891 2762 4945 τὸν
2789 4891 2955 4956 Θεὸν,
3006 4891 3185 4959 λέγων
3204 4930 3220 4956 ,
3272 4885 3452 4959 Ἆρον
3485 4887 3601 4957 τὴν

2013 4974 2229 5044 ψυχήν
2240 4993 2361 5044 μου
2379 4976 2482 5030 ἀπ’
2501 4974 2670 5045 ἐμοῦ,
2691 4975 2783 5029 ὅτι
2797 4977 2910 5029 οὐκ
2929 4975 3045 5045 εἰμὶ
3061 4973 3328 5039 βελτίων
3349 4970 3468 5027 τῶν
3488 4984 3601 5027 πα-

2013 5057 2201 5127 τέρων
2222 5075 2343 5127 μου
2373 5060 2426 5124 ⁶;
2464 5058 2576 5112 Kal
2618 5058 2670 5111 τί
2700 5057 2805 5129 χρὴ
2841 5056 3047 5112 τούτων
3079 5055 3310 5110 ἕκαστον
3352 5055 3596 5122 ἐπιέναις

2015 5142 2230 5205 Πάντας
2252 5140 2362 5214 γὰρ
2391 5141 2590 5205 αὐτοὺς
2613 5141 2750 5212 δμοῦ
2776 5141 3057 5196 συλλαϐὼν
3086 5142 3115 5193 0
3138 5137 3349 5201 Παῦλος
3376 5137 3597 5204 διέξεισι

2013 5222 2213 5294 λέγων·
2252 5222 2589 5293 Περιῆλθον
2607 5224 2679 5278 ἐν
2699 5223 3028 5294 μηλωταῖς,
3061 5222 3134 5276 έν
3182 5221 3430 5291 αἰγείοις
3463 5218 3598 5291 δέρο

2008 5326 2220 5379 μασιν,
2238 5308 2688 5377 ὑστερούμενοι,
2716 5307 3075 5377 θλιϐόμενοι,
3102 5304 3596 5373 κακουχούμενοι,

2011 5384 2100 5447 ὧν
2121 5394 2235 5448 οὐκ
2262 5387 2343 5463 ἦν
2362 5390 2535 5458 ἄξιος
2563 5392 2597 5445 ὁ
2624 5391 2873 5459 κόσμος.
2906 5390 3017 5445 Kal
3041 5388 3224 5454 άπλῶς
3249 5389 3402 5443 πᾶσα
3429 5386 3598 5457 ἀνάγ-

2083 5607 2105 5666 ῗ
2128 5601 2222 5654 Alii
2242 5605 2271 5660 ἡ
2296 5603 2390 5650 τῶν
2409 5602 2548 5666 θείων,
2560 5604 2748 5666 γραφῶν
2766 5606 2863 5652 ἰστ.

2088 5663 2106 5701 τ
2139 5668 2252 5714 Post
2273 5661 2600 5724 μεταϐληθεῐῶ
2625 5661 2706 5714 aiii
2724 5666 2906 5714 addunt
2932 5661 3155 5714 ἐντεῦθεν.

2086 5728 2110 5766 ⁸
2135 5726 2277 5778 Alius
2300 5724 2494 5790 βελτίων
2517 5727 2632 5778 ὐπὲο
2657 5727 2763 5782 τοὺς
2784 5728 2986 5785 πατέρας
3004 5742 3113 5784 μου.
