4046 6146
360 290 496 346 10θὸ

358 411 553 467 metatis
577 450 593 476 ,
638 412 691 461 in
719 408 930 478 pellibus
957 406 1179 477 caprinis
1207 415 1425 478 egentes,
1473 405 1641 476 afﬂicti
1672 446 1688 471 ,
1718 406 1933 462 calami-

362 505 457 556 tosi
479 545 494 565 ,
523 501 703 571 quibus
734 501 919 569 dignus
962 515 1064 553 non
1102 507 1210 552 erat
1252 497 1469 551 mundus
1498 496 1681 566 (Hebr.
1714 500 1798 553 11.
1828 499 1942 569 57).

358 595 581 649 Prorsus
624 593 693 645 ita
718 602 938 647 necesse
966 599 1050 645 est
1077 605 1221 656 eum,
1249 589 1338 659 qui
1387 589 1600 657 placere
1648 590 1779 643 velit
1802 589 1937 658 Deo,

357 687 443 757 qui
498 685 754 755 probatus
800 698 865 737 ac
928 696 1095 752 purus
1148 696 1269 736 esse
1313 681 1476 746 velit,
1530 680 1942 751 haudquaquam

357 776 550 833 sectari
580 776 743 831 vitam
778 773 993 829 mollem
1015 813 1029 839 ,
1073 772 1352 827 remissam
1380 787 1442 826 ac
1468 771 1816 839 dissolutam,
1848 770 1943 826 sed

357 869 676 924 laboriosam
704 910 720 933 ,
750 866 1033 934 multisque
1055 865 1338 919 sudoribus
1365 864 1593 933 plenam.
1619 863 1943 931 Audiipsum

358 963 628 1017 dicentem
647 978 658 1014 :
676 960 866 1013 Nullus
890 967 1181 1025 coronatur,
1204 958 1302 1010 nisi
1329 958 1413 1027 qui
1446 956 1659 1027 legitime
1686 956 1944 1009 certaverit

362 1052 437 1126 (Ξ.
476 1052 605 1106 Tim.
656 1051 710 1104 2.
743 1052 822 1119 5).
871 1050 939 1103 Ει
977 1049 1143 1102 alibi:
1172 1048 1408 1117 Quisquis
1450 1056 1615 1100 autent
1662 1054 1859 1112 certat,
1890 1046 1944 1098 in

356 1145 586 1198 omnibus
607 1145 868 1198 continens
896 1153 968 1196 est
992 1185 1006 1208 ,
1038 1151 1083 1195 et
1112 1142 1165 1194 in
1190 1142 1349 1195 verbis
1373 1182 1389 1207 ,
1422 1151 1469 1193 et
1517 1141 1569 1193 in
1600 1149 1807 1209 aspectu
1834 1181 1849 1205 ,
1896 1148 1944 1193 et

354 1236 407 1290 in
447 1252 566 1290 uoce
592 1276 608 1302 ,
641 1245 689 1289 et
716 1253 748 1287 α
796 1235 1032 1289 conviciis
1084 1243 1410 1303 temperans,
1457 1242 1504 1285 et
1550 1249 1581 1284 a
1631 1231 1944 1301 blasphemia

351 1339 403 1383 et
448 1347 480 1383 a
511 1329 819 1400 turpiloquio
845 1327 922 1400 (1.
956 1327 1077 1382 Cor.
1106 1326 1159 1381 9.
1187 1326 1301 1397 25).
1332 1326 1465 1380 Hinc
1498 1324 1806 1389 ediscimus,
1835 1323 1938 1379 etsi

352 1421 577 1475 tentatio
598 1436 701 1474 non
738 1419 868 1473 foris
898 1418 1143 1485 infestet,
1169 1420 1377 1487 seipsos
1405 1432 1659 1472 exercere
1688 1426 1942 1487 Oportere

353 1511 675 1582 quotidianis
698 1510 939 1580 jejuniis,
969 1524 1265 1579 aSperaque
1292 1508 1396 1563 vita
1428 1549 1444 1576 ,
1494 1508 1584 1562 vili
1613 1509 1732 1563 cibo
1758 1550 1772 1575 ,
1797 1509 1941 1563 tenui

354 1619 571 1668 mensa,
613 1604 809 1673 ubique
849 1602 1085 1658 vitantes
1114 1611 1359 1672 sumptus
1408 1600 1739 1670 magnificos.
1771 1600 1942 1655 Aliter

354 1711 460 1751 non
500 1705 675 1765 potest
700 1696 821 1765 quis
845 1695 1055 1765 placere
1088 1695 1218 1749 Deo.
1252 1694 1434 1765 Neque
1465 1695 1606 1749 enim
1655 1694 1786 1748 mihi
1833 1693 1937 1749 friv

358 1788 541 1860 gidum
596 1787 726 1841 illud
781 1787 980 1841 dictum
1026 1786 1283 1857 objecerit
1318 1786 1610 1857 quispiam,
1658 1786 1799 1856 quod
1856 1785 1941 1840 hic

354 1890 445 1934 aut
491 1879 582 1933 ille
632 1878 791 1932 simul
840 1878 1035 1932 habeat
1073 1886 1128 1933 et
1180 1877 1339 1945 hujus
1369 1876 1493 1931 vita:
1537 1884 1593 1930 et
1631 1876 1773 1930 illius
1801 1890 1946 1930 com-

355 1970 535 2024 moda.
586 1968 700 2023 Iloc
742 1970 795 2023 in
822 1968 1074 2023 divitibus
1098 2008 1113 2033 ,
1164 1982 1227 2022 ac
1266 1967 1470 2022 deliciis
1508 1966 1806 2022 fruentibus
1865 1966 1939 2020 si-

356 2062 571 2131 mulque
637 2060 978 2130 peccantibus
1030 2059 1275 2115 accidere
1327 2074 1661 2128 nequaquam
1712 2066 1936 2128 potest:

356 2167 540 2206 verum
588 2153 633 2205 si
664 2152 804 2205 istud
831 2150 1113 2206 dicendum
1141 2158 1254 2215 est,
1282 2149 1349 2205 de
1376 2151 1442 2205 iis
1470 2150 1560 2219 qui
1591 2150 1677 2204 hic
1702 2150 1946 2218 atfligun-

358 2250 444 2295 tur
488 2242 593 2296 diei
660 2250 878 2311 potest,
941 2242 1032 2312 qui
1082 2245 1269 2296 vivunt
1317 2240 1372 2295 in
1411 2241 1740 2310 angoribus,
1793 2240 1941 2295 vide—

358 2332 480 2387 licet
521 2331 663 2400 quod
719 2331 807 2386 hic
830 2340 884 2386 et
912 2331 1028 2386 haec
1052 2343 1107 2386 et
1147 2332 1241 2386 illa
1290 2330 1544 2387 habeant.
1589 2332 1702 2386 Illic
1749 2330 1945 2384 habent

359 2423 562 2492 prtemii
593 2423 818 2477 fructum
850 2440 864 2476 :
892 2422 981 2477 hic
1007 2422 1243 2490 habent,
1265 2422 1408 2493 quod
1430 2422 1644 2476 illorum
1670 2437 1767 2491 spe
1793 2422 1944 2475 alan-

358 2525 488 2582 tur,
522 2531 620 2570 nec
657 2516 890 2570 sentiant
942 2516 1081 2570 mala
1137 2515 1465 2585 praesentia,
1517 2513 1586 2568 ob
1641 2512 1943 2568 futurorum

359 2609 622 2663 bonorum
665 2606 1141 2677 exspectationem.
1189 2605 1295 2661 Sed
1346 2604 1624 2658 audiamus
1661 2614 1715 2660 et
1738 2603 1945 2674 reliqua

358 2716 477 2771 qum
506 2710 803 2771 sequuntur
831 2716 844 2752 :
878 2700 1050 2769 Super
1093 2702 1203 2753 ha'c
1232 2698 1402 2752 omnia
1439 2713 1553 2751 vero
1582 2698 1737 2750 chaos
1768 2697 1945 2767 ingens

358 2791 688 2859 conﬁrmatus
742 2800 815 2845 est
869 2791 1001 2845 inter
1055 2806 1147 2844 nos
1197 2798 1245 2843 et
1296 2805 1382 2843 vos
1436 2786 1615 2862 (Luc.
1668 2787 1753 2842 16.
1806 2788 1943 2858 26).

360 2883 526 2939 [lecte
557 2883 734 2953 itaque
777 2882 913 2937 dixit
959 2880 1123 2936 David
1149 2921 1164 2948 ,
1216 2878 1404 2933 Frater
1451 2895 1552 2932 non
1593 2879 1813 2945 redimit,
1844 2893 1947 2930 non

359 2975 498 3028 dabit
521 2973 630 3029 Deo
652 2974 987 3044 placationem
1012 2988 1158 3027 suam
1186 2970 1357 3044 (Psal.
1400 2970 1487 3025 48.
1518 2970 1598 3041 8).

431 3064 711 3118 Parentum
756 3063 978 3134 probitas
1023 3080 1127 3117 non
1173 3064 1376 3131 prodest
1417 3061 1660 3131 improba:
1704 3058 1950 3129 proli.—

358 3156 475 3212 Non
518 3157 662 3211 enim
709 3155 824 3210 ﬁeri
871 3163 1065 3225 potest,
1111 3154 1212 3209 etsi
1255 3154 1440 3218 frater,
1482 3153 1582 3208 etsi
1630 3161 1798 3221 pater,
1845 3151 1945 3207 etsi

360 3248 503 3303 filius
530 3247 707 3303 fuerit.
739 3247 873 3302 Vide
903 3260 1131 3315 namque
1161 3244 1467 3299 :Abraham
1496 3243 1781 3313 appellavit
1806 3242 1949 3296 divi-

360 3350 466 3395 tem
497 3339 662 3393 ﬁlium
686 3379 700 3404 ,
730 3352 830 3392 nec
861 3347 1038 3391 tamen
1067 3337 1137 3390 illi
1165 3344 1421 3405 praestare
1454 3335 1642 3404 potuit,
1675 3350 1794 3405 qua:
1824 3344 1948 3387 sunt

359 3429 547 3500 patris.
597 3429 755 3482 Dives
783 3437 989 3497 patrem
1019 3427 1307 3497 appellavit
1332 3426 1602 3480 Abraham
1627 3467 1642 3493 ,
1692 3434 1747 3480 et
1787 3440 1945 3494 quam

357 3528 781 3575 consentaneum
821 3528 938 3573 erat
977 3519 1124 3573 illum
1167 3520 1455 3588 impetrare
1497 3518 1943 3581 benevolentiam,

358 3628 517 3682 quam
551 3621 728 3681 patres
756 3619 949 3681 gerunt
978 3611 1030 3664 in
1061 3610 1221 3677 filios,
1257 3625 1361 3664 non
1392 3610 1563 3680 potuit
1596 3627 1609 3663 :
1644 3611 1715 3663 uti
1747 3624 1948 3678 cogno-

361 3718 481 3757 scas
528 3702 667 3772 quod
701 3717 873 3772 neque
920 3702 1204 3771 cognatio,
1247 3717 1419 3771 neque
1459 3700 1689 3755 amicitia
1714 3742 1729 3768 ,
1776 3715 1949 3769 neque

360 3794 582 3848 affectus
606 3834 620 3855 ,
664 3808 835 3863 neque
878 3793 980 3847 alia
1012 3808 1099 3847 res
1137 3793 1238 3846 ulla
1271 3808 1339 3846 ex
1372 3791 1622 3847 omnibus
1651 3807 1770 3861 qua:
1800 3800 1944 3859 sunt,

356 3884 544 3955 juvare
566 3892 739 3953 potest
763 3898 906 3950 eum,
939 3884 1026 3954 qui
1068 3898 1099 3937 a
1141 3898 1235 3938 sua
1263 3884 1428 3954 ipsius
1450 3884 1555 3938 vita
1582 3883 1818 3953 proditus
1841 3893 1945 3938 est.

434 3976 519 4030 l0.
563 3976 691 4031 Ilaec
731 3967 910 4031 autem
940 3991 1007 4031 eo
1049 3975 1171 4032 dico
1195 4019 1211 4045 ,
1242 3977 1385 4047 quod
1426 3978 1726 4047 complures
1749 4017 1763 4042 ,
1796 3977 1950 4032 nobis

362 4067 672 4137 frequenter
700 4068 1111 4123 admonentibus
1134 4077 1193 4123 ut
1220 4068 1321 4124 sibi
1351 4077 1580 4125 caveant
1604 4069 1948 4139 vigilemque,

361 4160 636 4228 negligunt
665 4169 720 4214 et
752 4160 1171 4215 admonitionem
1200 4168 1412 4215 vertunt
1443 4161 1495 4214 in
1526 4160 1712 4215 risum.
1739 4160 1820 4215 Tu
1849 4159 1953 4213 mi-

366 4251 442 4317 hi,
472 4251 755 4320 inquiunt,
803 4252 945 4307 adsis
970 4252 1025 4305 in
1072 4253 1162 4306 illo
1191 4252 1295 4319 die,
1336 4261 1390 4307 et
1416 4254 1560 4309 bono
1603 4268 1720 4309 sum
1748 4253 1948 4321 animo,

364 4357 541 4412 neque
566 4342 852 4412 quidquam
884 4352 1084 4397 metuo.
1130 4343 1361 4398 Rursum
1393 4345 1528 4399 alius
1557 4361 1570 4397 :
1602 4354 1833 4415 patrem,
1866 4345 1952 4399 in-

364 4434 503 4504 quit,
530 4432 699 4486 habeo
720 4442 1028 4505 martyrem.
1060 4434 1124 4487 Et
1151 4434 1287 4488 alius
1312 4452 1326 4489 :
1354 4449 1531 4502 avum,
1560 4435 1751 4505 inquit,
1782 4435 1953 4489 habeo

1565 287 1651 345 DE
1706 289 1984 350 LAZARO
2020 292 2268 351 CONCIO
2298 294 2385 351 IV.

3504 316 3640 371 1006

2047 410 2375 480 episcopum.
2432 411 2532 466 Alii
2560 427 2669 468 suae
2699 412 2915 471 familia:
2943 416 3077 473 alios
3106 422 3392 492 objiciunt.
3417 423 3634 497 Frigida

2052 509 2177 554 sunt
2220 502 2318 555 ista
2347 503 2531 567 verba,
2566 503 2696 559 nihil
2743 505 2897 562 nobis
2926 508 3150 563 aliorum
3183 510 3348 565 virtus
3377 519 3643 586 prodesse

2052 592 2269 645 valebit.
2324 592 2594 649 Memento
2643 597 2903 667 virginum
2949 600 3194 667 illarum,
3242 617 3359 672 qure
3402 604 3638 674 quinque

2048 682 2341 751 virginibus
2389 700 2494 738 non
2543 689 3005 743 communicarunt
3048 691 3226 744 oleum
3251 734 3266 756 ,
3298 693 3393 747 scd
3434 696 3514 748 lue
3548 696 3633 748 in-

2047 788 2243 843 gressa:
2270 784 2393 829 sunt
2422 776 2473 829 in
2505 779 2683 845 Sponsi
2717 779 3005 834 thalamum
3033 823 3049 849 ,
3101 782 3205 836 illa:
3236 794 3359 837 sunt
3401 786 3636 841 exclusa:

2049 861 2261 936 (Matth.
2292 864 2409 935 25).
2441 866 2635 936 Ingens
2667 867 2861 923 bonum
2888 911 2902 933 ,
2935 871 2985 925 in
3020 872 3121 925 tuis
3152 873 3317 942 ipsius
3344 875 3635 931 benefactis

2046 954 2313 1010 collocare
2358 972 2506 1025 Spem
2556 958 2761 1012 salutis.
2816 961 2928 1016 Illic
2974 964 3115 1017 enim
3166 966 3339 1018 nullus
3382 981 3633 1036 umquam

2046 1046 2249 1099 amicus
2277 1047 2380 1100 erit
2426 1046 2646 1104 auxilio.
2680 1049 2811 1103 Nam
2843 1051 2888 1105 si
2921 1052 3005 1105 hic
3034 1053 3169 1108 dixit
3198 1054 3449 1110 Dominus
3476 1058 3632 1111 Jere-

2049 1137 2167 1191 mia:
2199 1155 2211 1191 :
2248 1136 2330 1191 Ne
2353 1156 2497 1207 roges
2540 1158 2631 1210 pro
2661 1143 2849 1211 populo
2876 1145 2970 1197 hoc
2995 1144 3141 1217 (λεν.
3174 1148 3226 1201 7.
3258 1148 3323 1203 16
3347 1144 3509 1219 ),hic.
3554 1151 3630 1203 iu-

2046 1243 2241 1297 quam,
2289 1229 2377 1284 ubi
2426 1230 2478 1284 in
2530 1240 2793 1299 potestate
2842 1220 3023 1288 nostra
3072 1245 3156 1291 est
3198 1238 3357 1291 vitam
3405 1250 3630 1306 mutare,

2045 1331 2245 1391 quanto
2280 1322 2449 1391 magis
2494 1322 2633 1377 idem
2664 1323 2873 1379 dicetur
2917 1326 3071 1380 illic?
3100 1328 3236 1395 Quid
3266 1330 3390 1384 ais?
3420 1331 3630 1386 Patrem

2047 1412 2211 1468 habes
2243 1414 2579 1485 martyrem?
2627 1415 2769 1469 Istud
2799 1416 2970 1485 ipsum
2999 1419 3173 1486 potius
3215 1419 3372 1474 faciet
3399 1421 3463 1474 ad
3505 1437 3632 1492 gra-

2045 1503 2248 1558 viorem
2297 1505 2370 1558 tui
2417 1504 2956 1575 condemnationem,
3003 1509 3124 1579 qui,
3170 1525 3291 1564 cum
3325 1511 3521 1566 habeas
3566 1514 3634 1569 ad

2045 1597 2298 1651 virtutem
2326 1598 2576 1667 exempla
2605 1597 2895 1653 domestica
2922 1640 2938 1665 ,
2972 1609 3146 1654 tamen
3191 1608 3243 1655 te
3290 1604 3462 1671 ipsum
3493 1604 3632 1658 indi-

2045 1704 2209 1759 gnum
2259 1690 2519 1758 majorum
2564 1700 2772 1745 tuorum
2818 1692 3011 1747 virtute
3054 1693 3387 1763 prmstiteris.
3435 1693 3631 1750 Verum

2048 1781 2215 1838 habes
2245 1783 2474 1837 amicum
2506 1784 2775 1853 egregium
2805 1784 3306 1856 admirandamque.
3341 1788 3407 1841 At
3437 1804 3503 1843 ne
3536 1790 3634 1844 iste

2044 1875 2261 1943 quidem
2289 1883 2414 1928 tunc
2439 1875 2531 1929 tibi
2559 1884 2641 1929 est
2661 1875 2962 1929 adfuturus.
2990 1876 3271 1944 Quomodo
3296 1878 3454 1949 igitur
3476 1879 3629 1934 dicit:

2047 1963 2226 2019 Facite
2256 1964 2391 2019 vobis
2417 1966 2605 2019 amicos
2634 1982 2697 2019 ea:
2736 1983 2971 2020 utuinona
3021 1967 3335 2036 iniquitatis,
3388 1978 3474 2033 ut,
3517 1986 3631 2022 cum

2047 2058 2329 2130 defeceritis
2350 2100 2363 2121 ,
2410 2058 2657 2129 recipiant
2686 2075 2771 2113 vos
2814 2059 2867 2113 in
2914 2070 3103 2113 interna
3144 2061 3433 2115 habitacula
3461 2061 3481 2134 (
3508 2060 3633 2117 Luc.

2048 2151 2135 2204 16.
2165 2149 2223 2219 9)
2249 2148 2271 2189 9
2297 2148 2412 2203 Non
2440 2148 2529 2203 hic
2554 2158 2635 2203 est
2665 2150 2899 2204 amicitia
2930 2150 3257 2219 opitulatrix,
3285 2152 3378 2207 sed
3406 2154 3635 2207 eleemo-

2046 2255 2198 2311 syna.
2229 2240 2439 2294 Etenim
2467 2239 2512 2293 si
2539 2240 2653 2294 sola
2684 2241 3029 2295 auxiliaretur
3053 2241 3281 2295 amicitia
3303 2284 3318 2307 ,
3348 2241 3631 2297 dicendum

2049 2342 2251 2387 tantum
2279 2343 2413 2397 erat,
2448 2333 2605 2388 facite
2631 2334 2783 2388 vobis
2810 2334 3013 2389 amicos
3044 2352 3057 2389 :
3086 2349 3225 2388 nunc
3252 2342 3428 2388 autem
3455 2343 3635 2389 osten-

2048 2425 2180 2479 dens
2210 2423 2351 2495 quod
2381 2439 2486 2477 non
2529 2424 2643 2477 sola
2675 2423 2957 2478 subveniat
3001 2424 3230 2478 amicitia
3257 2467 3271 2491 ,
3303 2424 3543 2487 addidit,
3574 2443 3635 2479 ea:

2048 2530 2284 2567 mamona
2333 2514 2634 2582 iniquitatis.
2662 2514 2738 2567 Ac
2764 2512 2989 2568 fortasse
3036 2512 3231 2568 dixerit
3257 2514 3447 2583 aliquis
3473 2533 3485 2568 :
3512 2531 3634 2584 pos-

2047 2625 2165 2664 sum
2210 2616 2264 2663 et
2306 2607 2507 2677 absque
2540 2612 2787 2660 mamon'a
2842 2606 3129 2660 conciliare
3178 2606 3407 2660 amicum
3434 2648 3449 2673 ,
3480 2622 3635 2661 eum-

2048 2717 2152 2771 que
2183 2701 2460 2755 meliorem
2510 2715 2670 2770 quam
2699 2716 2765 2753 ex
2816 2714 3089 2753 mamona.
3122 2699 3318 2754 Verum
3351 2699 3425 2753 uti
3469 2701 3635 2755 scires

2048 2791 2190 2862 quod
2234 2790 2575 2862 eleemosyna
2623 2798 2741 2854 est,
2789 2805 2908 2860 quze
2952 2788 3353 2859 patrocinatur,
3397 2806 3636 2861 opusque

2051 2892 2198 2939 tuum
2230 2900 2242 2935 :
2275 2896 2379 2935 non
2405 2880 2722 2950 simpliciter
2748 2879 2799 2934 in
2826 2889 3131 2934 sanctorum
3160 2881 3431 2947 amicitiis,
3460 2883 3552 2937 sed
3584 2883 3635 2937 in

2049 2972 2297 3029 amicitiis
2337 2988 2429 3041 per
2482 2986 2784 3025 mamonam
2831 2974 2995 3041 partis
3037 2973 3195 3040 jussit
3238 2982 3289 3027 te
3341 2974 3630 3034 conlidere.

2049 3067 2175 3121 Hice
2199 3066 2358 3136 igitur
2382 3064 2560 3119 omnia
2590 3078 2712 3117 cum
2740 3063 2994 3126 sciamus,
3024 3063 3286 3117 carissimi
3312 3105 3327 3129 ,
3358 3065 3501 3118 omni
3533 3068 3637 3118 sol-

2053 3157 2325 3213 licitudine
2347 3156 2739 3226 prospiciamus
2761 3154 2914 3209 nobis
2941 3154 3089 3225 ipsis,
3113 3163 3167 3209 et
3188 3156 3300 3209 sive
3321 3158 3639 3226 corripimur

2048 3249 2248 3319 gratias
2274 3262 2495 3318 agamus
2520 3288 2533 3312 ,
2580 3247 2693 3301 sive
2738 3246 3091 3316 prosperitate
3133 3246 3357 3300 fruimur
3378 3290 3393 3313 ,
3427 3249 3637 3302 munia-

2051 3358 2172 3398 mus
2200 3357 2296 3397 uos
2325 3342 2489 3411 ipsos,
2522 3341 2858 3409 aliorumque
2886 3340 3156 3408 suppliciis
3188 3340 3309 3395 facti
3336 3340 3640 3411 castigatio-

2053 3450 2162 3500 res,
2188 3449 2282 3504 per
2312 3433 2675 3503 paenitentiam
2707 3440 2761 3485 et
2784 3430 3275 3501 compunctionem,
3307 3432 3639 3485 continuam-

2052 3541 2155 3596 que
2180 3525 2570 3580 confessionem
2598 3523 2797 3593 gratias
2825 3537 3074 3591 agamus,
3108 3530 3161 3575 et
3184 3521 3228 3574 si
3257 3521 3382 3591 quid
3409 3522 3638 3591 deliqui-

2052 3632 2170 3671 mus
2224 3616 2276 3669 in
2331 3615 2431 3669 hac
2478 3618 2583 3668 vita
2613 3655 2628 3680 ,
2680 3611 3047 3682 deponentes,
3098 3627 3415 3682 summoque
3463 3612 3638 3667 studio

2052 3706 2276 3762 maculis
2327 3705 2574 3759 omnibus
2624 3704 2921 3757 animarum
2990 3710 3295 3756 nostrarum
3348 3702 3637 3768 abstersis,

2052 3796 2398 3853 Obsecremus
2457 3794 2663 3859 Deum,
2712 3802 2769 3847 ut
2833 3791 3083 3847 omnibus
3152 3791 3277 3847 hinc
3327 3792 3637 3862 cmigranti-

2053 3890 2152 3945 bus
2199 3889 2271 3944 ita
2310 3887 2572 3942 concedat
2620 3887 2745 3941 illuc
2785 3885 3086 3955 pervenire,
3127 3892 3187 3938 ut
3230 3900 3337 3938 non
3365 3887 3638 3940 veniamus

2054 3981 2107 4036 in
2156 3988 2356 4035 sortem
2404 3976 2605 4040 divitis,
2648 3975 2740 4029 sed
2785 3990 2907 4028 cum
2956 3973 3158 4027 Lazaro
3206 3973 3469 4043 potiamur
3514 3974 3630 4027 sinu

2054 4070 2410 4141 patriarcha},
2456 4067 2619 4137 inque
2664 4064 2819 4119 bonis
2869 4062 3257 4117 immortalibus
3304 4061 3633 4117 deliciemur.

2055 4162 2183 4231 Qua:
2214 4161 2369 4216 nobis
2399 4158 2648 4213 omnibus
2674 4155 2882 4224 assequi
2912 4153 3219 4223 contingat,
3263 4153 3429 4223 gratia
3456 4168 3521 4208 ac
3548 4154 3637 4207 be-

2055 4252 2314 4322 nignitate
2343 4245 2552 4303 Domini
2584 4244 2748 4299 nostri
2778 4243 2904 4298 Jesu
2931 4241 3131 4297 Christi
3156 4282 3171 4307 ,
3208 4256 3331 4296 cum
3360 4255 3465 4309 quo
3496 4241 3638 4296 Patri

2056 4353 2110 4398 et
2156 4339 2373 4412 Spiritui
2427 4346 2613 4393 sancto
2661 4335 2869 4405 gloria,
2926 4332 2977 4387 in
3031 4332 3227 4386 saecula
3280 4331 3635 4399 sarculorum,

2058 4437 2248 4491 Amen.

368 4580 3619 4607 ________________________________________._______.____._.—__

447 4687 531 4730 ΒΕ
575 4685 792 4730 υιγιτε
836 4686 917 4728 ΕΤ
959 4685 1199 4728 ιΑΖΑιιο
1241 4683 1468 4728 CONCIO
1510 4684 1784 4740 QUABTA,
1830 4685 2128 4738 QUODQUE
2170 4678 2580 4726 CONSCIENTIA
2623 4676 2817 4721 SOLET
2850 4674 2964 4717 NOS
3006 4671 3561 4717 COMMONEFACBBI

1326 4787 1627 4830 VETERUM
1670 4786 2103 4842 DELICTORUM,
2138 4784 2293 4826 ΙΤΕΜ
2338 4782 2420 4823 DE
2454 4778 2706 4822 JOSEPH.

1702 4914 2315 4993 «ΜΘΝ»

443 5066 495 5119 1.
537 5063 689 5131 Quod
729 5069 974 5131 superest
1015 5059 1083 5114 de
1121 5059 1308 5113 Lazari
1349 5060 1595 5129 parabola
1622 5102 1638 5127 ,
1681 5074 1961 5114 necessum
2056 5051 2405 5123 decerpserit.
2453 5050 2587 5105 Cum
2638 5049 2798 5119 igitur
2826 5059 2967 5100 nunc
2997 5058 3209 5114 quoque
3237 5039 3647 5096 videam‘veluti

370 5165 473 5220 est,
503 5163 562 5209 ut
593 5154 968 5223 persolvamus
994 5151 1174 5205 hodie.
1204 5149 1335 5205 Nam
1361 5167 1456 5206 vos
1493 5151 1717 5207 fortasse
1740 5151 1958 5206 creditis

372 5257 543 5300 totum
574 5245 731 5299 nobis
774 5244 1076 5298 absolutum
1102 5257 1245 5298 esse.
1276 5242 1435 5311 Atqui
1465 5257 1565 5311 ego
1614 5257 1716 5296 non
1746 5251 1863 5295 utar
1891 5240 1957 5295 ad

371 5338 597 5394 fallacia:
626 5336 961 5391 occasionem
992 5343 1166 5388 vestra
1216 5333 1512 5403 ignorantia
1541 5375 1556 5400 ,
1589 5348 1766 5403 neque
1814 5333 1959 5403 prius

370 5429 629 5486 desistam
655 5467 671 5492 ,
704 5442 861 5494 quam
893 5433 1060 5479 totum
1088 5424 1229 5493 quod
1274 5424 1402 5478 mihi
1434 5425 1602 5479 visum
1633 5433 1715 5479 est
1758 5434 1958 5478 tracta-

370 5534 525 5585 vero,
554 5518 731 5587 itaque
777 5517 1096 5571 discessero.
1126 5516 1350 5584 Quando
1390 5516 1602 5586 quidem
1645 5526 1699 5571 et
1729 5516 1958 5585 agricola

374 5621 724 5683 posteaquam
758 5609 918 5663 totius
943 5609 1114 5662 vincte
1143 5607 1463 5663 vindemiam
1494 5608 1802 5679 peregerit,
1853 5622 1958 5659 non

376 5704 523 5773 prius
553 5701 792 5767 desistit,
838 5715 993 5771 quam
1036 5700 1269 5770 singulos
1312 5698 1469 5754 etiam
1500 5700 1731 5755 minutos
1774 5699 1955 5752 acinos

2063 5145 2163 5200 sub
2191 5143 2329 5199 foliis
2358 5142 2529 5197 latere
2572 5155 2762 5195 sensus
2805 5136 3065 5200 occultos,
3097 5149 3192 5205 age
3231 5142 3285 5188 et
3325 5132 3421 5186 hos
3456 5146 3647 5186 rursus

2061 5238 2347 5308 diligenter
2386 5235 2736 5303 decerpamtis
2760 5273 2773 5295 ,
2806 5244 2906 5300 pro
2953 5228 3087 5282 falce
3132 5238 3381 5281 sermone
3410 5232 3639 5277 utentes.

2061 5330 2335 5402 Siquidem
2367 5329 2517 5382 vinea
2571 5335 2688 5393 post
2735 5323 2939 5379 fructus
2983 5319 3145 5376 semel
3190 5334 3221 5374 a
3257 5317 3645 5372 vindemiatore

2062 5422 2307 5477 desectos
2332 5427 2435 5472 stat
2465 5416 2603 5471 nuda
2634 5417 2825 5479 fructu,
2859 5413 2987 5468 nihil
3016 5410 3216 5465 habens
3261 5419 3457 5477 praeter
3485 5406 3649 5464 folia:

2064 5526 2252 5568 verum
2281 5507 2571 5578 spiritualis
2613 5505 2909 5559 divinarum
2934 5502 3329 5570 Scripturarum
3352 5495 3507 5578 vinea
3534 5504 3643 5542 non

2066 5605 2214 5665 item,
2259 5576 2351 5654 sed
2383 5598 2623 5667 quamvis
2651 5595 2905 5665 quidquid
2934 5592 3214 5647 videbatur
3242 5576 3655 5640 sustulet‘imus,

2067 5706 2241 5751 tamen
2302 5692 2474 5747 adhuc
2536 5688 2762 5758 amplius
2814 5695 3057 5755 superest
3117 5685 3435 5742 tollendum.
3468 5682 3655 5747 Itaque
