4046 6146
454 300 590 354 ldu7

453 419 756 488 complures
784 423 905 470 ante
929 427 1025 470 nos
1053 413 1420 467 disseruerunt
1449 409 1501 462 in
1529 407 1666 461 hanc
1701 404 2026 475 parabolam,

455 509 756 578 complures
784 503 1026 560 fortassis
1051 510 1106 557 et
1127 510 1246 571 post
1272 514 1368 553 nos
1393 497 1668 552 disserturi
1691 503 1812 550 sunt
1836 512 1848 525 -
1873 508 2032 548 nemo

456 610 635 654 tamen
663 595 856 667 poterit
891 602 1029 648 totas
1058 605 1187 660 opes
1215 603 1426 645 eruere.
1453 585 1586 641 Nam
1617 599 1680 640 ea
1704 593 1786 639 est
1811 583 2035 653 opulcn-

457 692 544 744 tia:
572 698 756 742 natura
791 703 804 739 :
841 699 947 755 quo
977 681 1170 737 foderis
1207 680 1386 745 altius,
1418 677 1519 731 hoc
1557 675 1725 746 magis
1762 673 2036 730 exundant

456 779 619 836 divini
648 791 838 832 sensus
862 794 874 830 :
907 773 1024 828 fons
1046 772 1186 826 enim
1215 778 1296 823 est
1323 781 1608 836 numquam
1635 765 1910 820 deficiens.

529 871 591 923 S.
631 867 840 937 Bal:wa
874 875 919 919 et
957 873 1235 932 martyrum
1273 859 1458 913 habita:
1506 858 1758 922 orationes
1805 870 2033 923 panegy-

454 964 592 1016 τίσω.
623 990 692 1000 —-
715 955 1006 1027 Oportebat
1031 953 1243 1024 quidem
1273 949 1548 1020 superiore
1575 958 1844 1002 conventu
1880 945 2034 998 debi-

457 1062 570 1105 tum
597 1048 700 1104 hoc
729 1046 1057 1102 dissolvisse.
1084 1043 1284 1108 Verum
1326 1055 1431 1096 non
1471 1037 1890 1093 existimavimus
1917 1049 2036 1090 esse

460 1151 628 1197 tutum
674 1139 814 1194 beati
854 1137 1068 1207 Babylze
1110 1143 1165 1190 et
1208 1133 1342 1202 bigae
1371 1139 1675 1186 sanctorum
1720 1135 2033 1199 martyrum,

459 1234 548 1302 qui
573 1240 693 1302 post
722 1230 868 1284 illum
889 1231 1254 1288 occurrerunt,
1278 1222 1530 1292 prteclara
1557 1228 1702 1290 gesta
1724 1217 2032 1289 prmterire:

459 1338 630 1392 eoque
657 1320 960 1376 distulimus
989 1317 1310 1371 solutionem
1332 1353 1348 1378 ,
1381 1312 1688 1366 differentes
1714 1311 1766 1364 in
1799 1323 2036 1378 pratsen-

463 1425 568 1468 tem
593 1411 755 1473 diem,
785 1419 840 1463 ut
873 1417 1042 1462 totum
1064 1405 1300 1460 debitum
1323 1401 1695 1456 dissolvamus.
1721 1402 1830 1469 Age
1857 1399 2035 1468 igitur,

460 1504 712 1572 quoniam
743 1509 797 1555 et
825 1498 1063 1570 patribus
1089 1511 1213 1550 suas
1243 1492 1426 1547 laudes
1458 1491 1826 1560 persolvimus,
1853 1504 1958 1543 non
1984 1496 2039 1540 ut

464 1593 538 1646 illi
567 1590 1029 1662 promerebantur,
1078 1585 1171 1639 scd
1213 1598 1307 1652 pro
1333 1581 1532 1635 viribus
1562 1579 1760 1633 nostris
1782 1620 1798 1644 ,
1833 1577 2041 1647 persol-

464 1699 653 1739 vamus
678 1693 732 1736 et
762 1680 911 1734 vobis
955 1677 1112 1748 hujus
1141 1673 1488 1745 expositionis
1528 1671 1795 1740 reliquias.
1841 1668 2039 1723 Verum

465 1795 531 1832 ne
561 1791 657 1831 vos
700 1769 1038 1829 delassemini
1063 1809 1079 1834 ,
1123 1768 1428 1838 priusquam
1455 1763 1520 1818 ad
1548 1765 1705 1818 linem
1735 1761 2040 1832 perveneri-

465 1885 604 1930 mus,
651 1865 796 1920 illinc
841 1869 1144 1931 repetemus
1186 1870 1488 1911 sermonem
1517 1894 1530 1918 ,
1563 1853 1651 1908 ubi
1697 1852 1842 1906 illum
1875 1865 2043 1919 nuper

466 1960 752 2014 finivimus.
774 1954 1001 2010 Ubinam
1025 1950 1170 2004 illum
1195 1945 1496 2002 finivimus?
1525 1944 1578 1998 In
1601 1943 1735 1998 chao
1756 1942 2042 1997 dirimente

461 2051 632 2121 justos
658 2063 688 2102 a
715 2041 1105 2116 peccatoribus.
1131 2039 1266 2094 Cum
1293 2037 1433 2091 enim
1462 2035 1685 2090 dixisset
1703 2033 1878 2099 dives,
1905 2033 2044 2085 mitte

468 2144 755 2207 Lazarum,
797 2141 871 2194 illi
915 2137 1189 2208 respondit
1214 2133 1481 2190 Abraham
1512 2149 1524 2184 :
1553 2130 1717 2185 Chaos
1747 2130 1920 2198 iugem
1947 2127 2042 2194 ﬁr-

466 2244 658 2287 matum
683 2241 753 2286 est
777 2232 908 2284 inter
935 2246 1027 2282 nos
1052 2237 1098 2281 et
1125 2243 1230 2292 vos,
1255 2233 1310 2278 ut
1335 2223 1420 2293 qui
1445 2222 1599 2276 velint
1625 2220 1810 2274 ist/tino
1834 2219 2046 2272 transire

464 2326 532 2376 ad
561 2339 652 2376 uos
679 2336 780 2376 non
809 2320 1024 2390 possint,
1070 2332 1226 2387 neque
1255 2315 1371 2368 him:
1398 2314 1562 2368 ist/mc
1587 2319 1843 2366 transeunt
1875 2307 2040 2381 (Luc.

469 2414 555 2470 l6.
602 2412 719 2482 ει).
760 2411 1044 2481 Multisque
1093 2408 1272 2464 verbis
1318 2403 1839 2469 demonstravimus,
1897 2400 2040 2472 quod

467 2515 808 2576 posteaquam
833 2503 976 2558 Deus
998 2501 1215 2556 multam
1256 2496 1639 2553 humanitatem
1667 2509 1790 2564 erga
1819 2507 1918 2546 nos
1947 2507 2044 2546 ex-

466 2596 656 2662 hibuit,
703 2602 945 2664 oporteat
988 2593 1038 2646 in
1067 2590 1295 2660 propriis
1335 2586 1628 2643 benefactis
1671 2599 1819 2654 spem
1859 2583 2046 2637 salutis

464 2686 750 2749 collocare,
785 2699 888 2737 non
921 2692 1100 2752 patres
1122 2722 1136 2746 ,
1181 2693 1331 2743 avos,
1378 2692 1440 2731 ac
1485 2689 1713 2746 proavos
1739 2688 2040 2736 recensere,

467 2791 641 2846 neque
667 2782 946 2842 cognatos,
972 2771 1194 2832 amicos,
1224 2767 1545 2822 domesticos
1573 2780 1637 2820 ac
1659 2764 1882 2818 vicinos.
1913 2761 2047 2816 Fra-

465 2878 542 2920 ter
565 2866 706 2919 enim
737 2879 837 2916 non
865 2860 1069 2915 redimit
1101 2859 1350 2913 :redimet
1397 2858 1546 2910 homo
1573 2854 1744 2925 (Psaf.
1793 2854 1882 2908 48.
1929 2851 2045 2924 8)?

467 2953 573 3009 Sed
600 2950 856 3024 quidquid
882 2947 1152 3018 deprecati
1201 2945 1398 3000 fuerint
1426 2944 1875 3015 supplicarintque
1897 2983 1913 3010 ,
1957 2942 2046 3013 qui

469 3047 592 3102 hinc
617 3059 736 3099 cum
765 3041 995 3114 peccatis
1040 3038 1340 3110 migrariut,
1372 3037 1637 3092 incassum
1665 3035 1777 3106 jam
1820 3034 2046 3089 frustra-

465 3156 568 3210 que
596 3141 898 3209 loquentur.
932 3135 1138 3191 Etenim
1166 3133 1397 3204 virgines
1441 3131 1543 3186 illaa
1573 3130 1808 3201 quinque
1851 3126 2046 3197 implo-

469 3231 658 3286 rabant
681 3229 748 3284 ab
776 3226 1071 3298 :cqualibus
1094 3225 1292 3290 oleum,
1326 3237 1426 3277 nec
1454 3221 1807 3290 impetrarunt
1833 3217 2044 3291 (.lfatth.

467 3322 557 3392 25)
585 3339 598 3375 :
625 3328 680 3374 et
720 3319 764 3372 is
802 3317 890 3387 qui
921 3316 1174 3370 talentum
1203 3315 1254 3368 in
1285 3322 1424 3367 terra
1448 3310 1745 3374 defoderat,
1769 3324 1888 3364 cum
1915 3306 2050 3362 tnui-

471 3422 577 3465 tam
623 3405 1018 3464 excusationem
1065 3404 1357 3468 attulisset,
1404 3400 1620 3457 tandem
1664 3399 2048 3456 condemnatus

469 3511 570 3557 est.
607 3501 736 3556 ltem
780 3499 868 3570 qui
912 3499 1084 3568 ipsum
1113 3495 1434 3550 esurientem
1465 3508 1570 3547 non
1615 3499 1905 3561 paverant,
1950 3502 2050 3543 nec

470 3594 665 3649 sitienti
695 3601 874 3661 potum
901 3588 1160 3643 dederant
1193 3604 1208 3640 :
1237 3600 1356 3638 cum
1397 3592 1452 3639 et
1493 3583 1593 3653 ipsi
1623 3582 1905 3636 crederent
1930 3595 2049 3634 sese

470 3685 538 3740 ad
568 3681 878 3752 ignorantia:
923 3676 1272 3748 patrocinium
1305 3689 1461 3744 posse
1486 3673 1791 3742 confugere,
1821 3686 1920 3726 nec
1950 3686 2048 3725 ve-

472 3775 612 3829 niam
639 3813 654 3838 ,
706 3784 805 3823 nec
844 3766 1240 3821 excusationem
1281 3771 1599 3833 repererunt
1643 3761 1873 3830 (Matth.
1914 3760 2045 3832 ἥ).

473 3863 666 3921 Cameri
693 3877 819 3916 vero
846 3875 945 3915 nec
967 3858 1107 3929 quod
1140 3858 1410 3911 hiscereut
1453 3854 1719 3909 habebant
1742 3896 1757 3922 ,
1787 3854 1933 3908 velut
1961 3853 2050 3908 ille

473 3955 702 4013 sordidis
746 3954 960 4010 indutus
1001 3950 1260 4006 vestibus.
1309 3949 1440 4003 Nam
1488 3957 1767 4004 accusatus
1807 3946 2048 4002 obticuit.

472 4048 585 4104 Non
614 4055 788 4101 autem
821 4045 906 4098 hic
934 4041 1114 4108 modo,
1145 4056 1327 4096 verum
1352 4050 1406 4094 et
1448 4039 1581 4094 alius
1624 4038 1711 4092 ille
1733 4079 1747 4102 ,
1793 4037 1880 4107 qui
1908 4036 2049 4107 quod

474 4139 728 4194 adversus
757 4134 1056 4205 proximum
1091 4133 1479 4202 pratteritarum
1505 4129 1826 4200 offensarum
1857 4128 2049 4182 memi-

475 4229 663 4292 nisset,
707 4236 1027 4295 centumque
1055 4222 1302 4278 denarios
1342 4221 1409 4274 ab
1435 4235 1500 4275 eo
1528 4219 1847 4290 postulasset
1868 4258 1883 4280 ,
1930 4227 2050 4288 post

475 4336 637 4391 super
660 4319 741 4372 his
769 4317 897 4387 ipsis
917 4332 946 4370 a
968 4315 1184 4370 domino
1213 4312 1571 4380 reprehensus
1595 4310 1662 4364 ob
1683 4309 2049 4364 crudelitatem

478 4421 530 4467 et
574 4408 1046 4470 inhumanitatem,
1094 4403 1226 4458 nihil
1275 4402 1456 4456 habuit
1511 4399 1652 4471 quod
1704 4399 2052 4470 responderet

475 4501 582 4575 (Ib.
609 4499 720 4570 l8).
747 4497 900 4552 Unde
927 4495 1264 4565 perspicuum
1290 4503 1388 4558 est,
1413 4492 1554 4562 quod
1581 4507 1752 4561 neque
1778 4505 1875 4545 nos
1898 4491 2054 4560 quid-

475 4606 632 4664 quam
656 4589 765 4644 illic
786 4587 1103 4650 sublevabit,
1127 4586 1171 4640 si
1197 4601 1299 4638 non
1322 4584 1660 4638 habuerimus
1689 4583 1825 4636 bona
1851 4597 2045 4650 opera:

475 4697 658 4737 verum
686 4682 798 4734 sive
837 4677 1105 4747 supplices
1147 4675 1403 4729 fuerimus
1427 4674 1902 4742 obsecremusque,
1936 4674 2050 4728 sive

478 4773 801 4828 tacuerimus
825 4811 840 4834 ,
889 4781 1040 4836 teque
1084 4780 1246 4836 super
1287 4780 1386 4819 nos
1414 4764 1590 4818 veniet
1633 4763 1952 4833 supplicium
1988 4778 2051 4818 ac

479 4861 731 4917 vindicta.
761 4857 1011 4913 Ausculta
1044 4855 1204 4924 igitur
1243 4853 1510 4924 quomodo
1547 4854 1634 4908 hic
1673 4869 1793 4908 cum
1821 4853 1928 4907 duo
1958 4868 2052 4922 po-

479 4955 702 5008 stularet
730 4951 796 5004 ab
820 4947 1108 5010 Abraham,
1133 4957 1357 5016 utroque
1384 4944 1668 4998 frustratus
1697 4945 1784 4999 sit.
1816 4945 2048 4999 Primum

477 5045 618 5100 enim
648 5057 742 5112 pro
769 5039 944 5108 seipso
973 5037 1290 5106 deprecatus
1314 5043 1426 5100 est,
1451 5035 1616 5102 Mitte,
1648 5036 1912 5105 inquiens,
1945 5035 2051 5090 La-

477 5149 650 5188 zarum
673 5147 692 5186 :
718 5145 840 5185 mox
871 5144 978 5182 non
1022 5143 1117 5197 pro
1141 5127 1338 5196 seipso,
1367 5126 1460 5181 sed
1507 5141 1603 5196 pro
1632 5125 1882 5182 fratribus
1913 5145 1926 5181 :
1959 5143 2052 5181 ve-

480 5239 596 5278 rum
643 5221 774 5276 nihil
824 5217 1209 5289 postulatorum
1262 5215 1512 5270 obtinuit.
1566 5214 1836 5283 Siquidem
1887 5215 2052 5271 altera

483 5312 786 5383 postulatio,
833 5324 1024 5377 nempe
1053 5309 1198 5378 prior
1227 5349 1240 5372 ,
1275 5307 1392 5360 talis
1419 5314 1556 5370 erat,
1590 5315 1644 5358 ut
1671 5303 1808 5375 quod
1840 5305 2056 5372 peteba-

484 5415 567 5457 tur
595 5403 706 5457 lieri
752 5416 856 5455 non
901 5407 1081 5469 posset
1111 5415 1124 5450 :
1156 5397 1322 5452 altera
1349 5413 1476 5451 vero
1502 5438 1516 5462 ,
1547 5396 1793 5450 videlicet
1823 5411 1916 5465 pro
1943 5395 2053 5451 fra-

485 5493 673 5556 tribus,
700 5500 816 5546 erat
849 5503 1194 5560 supervacua.
1222 5488 1357 5554 Quin
1389 5488 1584 5557 potius,
1614 5488 1657 5541 si
1687 5487 1914 5552 videtur,
1943 5486 2054 5556 ipsa

485 5585 645 5640 verba
685 5583 851 5637 tnulto
893 5597 1012 5635 cum
1060 5580 1234 5634 studio
1263 5580 1559 5634 audiamus.
1613 5578 1818 5632 Etenim
1859 5578 1903 5631 si
1933 5593 2054 5632 cum

479 5675 832 5750 .tuagistratus
864 5674 914 5727 in
958 5672 1130 5728 medio
1161 5672 1275 5728 foro
1305 5687 1452 5728 reum
1497 5670 1732 5736 adducit,
1781 5670 2054 5727 carnifices

1153 296 1210 352 S.
1248 291 1524 350 JOANNIS
1553 285 2023 345 CHRYSOSTOMI
2063 283 2374 339 AllClliEP.
2415 283 2943 340 CONSTANTINOP.

3568 289 3688 348 l008

2135 402 2373 468 adhibet,
2414 413 2824 474 accusatumque
2865 403 3065 468 laniat,
3096 417 3285 458 omnes
3313 418 3499 474 magno
3524 409 3689 464 studio

2135 501 2482 559 concurrunt,
2523 493 2802 562 cupientes
2826 493 3016 549 audire
3051 492 3178 564 quid
3205 493 3493 565 interroget
3515 495 3686 565 iudex,

2135 583 2261 654 quid
2306 598 2431 638 reus
2472 584 2794 653 respondeat
2837 603 2849 636 :
2883 584 3050 638 multo
3091 583 3260 653 magis
3303 582 3388 638 hic
3423 583 3694 655 diligenter

2135 673 2537 728 auscultandum
2587 682 2692 739 est,
2735 673 2860 743 quid
2908 689 3071 739 reus,
3116 673 3366 728 nimirum
3409 674 3497 728 hic
3535 675 3691 742 dives,

2137 765 2410 836 postulet;
2455 765 2581 835 quid
2623 774 2804 819 contra
2843 765 3018 834 justus
3054 764 3214 834 judex
3255 765 3570 835 respondeat
3611 782 3696 836 per

2135 856 2426 912 Abraham.
2475 857 2590 911 Non
2619 857 2761 911 enim
2789 858 3085 926 patriarcha
3127 867 3244 912 erat
3287 858 3377 927 qui
3414 857 3694 927 judicabat,

2136 962 2458 1018 quamquam
2500 949 2546 1004 is
2588 949 3005 1018 pronuntiabat:
3037 963 3220 1003 verum
3261 949 3697 1018 quemadmodum

2139 1038 2190 1093 in
2219 1039 2501 1093 mundanis
2539 1039 2654 1094 istis
2688 1039 2901 1108 judiciis
2940 1039 3151 1109 quoties
3187 1038 3388 1094 fuerint
3421 1040 3581 1110 aliqui
3607 1043 3698 1106 rei,

2138 1137 2265 1200 puta
2290 1129 2548 1193 latrones,
2577 1140 2666 1185 aut
2693 1129 2992 1198 homicida,
3021 1130 3122 1186 hos
3145 1130 3292 1202 leges
3318 1133 3505 1201 procul
3532 1149 3561 1187 a
3585 1150 3699 1190 con-

2139 1230 2324 1288 spectu
2362 1221 2558 1290 judicis
2583 1230 2924 1292 segregantes
2952 1229 3006 1276 et
3042 1231 3308 1286 arcentes,
3353 1237 3458 1277 non
3486 1225 3699 1292 permit-

2142 1317 2258 1364 tunt
2282 1318 2339 1364 ut
2361 1311 2578 1366 audiant
2605 1326 2786 1367 vocem
2810 1311 3022 1381 judicis,
3048 1312 3188 1380 quod
3215 1312 3290 1366 illi
3314 1321 3368 1367 et
3396 1314 3501 1367 hoc
3522 1323 3575 1368 et
3593 1315 3702 1371 aliis

2143 1399 2434 1454 honoribus
2455 1400 2761 1470 judicentur
2813 1400 3053 1470 indigni;
3097 1401 3190 1456 sed
3218 1401 3424 1457 medius
3453 1404 3699 1473 quispiam

2143 1489 2428 1560 interpres,
2469 1502 2523 1546 et
2556 1491 2749 1561 judicis
2788 1493 3244 1562 interrogationes,
3285 1501 3340 1547 et
3378 1494 3458 1548 rei
3498 1509 3700 1564 respon-

2141 1581 2321 1636 siones
2347 1581 2585 1651 perfert:
2620 1582 2719 1638 hoc
2757 1597 2887 1638 sane
2925 1590 3078 1652 pacto
3113 1591 3167 1637 et
3204 1590 3330 1637 tunc
3368 1582 3564 1638 factum
3606 1594 3699 1639 est.

2141 1669 2258 1725 Non
2284 1671 2450 1726 Deum
2497 1671 2596 1744 ipsi
2635 1672 2939 1740 loquentem
2969 1672 3170 1726 audivit
3197 1687 3344 1738 reus,
3383 1672 3480 1726 sed
3516 1672 3701 1729 medius

2143 1773 2260 1820 erat
2298 1764 2563 1820 Abraham
2587 1804 2602 1831 ,
2645 1764 2733 1836 qui
2767 1763 2960 1834 judicis
2983 1779 3166 1817 vocem
3191 1764 3238 1818 ei
3267 1764 3355 1834 qui
3385 1763 3702 1834 judicabatur

2145 1855 2348 1910 retulit.
2385 1855 2500 1910 Non
2522 1854 2664 1910 enim
2705 1870 2771 1910 ex
2811 1869 2931 1910 sese
2969 1853 3179 1908 dicebat
3205 1869 3323 1923 qua:
3350 1853 3582 1921 dicebat,
3617 1857 3702 1910 sed

2144 1945 2350 1999 divinas
2387 1945 2534 2000 diviti
2566 1945 2710 2016 leges
2753 1943 3040 2008 recitabat,
3075 1958 3297 2012 quaeque
3322 1944 3532 1998 caelitus
3571 1942 3704 2000 fere-

2145 2035 2358 2100 bantur,
2390 2038 2682 2091 sententias
2712 2033 3013 2108 proferebat
3037 2050 3053 2100 ;
3101 2033 3220 2088 ideo
3249 2048 3348 2089 nec
3375 2033 3604 2090 habebat
3627 2033 3706 2089 hic

2145 2129 2286 2198 quod
2313 2128 2722 2183 contradiceret.

2215 2219 2271 2274 2.
2297 2219 2664 2274 Auseultemus
2689 2220 2863 2289 itaque
2885 2218 3165 2290 diligenter
3186 2216 3274 2273 bis
3295 2232 3412 2287 quae
3445 2217 3698 2275 dicuntur.

2149 2311 2280 2365 Nam
2303 2311 2354 2366 in
2379 2311 2477 2366 hac
2497 2312 2746 2382 parabola
2764 2312 2886 2368 data
2905 2333 3065 2390 opera
3081 2319 3354 2386 immorer,
3376 2331 3480 2375 nee
3498 2312 3704 2381 desisto.

2150 2402 2359 2456 tametsi
2384 2411 2628 2472 quartum
2652 2403 2760 2472 jam
2802 2403 2944 2463 diem
2992 2409 3044 2463 in
3073 2411 3172 2464 hac
3195 2424 3411 2475 versor,
3449 2422 3710 2481 propterea

2147 2493 2286 2563 quod
2311 2508 2374 2548 ex
2407 2493 2508 2550 bac
2529 2495 2864 2550 enarratione
2886 2499 3163 2569 plurimum
3184 2499 3384 2556 fruetus
3403 2503 3553 2557 nasci
3571 2503 3715 2559 video

2150 2593 2258 2638 tum
2297 2583 2544 2639 divitibus
2565 2627 2580 2652 ,
2633 2593 2741 2639 tum
2773 2589 3128 2658 pauperibus,
3160 2598 3270 2645 tum
3300 2591 3364 2646 iis
3391 2593 3484 2661 qui
3515 2603 3710 2663 propter

2149 2675 2505 2744 improborum
2529 2675 2846 2746 felicitatem,
2868 2687 3024 2749 atque
3046 2681 3203 2735 etiam
3225 2691 3443 2751 propter
3467 2683 3711 2751 justorum

2150 2766 2381 2836 inOpiam
2421 2776 2476 2822 et
2521 2767 2861 2826 amictionem
2906 2771 3308 2826 conturbantur.
3353 2773 3543 2843 Neque
3579 2776 3708 2830 enim

2149 2858 2253 2912 ulla
2290 2873 2373 2912 res
2416 2857 2634 2928 perinde
2675 2859 2812 2914 solet
2857 2861 3127 2916 hominum
3155 2863 3341 2933 vulgus
3368 2863 3636 2920 offendere
3659 2880 3714 2920 ac

2151 2950 2497 3020 perturbare,
2546 2959 2603 3004 ut
2647 2950 2787 3020 quod
2839 2953 3027 3008 divites
3070 2969 3232 3024 prave
3280 2956 3523 3012 viventes
3564 2957 3717 3012 multa

2152 3041 2390 3097 fruantur
2416 3042 2798 3111 prosperitate:
2819 3053 3022 3110 contra,
3045 3045 3174 3115 justi
3200 3060 3320 3102 cum
3349 3047 3548 3103 virtute
3565 3049 3713 3103 vitam

2150 3141 2386 3202 agentes,
2413 3130 2479 3187 ad
2517 3140 2815 3188 extremam
2859 3119 3164 3206 redigantur
3206 3136 3481 3206 inopiam,
3528 3139 3717 3208 aliaque

2153 3225 2517 3295 perpetiantur
2544 3223 2818 3279 innumera
2849 3234 3158 3296 paupertate
3185 3227 3296 3296 ipsa
3323 3228 3588 3296 graviora.

2224 3313 2349 3381 Quis
2393 3318 2585 3385 fructus
2629 3331 2692 3368 ea:
2729 3313 2823 3368 hac
2869 3316 3112 3386 parabole
3146 3316 3718 3387 colligatum—Verum

2152 3406 2267 3461 hzec
2306 3406 2552 3476 parabola
2583 3405 2780 3462 sufficit
2815 3407 2878 3462 ad
2917 3409 3211 3478 prmstanda
3250 3410 3716 3467 remediazdivites

2151 3496 2364 3567 quidem
2409 3496 2652 3567 redigens
2692 3496 2758 3550 ad
2807 3497 3120 3552 modestiam
3145 3540 3160 3566 ,
3210 3514 3475 3569 pauperes
3515 3516 3634 3556 vero
3670 3503 3715 3554 in

2154 3585 2500 3655 prteseutibus
2532 3585 2684 3641 malis
2723 3587 3002 3640 consolans
3026 3605 3040 3641 :
3063 3596 3116 3642 et
3159 3588 3278 3643 illos
3307 3589 3524 3659 quidem
3544 3590 3716 3644 admo-

2153 3693 2306 3744 nens,
2334 3693 2401 3732 ne
2429 3677 2743 3742 efferantur,
2785 3678 2991 3748 quoties
3023 3678 3079 3744 ii,
3127 3680 3215 3748 qui
3243 3680 3490 3750 improbe
3516 3682 3718 3746 vivunt,

2152 3769 2238 3823 hic
2269 3785 2450 3840 pmnas
2480 3785 2585 3824 non
2630 3769 2791 3835 dant,
2835 3771 3028 3840 quippe
3066 3785 3186 3826 cum
3231 3786 3325 3826 eos
3368 3783 3580 3827 maneat
3624 3773 3718 3828 illic

2151 3859 2493 3928 gravissimus
2531 3857 2827 3925 cruciatus;
2869 3859 2967 3914 hos
2995 3875 3121 3914 vero
3149 3860 3468 3928 consolans,
3499 3878 3564 3916 ne
3591 3861 3714 3915 alio-

2153 3967 2270 4006 rum
2291 3949 2536 4006 felicitate
2558 3953 2948 4020 perturbentur,
2971 3967 3141 4022 neque
3161 3962 3346 4021 putent
3367 3969 3458 4008 res
3474 3955 3718 4010 humanas

2153 4041 2353 4112 absque
2393 4041 2484 4096 Dei
2519 4041 2843 4111 providentia
2885 4041 3030 4109 ferri,
3069 4057 3192 4098 cum
3239 4042 3328 4098 hic
3362 4043 3542 4112 justus
3578 4045 3722 4099 malis

2152 4133 2420 4203 afﬂigitur,
2451 4133 2721 4202 improbus
2741 4143 2922 4188 contra
2951 4149 3013 4189 ac
3037 4134 3326 4189 sceleratus
3345 4134 3512 4191 homo
3542 4151 3718 4204 perpe.

2155 4233 2240 4279 tua
2264 4223 2455 4279 fruitur
2483 4225 2850 4294 prosperitate.
2874 4225 3044 4280 Ambo
3067 4225 3326 4296 siquidem
3349 4241 3447 4296 pro
3475 4227 3722 4296 dignitate

2155 4314 2412 4384 recipient
2439 4313 2564 4379 illic,
2599 4313 2684 4368 hic
2709 4314 2920 4384 quidem
2945 4329 3170 4369 coronas
3195 4316 3463 4384 patientiae
3496 4317 3721 4371 toleran-

2156 4403 2379 4472 ti:eque,
2423 4403 2508 4456 ille
2549 4417 2676 4456 vero
2719 4404 2975 4472 supplicia
3025 4418 3310 4473 pruinasque
3353 4406 3721 4476 improbitatis.

2157 4492 2301 4546 fl'anc
2319 4493 2620 4562 parabolam
2644 4492 2914 4548 inscribite
2931 4493 3121 4548 divites
3140 4496 3337 4563 pariter
3355 4511 3418 4550 ac
3441 4512 3718 4566 pauperes:

2154 4585 2343 4639 divites
2372 4583 2582 4653 quidem
2614 4583 2665 4637 in
2696 4583 2984 4654 parietibus
3011 4584 3202 4639 domus
3227 4593 3437 4650 vestrae,
3467 4601 3723 4656 pauperes

2154 4685 2328 4728 autem
2360 4674 2411 4727 in
2443 4673 2730 4743 parietibus
2749 4674 2910 4728 animi
2941 4659 3103 4729 vestri
3127 4693 3141 4729 :
3165 4683 3219 4730 et
3243 4675 3288 4729 si
3316 4676 3532 4746 quando
3556 4677 3721 4731 deleta

2155 4765 2319 4822 fuerit
2359 4766 2543 4820 oborta
2574 4765 2836 4820 oblivione
2855 4807 2870 4832 ,
2903 4766 3090 4820 illinite
3117 4765 3292 4821 denuo
3313 4808 3328 4832 ,
3361 4767 3430 4822 ab
3458 4768 3610 4824 initio
3640 4783 3721 4822 re-

2158 4857 2519 4912 miniscentes.
2554 4857 2664 4911 lmo
2694 4872 2824 4911 vero
2850 4859 3006 4912 etiam
3053 4856 3242 4914 divites
3269 4859 3413 4928 prius
3455 4860 3508 4913 in
3554 4868 3724 4913 mente

2157 4963 2314 5018 quam
2336 4948 2388 5001 in
2418 4947 2620 5001 azdibus
2652 4946 2786 5001 hanc
2815 4947 3098 5002 describite
3117 4989 3132 5014 ,
3164 4963 3477 5018 semperque
3499 4950 3721 5003 cireum-

2159 5039 2310 5104 ferte,
2355 5045 2410 5092 et
2450 5037 2552 5091 crit
2578 5035 2729 5092 vobis
2771 5036 3145 5092 documentum
3167 5079 3184 5104 ,
3215 5039 3545 5108 materiaque
3574 5039 3724 5092 totius

2159 5127 2528 5197 pbilosophizn.
2567 5127 2699 5181 Nam
2726 5126 2769 5180 si
2801 5126 2935 5180 hanc
2967 5126 3164 5195 jugiter
3207 5127 3516 5196 inscriptam
3554 5128 3722 5180 animo

2161 5229 2452 5283 teneamus,
2474 5233 2642 5286 neque
2664 5217 2824 5286 hujus
2845 5217 2964 5272 vita:
2985 5217 3102 5272 Iteta
3130 5226 3376 5287 poterunt
3397 5234 3492 5274 nos
3522 5217 3719 5280 inﬂare,

2161 5324 2335 5379 neque
2364 5309 2530 5363 tristia
2558 5310 2788 5378 dejicere
2820 5319 3292 5378 prosternereque;
3332 5311 3422 5365 sed
3448 5324 3553 5364 non
3577 5309 3723 5362 aliter

2161 5415 2318 5470 quam
2347 5399 2605 5454 atticimur
2643 5399 2861 5468 picturis
2903 5400 2956 5454 in
3000 5401 3200 5469 pariete
3226 5399 3436 5465 additis,
3466 5414 3592 5469 erga
3619 5397 3721 5450 haec

2164 5498 2381 5559 utraque
2396 5489 2703 5544 afficientur.
2719 5489 3171 5557 Quemadmodum
3190 5491 3331 5545 enim
3347 5488 3721 5558 conspicientes

2167 5579 2216 5633 in
2247 5580 2450 5648 pariete
2476 5581 2672 5650 pictum
2711 5582 2925 5636 divitem
2971 5596 3032 5636 ac
3059 5597 3380 5651 pauperem,
3421 5595 3517 5636 nec
3547 5579 3617 5633 illi
3647 5577 3718 5630 in-

2167 5669 2437 5736 videmus,
2486 5685 2582 5725 nec
2621 5688 2913 5748 pauperem
2955 5670 3310 5742 despicimus,
3359 5686 3422 5729 eo
3445 5668 3583 5741 quod
3609 5683 3722 5742 qllil
