4046 6146
345 283 477 340 10οἳ

341 409 444 462 λιν.
479 404 671 461 Πολλοὶ
703 408 832 477 γοῦν
868 408 966 481 μὲν
997 410 1091 465 καὶ.
1119 411 1228 484 πρὸ
1253 412 1408 484 ἡμῶν
1437 415 1517 478 εἰς
1537 415 1741 486 ταύτην
1765 413 1917 485 εἰρή-

342 505 468 544 κασι
496 490 596 559 τὴν
621 491 896 556 ὑπόθεσιν,
931 493 1115 547 πολλοὶ
1160 497 1253 549 καὶ
1281 496 1400 562 μεθ’
1431 499 1578 569 ἡμᾶς
1607 499 1736 557 ίσως
1764 497 1920 568 €905-

339 591 445 628 σιν·
467 573 582 628 ἀλλ’
611 575 784 640 οὐδεὶς
801 577 893 629 τὸν
929 578 1144 631 ἅπαντα
1173 579 1399 633 πλοῦτον
1431 581 1666 634 κενῶσαι
1696 581 1920 649 δυνήσε-

337 673 449 712 ται.
485 657 721 729 Τοιαύτη
768 660 876 729 γάρ
920 660 1021 730 τῆς
1064 663 1380 733 περιουσίας
1417 665 1620 736 ταύτης
1659 667 1692 735 ἡ
1733 663 1914 734 φύσις·

339 742 554 811 ὁσῳπερ
585 739 652 795 ἂν
692 741 996 815 διασκάψῃς
1041 747 1098 797 ἐν
1141 745 1218 816 τῷ
1258 746 1432 815 βάθει,
1469 749 1706 818 τοσούτῳ
1759 747 1920 801 πλέον

338 820 629 874 ἀναϐλύσει
651 821 719 876 τά
749 823 866 876 θεῖα
892 825 1156 896 νοήματα·
1193 827 1344 898 πηγὴ
1360 827 1468 900 γάρ
1490 829 1637 882 ἐστιν
1661 828 1918 882 οὐδέποτε

339 903 715 958 ἐπιλείπουσα.

409 986 519 1040 Καὶ
548 986 654 1040 ἔδει
678 988 778 1058 μὲν
801 991 865 1061 τῇ
899 991 1142 1062 προτέρα
1179 993 1396 1059 συνάξει
1425 993 1584 1046 τοῦτο
1612 995 1742 1065 ὑμῖν
1783 995 1920 1048 ἀπο-

339 1069 520 1124 δοῦναι
545 1071 606 1124 τὸ
634 1072 814 1141 χρέος,
855 1072 967 1126 ἀλλ’
1000 1075 1102 1127 οὐκ
1124 1075 1365 1144 ἀσφαλὲς
1395 1072 1534 1131 εἶναι
1569 1079 1919 1148 ἐνομίσαμεν,

340 1153 432 1207 τοῦ
469 1155 740 1227 μακαρίου
777 1156 996 1211 Βαϐύλα
1031 1158 1122 1210 καὶ
1155 1159 1254 1228 τῆς
1287 1159 1577 1231 ξυνωρίδος
1607 1162 1714 1214 τῶν
1750 1162 1920 1229 άγίων

344 1237 637 1310 μαρτύρων
677 1238 783 1292 τῶν
825 1239 943 1309 μετ’
973 1241 1178 1294 ἐκεῖνον
1215 1243 1504 1314 παρελθεῖν
1539 1245 1607 1298 τά
1638 1243 1914 1316 κατορθώ-

345 1338 509 1390 ματα.
566 1321 657 1375 Διὸ
695 1322 794 1392 τὴν
833 1323 1138 1397 καταϐολὴν
1177 1325 1577 1398 ύπερεθέμεθα,
1624 1328 1920 1399 τηροῦντες

341 1406 421 1468 εἰς
463 1405 561 1474 τὴν
589 1406 870 1477 παροῦσαν
903 1409 1032 1477 ὑμῖν
1060 1409 1273 1481 ἡμέραν
1315 1410 1612 1482 ὁλόκληρον
1650 1412 1749 1483 τὴν
1777 1413 1922 1466 ἐκτιο

343 1503 447 1541 σιν.
476 1488 612 1559 Φέρε
638 1485 754 1554 οὖν,
786 1491 972 1564 ἐπειδὴ
997 1493 1088 1546 καὶ
1115 1494 1229 1557 τοῖς
1254 1494 1495 1566 πατράσι
1521 1495 1622 1560 τάς
1645 1496 1920 1567 εὐφημίας

342 1571 782 1643 ἀποδεδώκαμεν,
811 1575 872 1628 οὐ
906 1575 1004 1639 τάς
1036 1577 1158 1630 κατ’
1188 1576 1346 1641 ἀξίαν
1376 1578 1475 1650 τὴν
1500 1578 1749 1646 ἐκείνων,
1785 1579 1922 1633 ἀλλά

339 1654 440 1718 τάς
463 1655 604 1710 κατὰ
634 1657 863 1729 δύναμιν
891 1660 988 1731 τὴν
1020 1659 1314 1732 ἡμετέραν,
1344 1661 1634 1734 ἀποδῶμεν
1666 1665 1762 1718 καὶ
1791 1665 1921 1735 ὑμῖν

340 1739 435 1793 τοῦ
463 1736 1026 1812 διηγήματος”τούτου
1065 1744 1126 1798 τὸ
1157 1745 1431 1815 λείψανον.
1470 1747 1632 1800 Ἀλλά
1669 1749 1743 1822 μή
1781 1750 1922 1802 ἀπο-

340 1825 575 1896 κάμητε,
608 1825 713 1888 ἐως
753 1825 819 1879 ἂν
851 1828 989 1898 πρὸς
1038 1827 1098 1881 τὺ
1137 1828 1289 1893 τέλος
1318 1829 1667 1902 ἀφικώμεθα,
1713 1833 1923 1886 ἐκεῖθεν

341 1909 704 1973 ἀναλαὸόντες
760 1910 852 1964 τὸν
915 1911 1102 1981 λόγον,
1155 1913 1282 1966 ἔνθα
1336 1916 1500 1969 αὐτὸν
1559 1917 1922 1988 κατελίπομεν

341 1993 556 2064 πρώην.
590 1993 701 2048 Ποῦ
737 1995 793 2048 δὲ
816 1995 978 2050 αὐτὸν
1007 1997 1403 2070 κατελίπομενς
1441 2001 1530 2054 Ἐν
1566 2001 1644 2073 τῷ
1681 2003 1922 2074 χάσματι

340 2075 419 2147 τῷ
439 2076 725 2149 διείργοντι
751 2081 878 2144 τοὺς
901 2081 1145 2145 δικαίους
1173 2082 1280 2136 ἀπὸ
1305 2083 1414 2136 τῶν
1443 2085 1802 2155 ἁμαρτωλῶν.
1832 2088 1924 2139 Εἰ-

341 2160 535 2224 πόντος
575 2161 684 2231 γάρ
719 2163 814 2215 τοῦ
858 2163 1136 2229 πλουσίου,
1189 2165 1440 2234 Πέμψον
1467 2165 1752 2236 Λάζαρον,
1799 2166 1920 2223 εἷπε

343 2242 481 2315 πρὸς
527 2245 688 2298 αὐτὸν
719 2248 748 2299 6
795 2245 1067 2318 ’Δὸραάμο
1116 2246 1273 2314 Χάος
1312 2260 1338 2290 ι
1378 2249 1533 2319 μέγα
1577 2249 1922 2319 ἐστήρικται

335 2327 566 2398 μεταξὺ
601 2327 771 2398 ἡμῶν
798 2329 898 2385 καί
929 2329 1116 2400 ὑμῶν,
1143 2332 1302 2399 ὅπως
1328 2337 1382 2386 οί
1404 2333 1686 2400 θέλοντες
1716 2333 1924 2404 διαΰῆ-

340 2430 441 2466 ναι
465 2411 692 2466 ἐκεῖθεν
719 2415 868 2481 πρὸς
901 2413 1080 2483 ἡμᾶς,
1107 2414 1194 2484 μὴ
1215 2415 1531 2482 δύνωνται,
1556 2417 1714 2486 μηδὲ
1742 2421 1795 2471 οἱ
1827 2419 1924 2472 ἐν.

341 2496 553 2551 τεῦθεν
573 2496 699 2549 ἐκεῖ
727 2495 1072 2565 διαπερῶσι.
1110 2498 1219 2550 Καὶ
1245 2498 1560 2570 ἐδείκνυμεν
1599 2500 1688 2566 δ,ιά
1711 2500 1922 2556 πολλῶν

340 2581 450 2632 τῶν
479 2580 803 2651 εἰρημένων,
833 2580 909 2642 ὡς
936 2581 1018 2634 ὅτι
1053 2578 1193 2650 μετά
1215 2581 1313 2652 τὴν
1349 2582 1443 2635 τοῦ
1467 2581 1601 2636 Θεοῦ
1629 2583 1924 2655 φιλανθρω-

342 2662 496 2725 πίαν,
538 2665 596 2716 ὲν
635 2665 746 2726 τοῖς
773 2663 993 2726 οἰκείοις
1033 2663 1420 2734 κατορθώμασι
1448 2665 1546 2728 τάς
1569 2665 1789 2730 ἐλπίδας
1821 2668 1923 2739 τῆς

345 2747 619 2818 σωτηρίας
652 2747 796 2816 ἔχειν
830 2747 960 2818 χρὴ,
1003 2747 1076 2818 μὴ
1125 2747 1368 2819 πατέρας
1409 2749 1502 2802 καὶ
1540 2750 1798 2814 πάππους
1830 2754 1923 2806 καὶ

343 2831 695 2894 ἐπιπάππους
722 2829 1110 2902 ἀριθμοῦντας,
1143 2831 1277 2902 μηδὲ
1309 2835 1588 2901 συγγενεῖς
1612 2835 1706 2888 καὶ
1737 2835 1924 2905 φίλους

343 2914 440 2966 καὶ
486 2913 718 2978 οἰκείους
761 2913 855 2967 καὶ
894 2915 1159 2982 γείτονας·
1217 2914 1496 2985 Ἀδελφὸς
1549 2917 1656 2988 γάρ
1703 2921 1774 2972 οὐ
1818 2924 1926 2973 λυ-

343 2997 604 3065 τροῦται·
661 2995 1029 3065 λυτρώσεται
1089 2997 1436 3068 άνθρωπος;
1503 3000 1641 3053 Ἀλλ’
1705 3002 1806 3054 ὅσα
1859 3001 1924 3055 ἃν

345 3081 768 3151 παρακαλέσωσι
803 3083 896 3136 καὶ
921 3083 1382 3136 καθικετεύσωσιν
1416 3085 1464 3136 οί
1511 3085 1646 3154 μετά
1679 3087 1927 3158 ἁμαρτη-

348 3165 534 3236 μάτων
573 3165 826 3219 ἐντεῦθεν
870 3165 1217 3231 ἀπελθόντες,
1255 3167 1432 3220 πάντα
1460 3167 1581 3238 εἰκῆ
1625 3168 1720 3222 καὶ
1749 3169 1927 3240 μάτην

343 3249 528 3304 λοιπὸν
561 3249 765 3320 ἐροῦσι.
813 3249 924 3303 Καὶ
962 3248 1071 3320 γὰρ
1105 3251 1159 3301 αἰ
1202 3249 1462 3322 παρθένοι
1500 3251 1555 3303 αἱ
1587 3251 1749 3304 πέντε
1789 3271 1928 3326 παρ-

343 3333 612 3387 εκάλεσαν
642 3332 743 3395 τάς
773 3331 1040 3402 ὁμήλικας
1070 3331 1211 3402 ὑπὲρ
1246 3331 1448 3392 ἐλαίου,
1481 3333 1577 3386 καὶ
1607 3334 1707 3386 οὐκ
1733 3335 1928 3390 ἐπέτυ-

344 3432 458 3487 χον·
491 3415 585 3469 καὶ
609 3414 638 3465 6
663 3413 724 3466 1:6
745 3413 1006 3469 τάλαντον
1034 3414 1390 3486 κατακρύψας
1413 3415 1472 3468 τὸ
1501 3417 1557 3468 ἐν
1590 3421 1655 3488 τῇ
1682 3422 1774 3490 γῇ,
1800 3419 1930 3473 πολ-

343 3499 412 3552 λά
443 3497 942 3568 ἀπολογησάμενος,
973 3498 1270 3570 κατεκρίθη
1300 3499 1478 3552 πάλιν·
1504 3501 1598 3554 καὶ
1622 3502 1671 3554 οί
1708 3501 1782 3571 μὴ
1803 3502 1931 3574 θρέ-

342 3584 547 3654 ψαντες
595 3581 754 3634 αὐτὸν
798 3581 1092 3646 πεινῶντα,
1137 3581 1272 3652 μηδὲ
1319 3582 1638 3648 ποτίσαντες
1668 3585 1926 3655 διφῶντα,

344 3668 442 3723 καὶ
486 3668 642 3721 αὐτοὶ
680 3664 964 3730 δοκοῦντες
1014 3669 1094 3728 εἰς
1139 3666 1364 3735 ἄγνοιαν
1407 3669 1794 3738 καταφεύγειν,
1819 3672 1928 3725 οὐδ’

346 3760 545 3812 ἐκεῖνοι
581 3755 911 3828 συγγνώμης
938 3758 1032 3811 καὶ
1058 3755 1356 3825 ἀπολογίας
1382 3757 1592 3830 ἔτυχον.
1623 3760 1841 3832 Ἔτεροι
1872 3762 1930 3814 δὲ

345 3841 468 3895 οὐδέ
501 3843 671 3895 εἰπεῖν
705 3859 756 3894 τι
799 3841 1045 3911 ἴσχυσαν,
1082 3839 1270 3912 ῶσπερ
1304 3842 1511 3905 ἐκεῖνος
1543 3844 1572 3896 6
1607 3841 1677 3895 τά
1710 3844 1932 3915 ῥυπαρά

347 3924 698 3995 ἐνδεδυμένος
735 3925 946 3996 ίμάτια·
992 3923 1395 3994 ἐγκαλούμενος
1434 3925 1542 3996 γάρ
1584 3926 1764 3994 ἐσίγα.
1819 3927 1932 3998 Οὐχ

347 4005 501 4074 οὗτος
528 4009 586 4061 δέ
609 4008 790 4079 μόνον,
815 4008 951 4062 ἀλλά
987 4009 1082 4062 καὶ
1112 4009 1270 4073 ἄλλος
1295 4009 1372 4080 τῷ
1407 4009 1634 4079 πλησίον
1669 4028 1933 4083 μνησικα-

347 4094 548 4161 κήσας,
598 4093 692 4145 καὶ
745 4091 940 4145 ἐκατδν
981 4092 1292 4164 ἀπαιτήσας
1335 4093 1587 4165 δηνάρια,
1641 4090 1759 4147 εἶτα
1791 4096 1932 4166 ὑπὲρ

347 4176 553 4229 τούτων
592 4176 771 4229 αὐτῶν
807 4174 960 4246 παρά
986 4175 1080 4228 τοῦ
1118 4175 1378 4230 δεσπότου
1408 4177 1811 4248 ἐγκαλούμενος
1839 4179 1932 4230 ἐπὶ

347 4260 595 4330 ὠμότητι
624 4259 718 4312 καὶ
749 4258 1130 4330 ἀπανθρωπίᾳ,
1157 4260 1310 4314 οὐδὲν
1345 4259 1504 4332 ἔσχεν
1535 4263 1726 4317 εἰπεῖν.
1769 4262 1933 4316 Ὅθεν

348 4344 534 4415 δῆλον,
567 4344 650 4396 ὅτι
695 4342 845 4396 οὐδὲν
892 4342 1052 4412 ἡμῶν
1094 4344 1210 4394 ἐκεῖ
1236 4345 1624 4414 προστήσεται,
1654 4346 1748 4399 ἐὰν
1795 4345 1933 4416 ἔργα

355 4429 433 4502 μὴ
476 4427 688 4498 ἔχωμεν
735 4424 938 4493 ἀγαθά·
993 4423 1108 4477 ἀλλ’
1139 4425 1204 4478 ἀν
1250 4442 1308 4477 τε
1350 4425 1791 4498 καθικετεύωμεν
1841 4429 1934 4482 καὶ

353 4510 785 4587 παρακαλῶμεν,
811 4510 876 4563 ἄν
909 4527 968 4562 τε
993 4508 1256 4580 σιγῶμεν,
1287 4509 1487 4580 ὁμοίως
1515 4511 1600 4580 ἐφ’
1635 4513 1784 4582 ἡμᾶς
1814 4512 1933 4583 ἥξει

352 4601 422 4654 τά
461 4599 560 4670 τῆς
592 4595 868 4660 κολάσεως
910 4595 1004 4648 καὶ
1046 4593 1147 4663 τῆς
1180 4593 1469 4664 τιμωρίας.
1501 4595 1768 4649 ’Ἄκουσον
1803 4596 1934 4664 γοῦν

355 4683 474 4746 πῶς
521 4683 614 4736 καὶ
642 4675 796 4743 οὗτος
831 4679 1062 4749 αἰτήσας
1103 4677 1349 4748 αἰτήσεις
1392 4675 1486 4730 δύο
1528 4678 1619 4731 τὸν
1660 4677 1932 4750 Ἀϐραὰμ,

352 4767 683 4840 ἀμφοτέρων
711 4765 970 4834 ἀπέτυχε.
1003 4761 1272 4834 Πρότερον
1297 4762 1396 4833 μὲν
1422 4761 1531 4834 γάρ
1565 4763 1704 4835 ὑπὲρ
1740 4765 1934 4820 ἑαυτοῦ

351 4852 453 4924 τὴν
482 4849 764 4921 ἱκετηρίαν
817 4849 1050 4902 ἐποιεῖτο
1097 4845 1292 4915 λέγων,
1341 4845 1593 4914 Πέμψον
1646 4846 1930 4916 Λάζαρον·

356 4935 586 5008 ὔστερον
634 4933 692 4986 δὲ
745 4933 844 4985 οὐκ
889 4931 970 4985 ἐτι
1011 4932 1151 5002 ὑπὲρ
1204 4931 1421 4994 ἑαυτοῦ,
1469 4930 1608 4984 ἀλλά
1655 4932 1797 5005 ὐπέρ
1829 4933 1936 4988 τῶν

357 5020 625 5089 ἀδελφῶν·
649 5017 786 5072 ἀλλά
819 5017 1078 5088 οὐδεμίαν
1103 5017 1299 5088 ἤνυσεν
1327 5016 1566 5086 αἴτησιν.
1611 5017 1674 5069 Ἦ
1703 5016 1803 5088 μὲν
1827 5017 1937 5087 γὰρ

354 5103 425 5176 ἦν
449 5103 712 5166 ἀδύνατος
743 5103 777 5171 ἡ
818 5101 1080 5172 προτέρα,
1112 5100 1262 5173 [755]
1291 5103 1324 5171 ὴ
1349 5101 1577 5172 δευτέρα
1613 5101 1671 5154 δὲ
1710 5103 1937 5172 περιττὴ

357 5190 392 5259 ή
428 5187 568 5258 ὑπὲρ
597 5185 705 5241 τῶν
734 5183 996 5253 ἀδελφῶν.
1027 5183 1174 5254 Πλὴν
1195 5183 1351 5248 ἀλλὰ,
1377 5185 1426 5236 εἰ
1454 5183 1620 5248 δοκεῖ,
1643 5184 1739 5237 καὶ
1759 5183 1939 5238 αὐτῶν

357 5270 684 5340 ἀκούσωμεν
739 5267 848 5321 τῶν
898 5267 1156 5337 ῥημάτων
1197 5265 1334 5336 μετά
1383 5265 1585 5336 πολλῆς
1632 5267 1735 5338 τῆς
1775 5285 1938 5322 σπου-

357 5355 458 5426 δῆς
493 5353 545 5410 δ.
595 5354 659 5406 Εἰ
709 5350 818 5422 γάρ
863 5350 1121 5422 ἄρχοντος
1159 5353 1216 5403 ἐν
1251 5351 1434 5422 ’ἀγορᾷ
1475 5350 1617 5426 μέσῃ
1647 5351 1939 5406 κατάδικον

357 5439 684 5509 ἀγαγόντος,
711 5435 805 5488 καὶ
832 5432 1058 5503 δημίους
1082 5436 1532 5504 περιστήσαντος,
1559 5435 1654 5489 καὶ
1686 5435 1941 5501 καταξαί-

357 5537 542 5584 νοντος
580 5519 672 5571 τὸν
706 5516 1026 5582 ὑπεύθυνον,
1075 5515 1214 5586 μετά
1247 5516 1447 5588 πολλῆς
1484 5517 1586 5588 τῆς
1629 5519 1940 5592 προθυμίας

361 5603 748 5674 συντρέχουσιν
785 5599 1024 5666 ἀπαντες
1067 5599 1296 5656 ἀκοῦσαι
1327 5599 1659 5676 βουλόμενοι,
1685 5605 1737 5660 τί
1781 5607 1879 5678 μὲν
1911 5608 1941 5660 6

422 5701 451 5731 ο
477 5696 574 5755 Alii.
598 5694 780 5760 χάσμα·

425 5761 454 5803 δ
475 5761 576 5814 Alii
597 5755 681 5819 τῆς
698 5755 954 5821 ἀκριϐείας.

1511 291 1625 354 ⁴ΟΕ
1666 290 1944 350 LAZARO
1982 293 2239 354 CONCIO
2281 297 2372 354 IV.

3483 303 3617 358 1008

2026 413 2286 488 δικαστὴς
2320 420 2522 491 ἐρωτᾷ,
2548 417 2599 472 τί
2627 418 2684 473 δὲ
2706 418 2734 472 6
2763 417 3054 482 κατάδικος
3087 416 3460 487 ἀποκρίνεται·
3495 420 3620 472 πολ-

2027 501 2104 571 λῷ
2140 503 2340 572 μᾶλλον
2370 503 2603 557 ἐνταῦθα
2646 502 2782 574 μετά
2817 502 3105 573 ἀκριϐείας
3140 501 3361 556 ἀκούειν
3401 502 3526 573 χρὴ,
3563 504 3616 556 τί

2031 586 2131 656 μὲν
2166 588 2194 638 6
2223 587 2513 651 κατάδικος
2543 581 2720 650 οὗτος.
2747 589 2775 640 6
2803 585 3055 648 πλούσιος
3086 586 3252 654 λέγω,
3287 585 3447 651 ἀξιοῖ,
3478 587 3532 638 τί
3561 585 3617 639 δὲ

2026 671 2055 723 6
2084 669 2288 735 δίκαιος
2321 670 2579 742 δικαστὴς
2605 669 2958 741 ἀποκρίνεται
2981 669 3070 722 διὰ
3103 670 3196 723 τοῦ
3231 668 3500 740 Ἀϐραάμ.
3540 670 3616 721 υύ

2027 753 2138 823 γάρ
2167 756 2196 807 6
2229 756 2573 825 πατριάρχης
2601 749 2670 822 ῆν
2692 755 2720 806 6
2749 753 3008 816 δικάζων.
3032 753 3080 804 εἰ
3107 753 3202 806 καὶ
3233 752 3399 815 αὐτὸς
3419 751 3619 821 ἐφθέγο

2027 851 2173 903 γετο·
2213 834 2328 889 ἀλλ’
2363 830 2551 906 ῶσπερ
2584 838 2676 889 ἐπὶ
2704 835 2811 888 τῶν
2849 835 3048 900 ἔξωθεν
3091 835 3462 905 δικαστηρίων
3490 834 3618 888 τού-

2027 937 2155 984 των,
2181 921 2308 973 ὅταν
2353 913 2454 972 ὧσί
2495 937 2640 982 τινες
2671 919 2963 972 ὑπεύθυνοι
2997 919 3191 991 λῃσταὶ
3239 919 3334 971 καὶ
3361 919 3620 989 ἀνδροφό-

2027 1020 2130 1064 νοι,
2170 1003 2362 1074 πόρρω
2389 1003 2488 1070 τῆς
2517 1001 2692 1070 ὅψεως
2729 1002 2820 1055 τοῦ
2858 1001 3170 1065 δικάζοντος
3209 1001 3618 1070 ἀποστήσαντες

2028 1083 2247 1148 τούτους
2275 1087 2324 1138 οἰ
2345 1084 2522 1153 νόμοι,
2551 1084 2652 1154 τῆς
2674 1083 2768 1137 τοῦ
2801 1083 3078 1155 κρίνοντος
3104 1086 3204 1136 οὐκ
3231 1085 3618 1154 ἐπιτρέπουσιν

2028 1167 2259 1221 ἀκοῦσαι
2299 1167 2501 1237 φωνῆς,
2534 1166 2636 1220 κᾶν
2682 1167 2858 1237 τούτῳ
2901 1166 3040 1237 μετά
3069 1167 3176 1219 τῶν
3207 1167 3381 1220 ἄλλων
3420 1169 3619 1228 αὐτοὺς

2029 1249 2408 1321 ἀτιμάζοντες,
2445 1249 2580 1303 ἀλλά
2602 1248 2767 1319 μέσος
2791 1266 2874 1312 τις
2898 1249 3138 1302 διακονεῖ
3164 1253 3285 1313 ταῖς
3314 1251 3616 1321 ἐρωτήσεσι

2028 1333 2120 1386 τοῦ
2149 1330 2483 1396 δικάζοντος,
2523 1332 2614 1386 καὶ
2654 1333 2775 1394 ταῖς
2817 1331 3144 1402 ἀποκρίσεσι
3185 1332 3293 1385 τῶν
3333 1331 3619 1402 δικαζομέ-

2028 1433 2134 1471 νων
2158 1428 2206 1456 ε·
2237 1415 2381 1470 οὕτω
2413 1416 2476 1487 δὴ
2505 1416 2602 1468 καὶ¹
2626 1414 2747 1468 τότε
2779 1413 3006 1482 ἐγίνετο.
3045 1416 3120 1468 Οὐ
3147 1415 3242 1468 τοῦ
3269 1415 3406 1468 Θεοῦ
3444 1416 3616 1484 φθεγ-

2029 1499 2272 1572 γομένου,
2292 1499 2430 1570 πρὸς
2462 1498 2624 1552 αὐτὸν
2649 1499 2847 1568 ἤκουεν
2879 1500 2906 1550 6
2945 1499 3256 1564 κατάδικος,
3287 1499 3422 1554 ἀλλά
3455 1501 3615 1570 μέσος

2027 1577 2095 1652 ἦν
2124 1583 2152 1634 6
2187 1580 2458 1653 Ἀϐραάμ,
2484 1580 2551 1634 τά
2573 1579 2726 1651 παρά
2751 1579 2846 1633 τοῦ
2868 1581 3183 1646 δικάζοντος
3200 1583 3618 1653 διακονούμενος

2028 1665 2107 1736 τῷ
2143 1665 2502 1737 δικαζομένῳ.
2533 1665 2606 1717 Οὐ
2635 1663 2744 1735 γάρ
2778 1664 2989 1718 οίκοθεν
3019 1666 3202 1735 ἔλεγεν
3232 1667 3374 1737 ἀπερ
3408 1667 3616 1735 ἔλεγεν,

2030 1749 2167 1803 ἀλλά
2189 1749 2366 1814 θείους
2390 1748 2722 1818 ἀνεγίνωσκε
2746 1747 2944 1819 νόμους
2973 1749 3142 1820 αὐτῷ,
3171 1752 3267 1803 καὶ
3291 1751 3386 1812 τὰς
3412 1750 3618 1805 ἀνωθεν

2031 1831 2338 1905 φερομένας
2365 1832 2548 1902 ἔλεγεν
2570 1829 2895 1901 ἀποφάσεις.
2923 1831 3122 1904 Διόπερ
3146 1825 3300 1897 οὗτος
3327 1832 3447 1885 οὐδὲ
3470 1834 3618 1886 ἀντι-

2033 1915 2214 1984 λέγειν
2245 1911 2379 1985 εἶχε.

2103 1999 2167 2069 β’.
2187 1999 2552 2070 Προσέχωμεν
2571 1999 2752 2054 τοίνυν
2784 2003 2921 2074 μιτά
2937 2000 3222 2071 ἀκριϐείας
3246 2003 3360 2063 τοῖς
3385 1999 3618 2070 λεγομέ-

2029 2098 2161 2145 νοις.
2199 2081 2308 2135 Kal
2334 2081 2446 2153 γὰρ
2479 2081 2735 2154 ἐπίτηδες
2765 2083 3086 2156 ἐνδιατρίὸω
3130 2083 3303 2156 ταύτῃ
3334 2085 3399 2153 τῇ
3438 2099 3618 2154 παρα-

2030 2164 2181 2234 ϐολῇ,
2248 2165 2340 2217 καὶ
2407 2166 2674 2237 τετάρτην
2743 2167 2957 2239 ἡμέραν
3019 2166 3180 2238 ἔχων,
3249 2166 3454 2236 ταύτης
3515 2166 3619 2218 οὐκ

2029 2247 2358 2317 ἀφίσταμαι,
2406 2248 2594 2319 ἐπειδὴ
2644 2250 2738 2303 καὶ
2773 2250 2907 2303 πολὺ
2952 2249 3012 2302 τὸ
3064 2249 3253 2320 κέρδος
3307 2250 3370 2300 ὲκ
3427 2247 3618 2300 τούτου

2028 2329 2124 2382 τοῦ
2151 2329 2486 2400 διηγήματος
2508 2331 2619 2400 ὁρῶ
2646 2333 2932 2402 γινόμενον
2961 2332 3057 2385 καὶ
3086 2330 3366 2393 πλουσίοις
3399 2329 3495 2383 καὶ
3523 2329 3620 2380 πέ-

2031 2431 2176 2480 νησι.
2210 2415 2304 2468 καὶ
2335 2417 2446 2476 τοῖς
2477 2415 2618 2486 ὐπέρ
2647 2415 2742 2485 τῆς
2772 2415 2882 2468 τῶν
2909 2414 3160 2485 πονηρῶν
3195 2413 3498 2484 εὐπραγίας
3525 2413 3621 2466 καὶ

2029 2499 2128 2568 τῆς
2171 2497 2280 2550 τῶν
2311 2497 2536 2551 δικαίων
2566 2498 2757 2562 πενίας
2797 2499 2892 2552 καὶ
2918 2497 3149 2566 θλίψεως
3177 2496 3615 2568 θορυὸουμένοις.

2031 2580 2142 2632 Καὶ
2161 2578 2270 2651 γάρ
2299 2580 2452 2633 οὐδὲν
2480 2578 2624 2633 οῦτω
2653 2581 2780 2643 τοὺς
2804 2580 3034 2644 πολλοὺς
3060 2579 3436 2643 σκανδαλίζειν
3462 2578 3619 2631 εἴωθε

2031 2663 2126 2716 καὶ
2158 2664 2466 2735 ταράττειν,
2507 2663 2582 2726 ὼς
2619 2663 2680 2716 τὸ
2713 2663 3003 2726 πλουσίους
3046 2664 3103 2717 ἐν
3139 2663 3376 2733 πονηρίᾳ
3409 2661 3620 2727 ζῶντας

2031 2747 2333 2818 εὐημερίας
2361 2745 2656 2801 ἀπολαύειν
2683 2747 2904 2819 πολλῆς,
2934 2747 3029 2800 καὶ
3061 2747 3303 2810 δικαίους
3328 2746 3466 2818 μετά
3487 2747 3621 2817 ἀρε-

2031 2830 2130 2900 τῆς
2148 2829 2357 2893 ζῶντας
2377 2828 2514 2900 πρὸς
2529 2831 2765 2900 ἐσχάτην
2779 2829 3100 2884 ἐλαύνεσθαι
3119 2829 3330 2893 πενίαν,
3349 2829 3441 2883 καὶ
3454 2829 3620 2900 ἔτερα

2035 2912 2203 2984 μυρία
2233 2913 2331 2983 τῆς
2354 2912 2547 2976 πενίας
2581 2914 2875 2984 ὑπομένειν
2897 2913 3254 2984 χαλεπώτερα
3284 2914 3617 2984 πράγματα.

2117 2993 2277 3047 Ἀλλά
2311 2993 2450 3065 αῦτη
2483 2996 2640 3066 ἱκανὴ
2667 2998 2700 3067 ή
2733 2997 3016 3068 παραϐολὴ
3049 2999 3350 3068 παρασχεῖν
3379 2996 3449 3048 τὰ
3478 2997 3620 3068 φάρ-

2037 3095 2210 3149 μακα,
2242 3079 2368 3140 τοὺς
2397 3078 2497 3148 μὲν
2532 3079 2898 3144 πλουτοῦντας
2943 3077 3373 3150 σωφρονίζουσα,
3402 3080 3529 3141 τοὺς
3561 3079 3621 3130 δέ

2035 3162 2276 3232 πένητας
2325 3162 2812 3234 παραμυθουμένη·
2859 3165 3104 3227 ἐκείνους
3155 3164 3253 3234 μὲν
3291 3161 3620 3217 παιδεύουσα

2039 3245 2114 3317 μὴ
2148 3245 2289 3316 μέγα
2328 3248 2566 3316 φρονεῖν,
2610 3247 2738 3310 τοὺς
2775 3246 2831 3300 δὲ
2871 3247 3108 3318 πένητας
3149 3245 3618 3318 παραμυθουμένη

2036 3329 2129 3380 ἐπὶ
2186 3333 2298 3391 τοῖς
2339 3328 2597 3401 παροῦσι·
2649 3329 2937 3393 κάκείνους
2987 3330 3086 3400 μὲν
3125 3329 3200 3400 μὴ
3255 3329 3618 3399 μεγαλαυχεῖν

2037 3410 2369 3475 πείθουσαά,
2415 3413 2542 3465 ὅταν
2583 3413 3010 3484 πονηρευόμενοι
3056 3412 3131 3483 μὴ
3175 3412 3336 3466 δῶσιν
3387 3409 3622 3464 ἐνταῦθα

2007 3497 2214 3569 .δίκην,
2252 3497 2328 3560 ὡς
2357 3496 2748 3568 χαλεπωτάτης
2787 3497 3244 3568 ἀπαντησομένης
3291 3497 3475 3558 αὐτοῖς
3504 3498 3623 3548 ἐκεῖ

2036 3579 2141 3649 τῆς
2165 3580 2456 3651 τιμωρίας·
2485 3580 2708 3643 τούτους
2727 3581 2784 3634 δὲ
2811 3579 3225 3652 παρακαλοῦσα,
3255 3580 3328 3650 μὴ
3364 3582 3484 3642 ταῖς
3505 3578 3622 3632 ἐτέ-

2043 3680 2150 3734 ρων
2193 3663 2522 3734 εὐπραγίαις
2571 3663 2936 3734 θορυὸεῖσθαι,
2993 3663 3128 3735 μηδὲ
3171 3662 3414 3734 νομίζειν
3455 3663 3623 3733 ἀπρο-

2038 3747 2206 3816 νόητα
2235 3741 2373 3799 εἶναι
2405 3746 2472 3800 τά
2496 3747 2622 3800 καθ’
2653 3749 2822 3818 ἡμᾶς,
2855 3748 2982 3802 ὅταν
3021 3747 3230 3811 δίκαιος
3262 3748 3360 3818 μὲν
3388 3747 3622 3801 ἐνταῦθα

2039 3829 2225 3900 πάσχῃ
2283 3827 2488 3891 κακῶς,
2540 3830 2778 3901 πονηρὸς
2817 3830 2875 3883 δέ
2921 3832 3014 3884 καλ⁵
3075 3830 3270 3901 μιαρὸς
3335 3829 3624 3901 ἄνθρωπος

2039 3911 2342 3983 εὐημερίας
2394 3909 2644 3984 ἀπολαύῃ
2687 3913 2988 3982 διηνεκοῦς.
3039 3914 3365 3984 Ἀμφότεροι
3412 3913 3522 3984 γὰρ
3560 3915 3624 3967 τὸ

2041 3998 2161 4051 κατ’
2207 3995 2364 4062 ἀξίαν
2396 3994 2769 4065 ἀπολήψονται
2811 3996 2950 4059 ἐκεῖ,
2989 3998 3017 4049 6
3046 3997 3144 4066 μὲν
3173 3998 3300 4060 τοὺς
3326 3997 3624 4064 στεφάνους

2038 4080 2140 4150 τῆς
2168 4079 2447 4150 ὑπομονῆς
2484 4078 2580 4132 καὶ
2615 4078 2717 4149 τῆς
2749 4077 3068 4149 καρτερίας,
3101 4081 3130 4131 6
3161 4079 3217 4132 δὲ
3243 4080 3342 4142 τὰς
3371 4079 3624 4143 κολάσεις

2040 4165 2136 4217 καὶ
2167 4162 2268 4226 τάς
2303 4161 2574 4233 τιμωρίας
2613 4161 2714 4232 τῆς
2752 4161 3036 4232 πονηρίας.
3066 4160 3288 4234 Ταύτην
3317 4161 3415 4234 τὴν
3443 4179 3624 4235 παρα-

2042 4244 2203 4317 ϐολὴν
2223 4244 2536 4314 ἐγγράψατε
2571 4245 2666 4298 καὶ
2693 4243 2935 4297 πλούσιοι
2969 4244 3065 4298 καὶ
3087 4244 3341 4317 πένητες·
3377 4246 3625 4300 πλούσιοι

2041 4331 2098 4382 ἐν
2146 4331 2256 4392 τοῖς
2297 4327 2496 4396 τοίχοις
2540 4327 2640 4397 τῆς
2673 4328 2941 4400 ὑμετέρας
2983 4328 3184 4393 οἰκίας,
3223 4329 3455 4399 πένητες
3484 4331 3626 4384 δὲέν

2039 4416 2154 4477 τοῖς
2181 4412 2380 4483 τοίχοις
2415 4411 2518 4481 τῆς
2544 4411 2803 4473 διανοίας·
2835 4409 2938 4464 κᾶν
2965 4411 3256 4483 ἐξαλειφθῇ
3295 4429 3428 4465 ποτε
3453 4412 3626 4484 λήθης

2043 4494 2422 4567 ἐγγινομένης,
2476 4493 2796 4566 ἐπιχρίσατε
2861 4494 3024 4548 πάλιν
3079 4495 3168 4548 διά
3235 4494 3338 4565 τῆς
3405 4497 3626 4566 μνήμης

2042 4579 2270 4634 ἀνωθεν.
2305 4578 2522 4634 Μᾶλλον
2553 4579 2610 4632 δὲ
2635 4580 2728 4632 καὶ
2756 4581 2804 4632 οί
2828 4579 3074 4634 πλούσιοι
3105 4580 3212 4652 πρὸ
3234 4580 3335 4650 τῆς
3359 4580 3536 4644 οἰκίας
3567 4581 3627 4632 ἐν

2042 4667 2109 4735 τῇ
2144 4663 2351 4734 διανοίᾳ
2374 4661 2733 4734 διαγράψατε,
2768 4663 2862 4716 καὶ
2891 4664 3130 4734 συνεχῶς
3158 4663 3506 4733 περιφέρετε,
3533 4664 3627 4715 καὶ

2045 4748 2198 4801 ἔσται
2243 4746 2616 4800 διδασκαλεῖον
2677 4747 2808 4818 ὑμῖν
2862 4746 2958 4800 καὶ
3001 4746 3259 4810 ὑπόθεσις
3305 4747 3628 4816 φιλοσοφίας

2045 4832 2284 4902 ἀπάσης.
2348 4829 2474 4883 Ἐὰν
2537 4829 2648 4902 γάρ
2705 4829 2910 4901 ταύτην
2957 4829 3220 4901 διηνεκῶς
3263 4827 3416 4901 [754]
3465 4831 3628 4898 ἐγγεο

2045 4913 2371 4987 γραμμένην
2404 4913 2618 4985 ἔχωμεν
2653 4915 2712 4967 ἐν
2740 4917 2806 4985 τῇ
2833 4912 3060 4984 διανοίᾳ,
3097 4911 3220 4965 οὐτε
3257 4911 3329 4966 τὰ
3351 4913 3625 4985 περιχαρῆ

2045 4998 2138 5053 τοῦ
2172 4997 2440 5069 παρόντος
2466 4997 2583 5068 βίου
2611 4999 2760 5068 ἡμᾶς
2793 4999 3034 5068 φυσῆσαι
3063 4997 3375 5066 δυνήσεται,
3398 4995 3521 5050 οὔτε
3557 4998 3628 5051 τά

2044 5081 2266 5153 λυπηρά
2291 5081 2628 5134 ταπεινῶσαι
2662 5082 2754 5134 καὶ
2787 5079 3060 5133 καθελεῖν·
3093 5077 3229 5132 ἀλλά
3257 5078 3332 5142 ὡς
3363 5078 3501 5149 πρὸς
3527 5079 3628 5154 τάς

2047 5165 2366 5237 ζωγραφίας
2398 5164 2496 5228 τὰς
2519 5167 2542 5196 °
2571 5167 2628 5219 ἐν
2651 5167 2762 5227 τοῖς
2792 5164 3014 5234 τοίχοις,
3047 5160 3189 5215 οὕτω
3219 5161 3355 5232 πρὸς
3387 5162 3628 5233 ἐκάτερα

2045 5251 2222 5305 ταῦτα
2257 5249 2667 5319 διακεισόμεθα.
2704 5247 2970 5317 Καθάπερ
3017 5245 3127 5318 γάρ
3171 5249 3228 5300 ἐν
3271 5249 3385 5309 τοῖς
3425 5248 3628 5319 τοίχοις

2045 5333 2432 5407 γεγραμμένον
2478 5332 2712 5404 ὁρῶντες
2765 5330 3017 5383 πλούσιον
3077 5329 3172 5384 καὶ
3211 5329 3440 5402 πένητα,
3499 5331 3625 5387 οὔτε

2045 5417 2241 5490 ἐκείνῳ
2294 5415 2620 5485 φθονοῦμεν,
2670 5411 2794 5466 οὔτε
2841 5411 2934 5465 τοῦ
2984 5413 3217 5485 πένητος
3266 5417 3624 5493 ὕπερορῶμεν

2046 5502 2133 5558 διά
2169 5503 2230 5556 τὸ
2259 5498 2415 5555 σκιὰν
2447 5497 2585 5552 ἀλλά
2619 5496 2697 5570 μὴ
2726 5495 3067 5569 πραγμάτων
3095 5497 3354 5571 ἀλήθειαν
3391 5493 3529 5554 εἶναι
3555 5499 3624 5552 τὰ

2111 5641 2135 5670 ⁸
2162 5634 2263 5687 Alii
2288 5633 2374 5684 τοῦ
2395 5633 2718 5695 δικαζομένου.

2111 5699 2140 5741 ιι
2171 5699 2409 5748 Πείθουσα
2427 5691 2573 5744 deest
2595 5697 2642 5743 in
2666 5691 2857 5742 duobus
2876 5705 2995 5741 mss.

2118 5766 2141 5794 ε
2163 5761 2261 5817 Alii
2285 5759 2387 5810 ἀλλ’
2411 5758 2571 5822 ὥσπερ
2588 5757 2689 5813 ταῖς
2712 5753 2991 5821 ζωγραφίαις
3011 5753 3130 5814 ταῖς.
