4046 6146
363 313 489 371 1009

359 428 626 491 videmus,
657 425 843 480 umbra
875 437 1049 478 rerum
1074 421 1199 488 sint,
1230 435 1336 475 non
1361 422 1554 475 veritas
1579 438 1592 475 :
1616 421 1693 476 sic
1718 431 1771 475 et
1797 418 1933 474 divi-

362 519 555 572 tiarum
578 525 631 569 et
662 514 1008 585 paupertatis,
1039 513 1221 583 glorias
1246 522 1300 565 et
1322 511 1648 581 iguomiuim,
1678 511 1931 564 aliarum-

355 624 459 678 que
483 622 662 663 rerum
691 607 927 660 omnitun
969 605 1081 658 sive
1122 604 1350 658 tristium
1376 603 1487 657 sive
1513 603 1752 657 betarqu
1783 609 1935 656 natu-

353 714 467 752 ram
494 700 537 751 si
569 697 892 763 noverimus,
941 694 1281 748 liberabimur
1309 709 1337 747 a
1368 692 1685 758 turbatione,
1717 706 1837 761 quae
1864 706 1930 745 ex

355 792 546 842 harum
583 802 896 856 unaquaque
940 786 991 838 in
1038 786 1192 839 nobis
1233 784 1375 854 gigni
1418 784 1573 838 solet.
1622 783 1747 837 Haec
1788 783 1930 836 enim

353 879 532 931 omnia
565 878 748 947 quavis
771 877 956 930 umbra
980 876 1251 930 fallaciora
1274 885 1431 941 sunt;
1461 875 1663 929 homini
1686 890 1811 929 vero
1827 875 1931 928 alta

352 978 535 1025 mente
564 971 788 1039 prauiito
816 978 974 1039 atque
1008 983 1271 1037 generoso
1312 968 1472 1023 null:e
1499 983 1586 1022 res
1612 968 1847 1021 illustres
1868 982 1932 1022 ac

350 1060 645 1128 splendidae
687 1061 953 1128 attollere,
992 1061 1151 1115 nullte
1190 1060 1417 1114 humiles
1445 1058 1772 1128 abjectteque
1800 1073 1928 1112 con-

355 1153 570 1207 trahere
604 1153 839 1207 animum
882 1160 1125 1222 possunt.
1165 1152 1361 1206 Verum
1404 1152 1514 1219 jam
1544 1160 1752 1220 tempus
1779 1152 1931 1205 nobis

350 1255 454 1309 est,
487 1252 543 1297 ut
567 1244 746 1298 divitis
781 1245 943 1300 verba
968 1244 1284 1298 audiamus:
1314 1244 1503 1309 Orate,
1533 1244 1721 1313 inquit,
1750 1253 1925 1313 pater,

354 1337 455 1391 hoc
482 1347 563 1391 est
585 1338 810 1392 obsecro
836 1352 1090 1407 rogoque,
1119 1346 1171 1390 ut
1192 1338 1358 1390 mittas
1375 1335 1625 1389 Lazarum
1650 1338 1702 1389 in
1727 1336 1931 1388 domum

353 1430 511 1497 patris
541 1429 671 1493 mei;
702 1439 821 1482 sunt
859 1431 991 1482 enim
1022 1430 1144 1482 mihi
1169 1430 1386 1498 quinque
1410 1432 1622 1498 fratres;
1650 1437 1705 1481 ut
1750 1428 1930 1495 testiﬁ-

350 1531 492 1573 cetur
530 1520 667 1588 illis,
721 1538 785 1575 rte
826 1522 1026 1575 veniant
1072 1522 1124 1575 in
1166 1522 1299 1575 hunc
1340 1521 1503 1575 locum
1550 1530 1927 1573 tormentorum.

356 1611 643 1681 Postquam
689 1627 786 1681 pro
825 1627 885 1665 se
936 1628 1042 1666 non
1090 1613 1500 1681 impetraverat,
1542 1626 1637 1681 pro
1662 1610 1778 1664 aliis
1810 1612 1932 1666 facit

350 1704 818 1773 supplicationem.
862 1705 993 1760 Vide
1031 1720 1187 1774 quam
1237 1704 1544 1768 humanum,
1590 1719 1747 1774 quam
1774 1719 1929 1758 man-

349 1806 556 1851 suetum
598 1812 750 1866 poena
795 1796 1085 1851 reddiderit
1114 1812 1257 1851 eum.
1286 1796 1384 1863 Qui
1415 1811 1643 1865 namque
1668 1794 1928 1849 Lazarum

353 1898 671 1958 praesentem
705 1888 1050 1958 de5piciebat,
1085 1890 1313 1943 aliorum
1339 1889 1638 1943 absentium
1669 1903 1811 1942 nunc
1832 1902 1927 1942 cu-

349 1997 463 2034 ram
514 1981 718 2035 habet:
753 1982 840 2052 qui
885 1992 1010 2036 ante
1058 1982 1240 2036 oculos
1278 1981 1544 2050 jacentem
1588 1980 1926 2051 praeteribat,

349 2072 593 2125 meminit
638 2082 822 2126 eorum
867 2088 1002 2142 quos
1051 2089 1155 2126 non
1211 2071 1372 2136 videt,
1431 2072 1704 2141 multoque
1753 2070 1929 2124 studio

354 2163 627 2230 postulat,
674 2176 729 2217 ut
757 2165 935 2233 aliquo
963 2164 1120 2220 modo
1150 2166 1253 2219 illis
1299 2164 1653 2234 prospiciatur
1674 2163 1929 2220 adversus

349 2254 676 2309 imminentia
705 2257 837 2308 mala
865 2274 876 2309 :
901 2256 1251 2326 obsecratque
1273 2264 1329 2310 ut
1355 2255 1589 2310 Lazarus
1621 2256 1673 2309 in
1700 2256 1919 2310 domum

353 2346 516 2413 patris
539 2347 799 2412 mittatur,
826 2347 910 2401 ubi
940 2348 1037 2416 ipsi
1068 2347 1241 2402 fuerat
1269 2363 1429 2402 arena
1455 2347 1790 2419 stadiumque
1812 2348 1925 2401 vir-

348 2440 473 2491 tutis
502 2447 764 2508 apertum.
795 2438 872 2493 illi
916 2440 1127 2493 videant
1170 2439 1317 2493 illum
1346 2439 1634 2503 coronari,
1668 2441 1756 2507 qui
1780 2438 1927 2493 vide-

349 2538 475 2584 runt
504 2540 801 2585 certantem
830 2533 954 2600 :qui
984 2541 1145 2585 testes
1172 2532 1379 2584 fuerunt
1409 2530 1483 2584 illi
1514 2532 1834 2599 paupertatis
1865 2545 1927 2586 ac

348 2619 536 2684 famis,
584 2622 917 2691 aliorumque
955 2622 1219 2676 malorum
1264 2621 1751 2689 innumerabilium,
1799 2621 1926 2677 fiant

351 2720 515 2765 testes
538 2711 757 2766 honoris
787 2722 841 2766 et
866 2713 1167 2783 ignominiae
1206 2714 1259 2767 in
1289 2728 1501 2768 omnem
1532 2714 1754 2783 gloriam
1780 2729 1925 2769 com-

346 2813 567 2858 mutatae
596 2822 607 2857 :
640 2812 699 2858 ut
726 2805 991 2875 ,utrinque
1037 2805 1279 2875 castigati
1317 2804 1601 2875 doctique,
1653 2804 1793 2875 quod
1837 2818 1925 2859 res

346 2904 542 2949 nostrae
586 2911 914 2965 nequaquam
958 2897 1237 2965 praesentis
1279 2896 1401 2950 vitae
1436 2895 1668 2951 termino
1691 2896 1923 2950 circum-

344 2985 664 3051 scribantur,
696 2986 906 3040 tandem
953 2995 1254 3056 prteparent
1278 3001 1421 3051 sese,
1461 2996 1519 3041 ut
1546 2987 1682 3041 hanc
1710 3001 1923 3055 ptenarn

344 3078 741 3147 cruciatumque
763 3079 964 3148 possint
992 3077 1244 3148 effugere.
1268 3078 1404 3146 Quid
1429 3078 1586 3148 igitur
1609 3077 1923 3133 Abraham?

348 3166 566 3233 Habent,
616 3168 802 3238 inquit,
854 3167 1085 3238 Moysem
1126 3178 1171 3221 et
1202 3167 1493 3237 prophetas,
1540 3166 1752 3220 audiant
1784 3167 1919 3220 illos.

344 3261 459 3315 Non
499 3277 650 3330 teque
683 3271 737 3315 tu
764 3276 920 3315 curas
949 3261 1141 3315 fratres
1184 3269 1300 3315 tuos
1324 3270 1482 3329 atque
1513 3260 1653 3313 Deus
1683 3260 1770 3329 qui
1803 3258 1921 3314 illos

340 3352 611 3406 condidit:
636 3358 943 3406 innumeros
987 3352 1091 3404 illis
1117 3350 1357 3404 adhibuit
1387 3350 1668 3418 magistros
1691 3391 1704 3414 ,
1742 3349 1924 3405 admo-

346 3446 569 3507 nitores,
619 3444 969 3505 consultores,
1014 3441 1401 3495 adhortatorcs.
1458 3440 1596 3506 Quid
1634 3440 1793 3509 igitur
1833 3440 1921 3494 ille

340 3533 650 3603 reSpondit?
681 3532 823 3597 Non,
846 3533 1032 3601 inquit,
1055 3542 1196 3599 pater
1224 3531 1501 3597 Abraham,
1529 3530 1618 3583 sed
1645 3532 1690 3584 si
1716 3532 1827 3599 quis
1858 3546 1920 3583 ea:

340 3624 549 3677 mortuis
576 3622 764 3687 redeat,
793 3623 870 3675 illi
899 3623 1118 3675 credent.
1144 3621 1267 3674 Hcce
1292 3629 1413 3674 sunt
1442 3620 1583 3689 vulgi
1615 3619 1795 3675 verba.
1817 3619 1918 3674 Ubi

340 3729 485 3769 nunc
513 3722 636 3768 sunt
663 3715 749 3783 qui
777 3713 995 3778 dicunt,
1043 3712 1189 3766 illinc
1218 3712 1406 3766 rediit?
1433 3712 1560 3779 Quis
1588 3726 1652 3765 ex
1695 3710 1918 3764 mortuis

339 3806 608 3861 surrexit?
635 3806 766 3872 Quis
786 3807 1020 3857 narravit
1044 3820 1165 3873 quae
1188 3813 1313 3858 suut
1329 3804 1468 3873 apud
1491 3804 1723 3858 inferos?
1746 3802 1916 3869 Quam

340 3897 505 3950 multa
533 3898 631 3950 alia
660 3907 909 3966 tantaque
939 3896 1146 3949 dicebat
1174 3894 1313 3962 apud
1351 3894 1583 3963 scipsum
1620 3894 1768 3949 dives
1792 3894 1909 3960 ille,

337 4004 457 4043 cum
496 4002 796 4043 versaretur
834 3990 884 4040 in
915 3986 1361 4058 deliciis?Neque
1401 3988 1542 4041 enim
1585 3995 1784 4042 temere
1824 4003 1917 4058 po-

339 4081 584 4143 stulabat,
622 4088 677 4132 ut
702 4080 891 4149 aliquis
920 4088 1164 4149 surgeret
1192 4094 1255 4133 ex
1286 4080 1533 4133 mortuis.
1564 4079 1757 4134 Verum
1784 4094 1916 4149 quo-

338 4171 479 4224 niam
504 4173 614 4239 ipse
640 4172 860 4225 audiens
875 4172 1176 4239 Scripturas
1201 4178 1611 4240 contempserat,
1632 4171 1913 4236 deriserat,

338 4263 541 4316 fabulas
589 4277 708 4316 esse
754 4278 871 4331 qua:
919 4263 1230 4316 dicebantur
1266 4263 1754 4332 credideratzerga
1803 4263 1917 4316 htec

335 4355 475 4407 sicut
506 4354 617 4421 ipse
639 4352 811 4405 fuerat
835 4352 1072 4419 affectus,
1107 4354 1175 4406 ita
1199 4353 1421 4407 habebat
1443 4354 1743 4422 opinionem
1770 4360 1824 4407 et
1848 4353 1916 4407 de

335 4446 591 4502 fratribus
639 4448 768 4500 suis.
817 4445 930 4513 Illi,
977 4446 1179 4515 inquit,
1225 4445 1302 4500 sic
1340 4447 1658 4514 opinantur:
1689 4444 1829 4514 quod
1871 4445 1912 4498 si

335 4538 453 4607 quis
478 4552 540 4591 ex
574 4536 801 4590 mortuis
831 4536 1043 4590 redierit
1068 4577 1083 4602 ,
1115 4550 1217 4590 non
1248 4535 1579 4605 derogabunt
1611 4535 1767 4589 fidem
1797 4534 1871 4589 illi
1895 4575 1911 4600 ,

337 4645 509 4699 neque
538 4628 889 4695 deridebunt,
930 4628 1023 4682 sed
1060 4628 1234 4697 potius
1263 4627 1635 4682 auscultabunt
1674 4628 1767 4693 iis,
1797 4640 1914 4696 qua:

337 4721 597 4775 dicentur.
627 4721 762 4787 Quid
797 4722 955 4791 igitur
984 4720 1284 4775 Abraham?
1311 4720 1373 4775 Si
1404 4718 1597 4773 Mosam
1629 4729 1674 4773 et
1698 4720 1915 4790 praphe-
1995 4764 1999 4769 .

336 4825 413 4866 tu:
438 4829 539 4865 non
548 4815 780 4876 audiunt,
800 4829 889 4866 nec
911 4813 1078 4882 siquis
1094 4828 1125 4864 a
1145 4812 1353 4864 mortuis
1374 4811 1666 4876 surrexerit,
1690 4812 1908 4864 credent.

338 4904 501 4974 ldmte
524 4918 708 4958 verum
735 4920 854 4958 esse
878 4946 892 4968 ,
924 4903 1065 4973 quod
1113 4904 1202 4973 qui
1246 4918 1355 4957 non
1393 4902 1540 4956 audit
1573 4901 1872 4970 Scripturas
1894 4943 1910 4966 ,

338 5012 510 5066 neque
539 5012 604 5052 ex
634 4997 856 5052 mortuis
881 4998 1135 5052 excitatos
1163 4996 1437 5051 auditurus
1457 4995 1546 5059 sit,
1578 4995 1914 5050 declararunt

336 5089 504 5145 Iudici
533 5088 657 5158 :qui
683 5089 935 5157 quoniam
960 5088 1160 5142 Mosem
1190 5102 1251 5142 ac
1278 5087 1569 5156 prephetas
1597 5102 1703 5142 non
1732 5085 1913 5139 audie-

334 5187 457 5234 rant
478 5221 493 5244 ,
527 5195 700 5249 neque
736 5194 857 5234 cum
889 5190 1128 5233 mortuos
1152 5178 1408 5233 vidissent
1431 5177 1710 5243 excitatos,
1741 5174 1912 5230 credi-

331 5275 526 5329 derunt
551 5288 766 5329 :verum
787 5287 929 5327 nunc
958 5271 1169 5342 quidem
1198 5272 1453 5325 Lazarum
1481 5269 1728 5325 occidere
1753 5282 1912 5322 cona-

332 5368 549 5434 bantur,
579 5381 723 5420 nuuc
747 5380 931 5420 rursus
953 5365 1006 5419 iu
1035 5364 1317 5433 Apostolos
1342 5364 1599 5433 impetum
1625 5360 1909 5424 faciebant,

329 5460 575 5529 quamvis
628 5457 777 5512 multi
821 5458 934 5527 jam
982 5471 1048 5511 ex
1099 5455 1321 5510 mortuis
1371 5462 1751 5521 surrexerant,
1806 5467 1912 5523 quo

334 5562 575 5620 tempore
602 5565 732 5603 crux
761 5546 1169 5618 praedicabatur.

402 5645 457 5698 5.
490 5641 559 5698 Ut
601 5655 727 5695 vero
757 5650 809 5695 et
850 5638 1063 5693 aliunde
1102 5652 1392 5707 cognoscas
1421 5636 1560 5708 quod
1602 5636 1814 5707 gravior
1840 5635 1909 5689 sit

332 5734 728 5805 Scripturarum
754 5747 814 5786 ac
840 5731 1215 5803 prophetarum
1238 5728 1496 5798 doctrina,
1514 5745 1675 5802 quam
1700 5729 1741 5784 si
1763 5729 1851 5799 qui
1877 5743 1907 5782 a

1591 307 1677 362 DE
1716 304 1989 362 LAZABO
2028 302 2269 361 CONCIO
2307 307 2394 361 IV.

2009 452 2014 458 -
2047 419 2269 473 mortuis
2310 416 2611 473 resuscitati
2634 418 2936 474 renuntient
2966 437 2981 474 :
3014 420 3137 483 illud
3178 422 3451 478 considera
3478 427 3617 493 quod

3484 313 3617 369 10M

2037 506 2275 577 quisquis
2301 517 2541 561 mortuus
2567 518 2668 573 est,
2692 522 2877 563 servus
2901 518 2981 564 est
3001 528 3013 563 :
3032 526 3149 580 qua:
3180 526 3308 566 vero
3329 513 3620 584 Scriptum

2037 597 2362 666 loquuntur,
2412 600 2661 669 loquutus
2705 609 2790 654 est
2835 600 3105 656 Dominus.
3140 602 3368 658 Proinde
3408 606 3618 661 etiamsi

2035 695 2277 743 mortuus
2303 689 2601 754 reviviscat,
2619 689 2825 743 etiamsi
2852 692 3069 760 angelus
3098 709 3127 745 e
3154 694 3285 749 caelo
3306 694 3615 764 descendat,

2035 779 2268 834 maxime
2293 779 2531 835 omnium
2559 780 2883 835 credendum
2912 791 2994 837 est
3021 782 3329 852 Scripturis.
3357 786 3488 840 Nam
3519 804 3618 842 an-

2035 869 2275 939 gelorum
2303 871 2560 926 Dominus
2582 913 2599 937 ,
2627 881 2956 928 mortuorum
3000 877 3195 942 pariter
3236 893 3299 932 ac
3327 878 3615 933 viventium

2034 962 2300 1029 dominus,
2329 963 2443 1032 ipse
2470 978 2563 1018 cas
2590 964 2845 1019 condidit.
2871 965 2953 1019 Ad
2985 966 3096 1021 haec
3124 967 3265 1037 quod
3293 984 3614 1038 supervaca-

2034 1068 2132 1107 nea
2155 1062 2396 1123 quaerant
2420 1055 2509 1123 qui
2536 1054 2843 1110 desiderant
2868 1064 2925 1110 ut
2952 1058 3145 1112 mortui
3185 1059 3327 1114 illinc
3355 1060 3576 1115 redeant
3598 1103 3614 1128 ,

2034 1155 2228 1215 prtetcr
2253 1144 2367 1201 haec
2388 1162 2508 1216 qua:
2532 1146 2672 1201 dicta
2689 1156 2833 1214 sunt,
2865 1150 3026 1204 etiam
3051 1151 3117 1203 ab
3144 1150 3300 1219 hujus
3327 1153 3506 1208 mundi
3527 1155 3619 1207 tri-

2035 1237 2319 1292 bunalibus
2362 1241 2731 1295 demonstrare
2771 1240 2913 1295 licet.
2966 1241 3217 1297 Gehenna
3260 1260 3363 1298 non
3408 1246 3617 1300 videtur

2034 1330 2354 1385 incredulis:
2381 1347 2503 1385 nam
2529 1331 2872 1387 credentibus
2897 1341 2980 1387 est
3010 1335 3285 1403 perspicua
3316 1338 3618 1392 manifesta-

2033 1435 2155 1490 que,
2189 1430 2364 1475 tamen
2392 1421 2461 1476 ab
2490 1421 2779 1475 incredulis
2809 1437 2914 1475 non
2940 1424 3275 1492 perspicitur.
3309 1426 3617 1480 Tribunalia

2034 1515 2315 1581 videntur,
2364 1515 2706 1584 quotidieque
2750 1513 2994 1569 audimus
3040 1515 3181 1585 quod
3228 1516 3317 1571 ille
3357 1518 3617 1588 supplicio

2032 1603 2255 1661 allectus
2296 1614 2416 1670 est,
2450 1606 2590 1660 illius
2634 1607 2929 1675 proscripta
2976 1606 3114 1661 bona
3138 1648 3153 1671 ,
3184 1608 3320 1662 alius
3367 1618 3617 1678 operatur

2034 1696 2088 1751 in
2129 1697 2358 1765 fodinis,
2390 1698 2527 1752 alius
2568 1707 2788 1752 exustus
2827 1707 2909 1752 est
2951 1698 3094 1768 igni,
3128 1700 3262 1754 alius
3305 1701 3411 1755 alio
3441 1717 3615 1771 preme

2032 1785 2385 1858 vindictmque
2410 1803 2607 1858 genere
2632 1788 2818 1856 periit:
2836 1796 2890 1843 et
2916 1798 3090 1843 tamen
3117 1788 3232 1842 haec
3256 1804 3374 1843 cum
3394 1791 3616 1847 audiunt

2034 1879 2157 1932 mali
2183 1892 2246 1932 ac
2278 1878 2562 1933 facinorosi
2589 1878 2919 1946 maleiicique
2945 1893 3050 1931 non
3078 1878 3447 1933 emendantur.
3476 1878 3616 1946 Quid

2035 1985 2161 2023 vero
2186 1969 2307 2024 dico
2335 1970 2525 2023 mirum
2550 2010 2567 2035 ,
2596 1968 2738 2038 quod
2782 1969 2815 2023 ii
2843 2009 2861 2032 ,
2904 1969 2992 2036 qui
3038 1984 3325 2039 numquam
3357 1970 3409 2024 in
3437 1986 3497 2024 ea
3530 1971 3614 2025 in-

2032 2058 2276 2122 ciderint,
2309 2074 2417 2112 non
2442 2059 2824 2113 emendantur?
2845 2058 2993 2112 Multi
3019 2058 3326 2129 frequenter
3351 2060 3403 2114 in
3434 2061 3496 2114 iis
3521 2060 3615 2116 de-

2032 2148 2300 2217 prehensi,
2324 2157 2669 2218 posteaquam
2686 2148 2986 2218 effugerunt
3017 2163 3250 2218 pcenam,
3270 2150 3616 2221 perfossaque

2030 2254 2248 2294 carcere
2289 2240 2455 2306 elapsi
2484 2247 2646 2303 sunt,
2672 2255 2860 2293 rursus
2889 2239 3073 2293 eadem
3101 2239 3477 2309 aggrediuntur
3497 2281 3512 2305 ,
3559 2249 3615 2296 ct

2031 2329 2200 2383 multo
2221 2328 2302 2382 his
2324 2328 2662 2383 sceleratiora
2686 2337 3011 2397 perpetrant.

2102 2420 2295 2474 Μοτιαὶ
2319 2437 2476 2488 quare
2504 2436 2604 2474 non
2629 2430 2928 2491 appareant.
2943 2419 3109 2475 -Ne
3132 2421 3289 2490 igitur
3313 2438 3615 2491 quaeramus

2031 2512 2145 2567 haec
2189 2513 2374 2567 audire
2402 2529 2437 2567 a
2462 2514 2689 2567 mortuis
2712 2555 2727 2580 ,
2758 2529 2876 2582 qua:
2924 2513 3092 2567 multo
3137 2513 3333 2568 clarius
3379 2515 3614 2584 quotidie

2028 2619 2130 2659 nos
2151 2604 2347 2659 docent
2381 2618 2547 2659 sacra:
2574 2604 2763 2660 literte.
2792 2602 2927 2658 Nam
2954 2604 2998 2658 si
3038 2604 3271 2659 novisset
3298 2604 3400 2658 hoc
3432 2605 3570 2660 Deus
3592 2645 3611 2673 ,

2028 2699 2168 2768 quod
2220 2699 2416 2753 mortui
2462 2699 2676 2753 excitati
2728 2699 3029 2753 viventibus
3078 2707 3261 2754 essent
3307 2700 3610 2767 profuturi,

2028 2805 2360 2859 nequaquam
2401 2790 2704 2858 omisisset,
2755 2807 2927 2861 neque
2969 2799 3172 2846 tantum
3215 2792 3425 2847 lucrum
3469 2809 3609 2863 pnn-

2028 2880 2258 2934 teriisset
2281 2921 2299 2945 ,
2330 2880 2417 2948 qui
2461 2890 2650 2935 cuncta
2681 2881 2835 2935 nobis
2875 2882 3023 2935 utilia
3072 2890 3339 2952 procurat.
3368 2883 3448 2938 Ad
3494 2883 3611 2938 haec

2028 2974 2074 3028 si
2103 2973 2317 3028 assidue
2344 2982 2498 3028 erant
2520 2973 2785 3027 excitandi
2811 2973 3005 3028 mortui
3028 3014 3045 3040 ,
3076 2974 3337 3043 nobisque
3358 2990 3476 3044 quae
3503 2975 3612 3030 illic

2024 3077 2283 3137 geruntur
2309 3066 2657 3121 renuntiaturi
2687 3106 2701 3130 ,
2732 3074 2787 3120 et
2815 3065 2914 3119 hoc
2941 3066 3115 3134 ipsum
3156 3081 3439 3135 progressu
3470 3074 3607 3121 tem-

2026 3158 2171 3227 poris
2212 3158 2395 3211 fuisset
2423 3164 2782 3224 contemptum
2814 3173 2830 3210 :
2864 3164 3118 3224 pra-terea
3149 3171 3397 3223 perversa
3444 3156 3605 3211 etiam

2024 3248 2270 3317 dogmata
2299 3246 2541 3301 diabolus
2575 3246 2859 3299 invexisset
2884 3285 2904 3309 ,
2932 3245 3091 3313 idque
3112 3245 3398 3300 admodum
3432 3247 3603 3301 facile.

2026 3339 2290 3393 Potuisset
2314 3338 2456 3391 enim
2502 3336 2807 3405 frequenter
2830 3335 3112 3390 ostendere
3154 3336 3432 3390 simulacra
3458 3377 3472 3401 ,
3515 3346 3609 3391 aut

2024 3429 2318 3484 subornare
2337 3429 2422 3498 qui
2450 3427 3002 3480 simularentmortem
3026 3441 3089 3480 ac
3114 3428 3460 3496 sepulturam,
3481 3443 3605 3483 mox

2025 3532 2209 3572 rursus
2235 3533 2356 3572 sese
2396 3516 2739 3571 ostenderent
2762 3557 2780 3581 ,
2810 3517 2959 3586 quasi
2987 3532 3021 3571 e
3046 3518 3267 3570 mortuis
3306 3519 3564 3572 excitatos
3587 3559 3606 3583 ,

2024 3627 2087 3665 ac
2130 3626 2227 3680 per
2271 3610 2391 3663 illos
2431 3622 2778 3677 quiecumque
2821 3607 2979 3661 vellet
3023 3607 3343 3676 persuadere
3383 3607 3605 3662 delusis.

2025 3703 2233 3758 Etenim
2263 3701 2312 3756 si
2339 3716 2480 3755 nunc
2506 3716 2625 3755 cum
2656 3701 2759 3755 tale
2786 3700 2918 3754 nihil
2944 3700 3033 3766 sit,
3063 3700 3267 3753 somnia
3299 3699 3601 3770 frequenter

2022 3792 2405 3848 dormientibus
2436 3791 2545 3845 visa
2563 3790 2722 3845 veluti
2750 3805 2955 3854 eorum,
2974 3790 3060 3859 qui
3092 3790 3214 3845 hinc
3237 3790 3604 3857 decesserunt,

2024 3884 2217 3938 multos
2271 3882 2632 3951 deccpcrunt,
2686 3880 3031 3949 perdiderunt
3082 3882 3601 3951 subverteruntque,

2023 3975 2188 4033 multo
2232 3973 2401 4042 magis
2448 3972 2500 4025 id
2542 3971 2858 4034 accidisset,
2905 3971 2948 4024 si
2996 3969 3095 4023 hoc
3133 3969 3327 4025 factum
3372 3971 3599 4039 fuisset,

2020 4073 2177 4133 atque
2204 4063 2257 4117 in
2286 4060 2554 4116 mentibus
2577 4059 2850 4113 hominum
2878 4059 3222 4125 obtinuisset;
3242 4060 3383 4128 quod
3411 4076 3602 4129 nempe

2021 4155 2171 4210 multi
2197 4154 2569 4209 defunctorum
2591 4152 2875 4206 rediissent
2900 4151 2956 4205 in
2980 4151 3162 4216 vitam,
3190 4151 3602 4208 innumerabiles

2020 4246 2308 4302 sceleratus
2349 4245 2441 4299 ille
2486 4243 2696 4299 daemon
2738 4241 2888 4297 dolos
2935 4241 3228 4309 tenuisset,
3275 4242 3603 4313 multamque

2021 4337 2262 4392 fraudem
2308 4337 2359 4390 in
2390 4336 2551 4390 vitam
2594 4332 2867 4387 hominum
2898 4331 3207 4385 induxisset.
3249 4331 3433 4401 quue
3461 4333 3600 4387 Deus

2020 4428 2244 4484 occlusit
2285 4427 2462 4492 fores,
2512 4439 2611 4479 nec
2652 4423 2911 4492 permittit
2955 4423 3182 4491 aliquem
3228 4422 3597 4479 defunctorum

2021 4523 2126 4577 huc
2151 4536 2426 4578 reversum
2455 4532 2694 4583 narrare,
2724 4515 2849 4585 quid
2881 4515 2987 4570 illic
3017 4516 3125 4580 fiat,
3158 4531 3225 4570 ne
3253 4515 3342 4571 ille
3378 4525 3596 4586 accepta

2020 4613 2299 4671 occasione
2314 4612 2529 4669 technas
2547 4624 2670 4665 suas
2684 4624 2870 4663 omnes
2886 4607 3116 4663 invehat.
3132 4607 3265 4663 Nam
3280 4624 3399 4663 cum
3419 4618 3598 4664 essent

2020 4706 2291 4775 prophetze
2315 4745 2330 4770 ,
2377 4700 2870 4772 pseudopmplictas
2914 4698 3181 4754 excitabat
3211 4717 3227 4753 :
3257 4713 3377 4753 eum
3419 4708 3598 4753 essent

2018 4794 2288 4865 apostoli,
2317 4791 2755 4864 pseudapostolos
2788 4810 2802 4845 :
2834 4806 2951 4846 cum
2990 4790 3233 4846 Christus
3275 4798 3597 4859 appareret,

2020 4887 2451 4960 pseudochristos
2482 4903 2497 4941 :
2529 4900 2650 4940 cum
2680 4885 2926 4954 dogmata
2956 4898 3082 4939 sana
3111 4882 3328 4937 inducta
3352 4882 3599 4949 fuissent,

2018 4989 2272 5050 corrupta
2326 4978 2658 5043 inducebat,
2715 4976 2909 5046 ubique
2965 4974 3317 5030 disseminatus
3372 4974 3601 5027 zizania.

2020 5074 2203 5145 Itaque
2223 5072 2435 5128 etiamsi
2476 5071 2611 5126 illud
2646 5071 2915 5125 evenisset
2936 5107 2956 5133 ,
2999 5066 3101 5122 hoc
3141 5080 3352 5136 quoque
3376 5074 3600 5119 conatus

2018 5166 2204 5222 fuisset
2246 5164 2443 5234 fingere
2483 5178 2581 5233 per
2621 5177 2715 5217 sua
2763 5175 2958 5229 organa
2982 5199 3001 5226 ,
3045 5173 3154 5214 non
3192 5173 3315 5213 vere
3356 5158 3602 5213 excitatis

2018 5259 2241 5314 mortuis
2264 5298 2283 5325 ,
2309 5256 2405 5313 sed
2436 5253 2710 5310 mleficiis
2734 5251 3051 5323 quihusdam
3072 5265 3136 5304 ac
3171 5247 3444 5304 fraudibus
3468 5264 3597 5305 con-

2018 5351 2276 5406 tuentium
2305 5348 2473 5403 oculis
2502 5344 2741 5414 deceptis
2760 5384 2776 5409 ,
2808 5350 2902 5397 aut
2924 5340 3187 5412 quosdam
3214 5340 3374 5395 etiam
3403 5339 3595 5394 subor-

2017 5458 2185 5508 nans,
2216 5437 2662 5511 quemadmodum
2699 5435 2879 5490 dicere
2902 5447 3168 5502 caperem
3194 5471 3210 5498 ,
3242 5431 3334 5501 qui
3370 5439 3598 5487 mortem

2014 5536 2352 5599 simularent,
2378 5544 2592 5585 sursum
2617 5528 2870 5583 deorsum
2897 5523 3215 5590 miscuisset,
3243 5521 3598 5577 confudisset—

2015 5644 2119 5700 quc
2142 5624 2341 5681 omnia.
2370 5620 2479 5676 Sed
2506 5620 2648 5674 Dens
2671 5659 2685 5685 ,
2713 5632 2835 5671 cum
2862 5614 2977 5670 [rec
3004 5613 3179 5669 omnia
3224 5611 3555 5683 praevidissct
3576 5647 3597 5674 ι

2018 5719 2279 5793 praeclusit
2308 5716 2381 5771 illi
2411 5714 2546 5768 viam
2579 5710 2644 5767 ad
2676 5709 2773 5765 has
2802 5707 3020 5764 insidias
3043 5748 3061 5773 ,
3089 5706 3345 5776 nobisque
3373 5712 3597 5773 parcens
