4046 6146
490 307 618 360 l0l'l

489 443 596 481 non
624 421 886 495 permisit,
903 430 959 476 ut
976 417 1254 488 quisquam
1273 427 1522 483 umquam
1541 407 1684 465 illinc
1703 407 1809 463 huc
1824 419 2076 463 reversus

490 517 556 572 de
583 517 650 571 iis
693 530 812 585 qua:
841 512 908 566 ibi
953 519 1077 564 sunt
1115 515 1354 561 narraret
1380 501 1680 558 viventibus
1723 497 2072 553 hominibus:

489 611 688 666 docens
716 620 829 667 nos,
851 614 907 658 ut
922 601 1211 671 Scripturis
1241 597 1416 667 potius
1443 592 1772 650 credendum
1801 589 2075 646 existime-

490 715 609 753 mus
635 739 650 764 ,
682 711 841 766 quam
886 689 1094 748 cmteris
1135 687 1403 742 omnibus.
1436 685 1722 752 Propterea
1764 679 1905 752 quod
1937 679 2078 733 Deus

487 791 662 845 multo
686 789 942 844 clariores
970 782 1394 853 insignioresque
1419 792 1506 832 res
1532 785 1710 846 gestas
1731 814 1748 840 ,
1776 787 1935 841 quam
1965 771 2077 838 ipsa

491 885 560 938 sit
603 879 967 942 resurrectio,
1017 874 1168 930 nobis
1213 868 1670 926 commoustravit.
1717 863 1912 919 Orbem
1957 860 2078 915 uni-

491 986 704 1028 versum
736 966 1018 1028 convertit,
1048 977 1285 1018 errorem
1315 959 1512 1028 abegit,
1545 956 1820 1010 veritatem
1853 950 2076 1016 induxit,

492 1078 588 1134 per
616 1062 858 1116 homines
887 1057 1182 1128 piscatores
1208 1068 1272 1107 ac
1313 1051 1444 1105 viles
1471 1048 1586 1101 [nec
1611 1044 1789 1100 omnia
1836 1042 2076 1113 peregit,

493 1155 719 1224 denique
769 1149 979 1205 abunde
1009 1161 1199 1216 magna
1249 1158 1358 1198 suae
1387 1138 1732 1212 providentiae
1760 1135 2078 1190 documenta

491 1247 645 1302 nobis
670 1244 868 1314 ubique
897 1239 1138 1311 praebuit.
1171 1235 1248 1291 Ne
1277 1234 1454 1303 itaque
1477 1239 1723 1302 putemus
1751 1241 1837 1282 res
1867 1233 2079 1280 nostras

490 1337 650 1407 hujus
680 1337 801 1388 vita:
829 1332 1058 1387 termino
1101 1323 1464 1382 circumscribi
1487 1363 1503 1386 ,
1535 1321 1630 1377 sed
1656 1317 1939 1374 credamus
1970 1316 2081 1407 fore

489 1405 744 1498 judicium
760 1439 824 1478 ac
844 1418 1326 1482 remunerationem
1348 1413 1607 1479 omnium,
1627 1422 1973 1480 quaecumque
1993 1405 2081 1459 hic

492 1537 522 1573 a
549 1518 700 1574 nobis
723 1522 998 1587 geruntur.

564 1609 801 1668 Gentiles.
827 1603 1002 1659 Iudici
1019 1612 1064 1657 et
1088 1599 1324 1655 "(cretici
1344 1595 1659 1651 conuuliunt
1679 1592 1744 1648 de
1765 1589 1961 1662 judicio
1992 1604 2081 1643 ea:-

489 1697 891 1756 tremo.——Nam
916 1695 968 1749 id
995 1702 1078 1748 est
1106 1691 1240 1746 adeo
1269 1687 1606 1743 manifestum
1629 1685 2081 1753 conspicuumque

488 1791 722 1855 cunctis,
769 1795 828 1841 ut
851 1796 905 1841 et
928 1783 1098 1840 Judaei
1140 1791 1193 1836 ct
1229 1780 1431 1845 Graeci,
1461 1787 1516 1833 et
1550 1775 1783 1831 haeretici
1805 1816 1820 1842 ,
1850 1772 2082 1828 breviter

487 1883 663 1939 omnis
686 1878 924 1951 quisquis
951 1885 1032 1932 est
1062 1875 1222 1928 homo
1242 1887 1403 1942 super
1427 1870 1512 1925 his
1540 1868 1857 1925 consentiat.
1883 1866 2081 1934 Quam-

487 1989 646 2045 quam
674 1972 814 2027 enim
861 1983 965 2023 non
1006 1963 1452 2037 quemadmodum
1494 1961 1681 2026 decet,
1730 1959 1800 2014 de
1837 1973 2080 2013 resurre-

487 2065 666 2120 ctione
704 2059 1144 2131 philosophantur
1193 2069 1411 2118 omnes,
1463 2060 1696 2131 attamen
1743 2049 1810 2104 de
1843 2047 2077 2118 judicio,

488 2155 662 2228 deque
683 2130 876 2221 poenis,
908 2149 1080 2219 deque
1097 2144 1446 2201 tribunalibus
1465 2159 1584 2212 qua:
1607 2130 1714 2196 illic
1733 2148 1876 2206 sunt,
1896 2152 2082 2192 omnes

488 2243 846 2307 consentiunt,
875 2241 982 2295 illic
1009 2253 1130 2294 esse
1150 2238 1379 2306 aliquam
1407 2249 1591 2290 eorum
1631 2248 1751 2303 quae
1779 2232 1864 2286 hic
1888 2246 2082 2301 gerun-

491 2342 577 2388 tur
613 2330 1094 2387 remunerationem
1126 2344 1145 2385 :
1178 2327 1319 2399 quod
1361 2327 1413 2381 ni
1453 2336 1632 2392 esset,
1675 2339 1778 2395 qua
1819 2323 1888 2379 de
1921 2338 2081 2380 causa

495 2425 636 2479 Deus
655 2424 843 2479 coelum
863 2431 969 2476 tam
993 2420 1228 2490 amplum
1250 2416 1598 2482 extendisset,
1628 2425 1823 2470 terram
1844 2415 2082 2470 substra-

491 2515 683 2580 vissct,
730 2529 879 2570 mare
926 2513 1234 2577 dilatasset,
1283 2525 1462 2565 acrem
1514 2507 1843 2574 dit'fudisset,
1883 2515 2080 2562 tantam

492 2608 873 2678 providentiam
912 2605 1258 2672 declarasset,
1301 2603 1401 2658 nisi
1430 2600 1497 2656 ad
1521 2601 1678 2656 linem
1710 2615 1878 2670 usque
1914 2599 2081 2655 nostri

490 2715 672 2753 curam
701 2698 976 2752 habiturus
1001 2696 1187 2750 esset?

561 2792 614 2842 4.
647 2787 834 2842 Nonne
863 2785 1009 2841 vides
1038 2785 1234 2840 multos
1257 2825 1272 2850 ,
1310 2784 1398 2855 qui
1424 2799 1544 2840 eum
1591 2782 1782 2837 virtute
1810 2784 2078 2844 vixerunt,

493 2882 876 2949 innumeraque
898 2878 1036 2933 mala
1057 2877 1197 2948 passi
1219 2887 1362 2941 sunt,
1384 2875 1681 2930 decessisse
1707 2873 1846 2928 nulla
1862 2888 1921 2928 re
1942 2871 2081 2927 bona

492 2970 782 3040 percepta?
844 2969 992 3024 Alios
1045 2977 1268 3036 contra,
1316 2982 1438 3021 cum
1500 2965 1718 3020 multum
1766 2963 2080 3035 pravitatem

489 3063 877 3127 commiserint,
923 3061 1126 3118 alienas
1155 3060 1431 3115 facultates
1463 3058 1771 3130 rapuerint,
1809 3057 1993 3112 viduas
2029 3065 2084 3112 et

489 3154 760 3224 orphanos
801 3152 1168 3222 spoliaverint,
1196 3149 1690 3221 oppresserintque,
1721 3147 1909 3218 opibus
1945 3147 2083 3202 deli-

490 3245 692 3315 ciisque
715 3253 769 3299 et
789 3243 1079 3298 innumeris
1105 3242 1258 3296 bonis
1287 3240 1429 3294 fruiti
1455 3239 1668 3302 fuerint,
1697 3236 1993 3293 decessisse
2015 3253 2082 3293 ne

491 3337 746 3392 tantulum
775 3334 986 3406 quidem
1009 3333 1131 3388 mali
1163 3331 1388 3402 passos?

567 3429 812 3484 Probatio
832 3423 1228 3480 immortalitatis
1249 3424 1449 3478 anitme.
1465 3451 1538 3464 —-
1549 3421 1803 3489 Qumnam
1825 3421 1985 3491 igitur
1999 3420 2082 3477 vel

492 3521 569 3576 illi
601 3521 806 3591 priores
835 3519 1046 3573 virtutis
1075 3517 1293 3586 praemia
1321 3514 1598 3584 recipient,
1637 3514 1721 3569 vel
1743 3514 1830 3569 isti
1849 3514 2080 3583 pravita-

492 3613 560 3666 tis
585 3611 752 3665 ferent
776 3609 1050 3678 supplieia,
1078 3608 1120 3662 si
1141 3614 1334 3662 nostra:
1361 3621 1448 3661 res
1471 3607 1611 3660 ultra
1636 3605 1795 3660 vitam
1821 3605 1959 3660 hanc
1976 3621 2079 3660 non

486 3700 878 3777 proferuntur?
910 3698 1038 3752 Nam
1065 3699 1109 3751 si
1137 3698 1277 3752 Deus
1301 3705 1402 3761 est,
1433 3697 1586 3752 sicuti
1615 3711 1798 3752 revera
1819 3705 1921 3761 est,
1957 3713 2080 3752 eum

490 3794 690 3863 justum
719 3805 838 3845 esse
878 3804 1034 3844 nemo
1072 3805 1176 3843 non
1205 3787 1476 3842 fatebitur.
1507 3787 1664 3857 Atqui
1695 3788 1738 3842 si
1765 3788 1938 3856 justus
1975 3798 2078 3854 est,

491 3895 548 3938 et
569 3883 652 3937 his
679 3893 735 3936 ct
767 3881 871 3935 illis
901 3878 1087 3935 reddet
1121 3894 1216 3950 pro
1253 3878 1490 3944 meritis,
1529 3888 1589 3932 et
1616 3877 1718 3932 hoc
1755 3877 1808 3933 in
1838 3878 2082 3933 confesso

491 3983 594 4028 est.
634 3971 789 4040 Quod
826 3972 871 4027 si
895 3979 950 4026 et
979 3971 1062 4025 his
1090 3978 1144 4026 et
1175 3970 1281 4024 illis
1305 3968 1565 4039 rependet
1599 3983 1694 4038 pro
1722 3969 1926 4024 meritis
1948 4009 1963 4033 ,
1996 3968 2082 4024 hic

492 4079 620 4120 vero
665 4063 842 4118 nullus
881 4076 1068 4117 eorum
1109 4060 1342 4130 recepit,
1389 4075 1561 4129 neque
1597 4059 1686 4115 ille
1729 4060 2082 4129 improbitatis

496 4171 729 4228 pcenam,
773 4169 945 4226 neque
975 4153 1062 4210 hic
1103 4152 1313 4208 virtutis
1342 4153 1559 4223 praemia
1594 4169 1610 4207 :
1639 4152 1974 4222 perspicuum
1999 4163 2083 4209 est

492 4258 696 4305 restare
738 4258 946 4318 tempus
987 4243 1198 4316 aliquod
1234 4245 1291 4300 in
1324 4258 1432 4315 quo
1473 4259 1772 4315 congruens
1803 4245 2080 4316 praemium

492 4341 684 4394 horum
717 4347 940 4409 uterque
969 4337 1124 4393 feret.

559 4431 894 4486 Conscientia:
914 4428 1134 4483 tribunal
1153 4429 1522 4499 incorruptum.
1540 4457 1612 4467 —
1625 4426 1730 4483 Sed
1747 4442 1912 4499 quare
1928 4428 2082 4484 nobis

486 4523 729 4593 judicem
760 4522 811 4576 in
840 4521 1020 4576 animo
1045 4521 1123 4575 sic
1149 4529 1408 4590 perpetuo
1433 4519 1736 4590 vigilantem
1754 4561 1769 4586 ,
1818 4528 1874 4574 et
1909 4529 2082 4576 atten-

489 4624 601 4669 tum
641 4615 786 4669 Deus
810 4612 1126 4668 constituit?
1150 4611 1543 4666 Conscientiam
1571 4611 1781 4679 loquor.
1807 4610 1918 4666 Nec
1937 4612 2079 4666 enim

487 4715 570 4762 est
615 4706 754 4760 ullus
789 4705 928 4758 inter
958 4703 1201 4757 homines
1234 4702 1368 4756 adeo
1394 4700 1636 4771 vigilans,
1675 4709 1733 4755 ut
1774 4709 1858 4756 est
1900 4711 2082 4757 nostra

488 4795 840 4854 conscientia.
882 4793 1014 4849 Nam
1043 4793 1248 4848 externi
1271 4792 1476 4862 judices
1500 4801 1553 4846 et
1580 4793 1817 4862 pecuniis
1845 4809 2085 4849 corrum-

492 4899 716 4960 puntur,
767 4896 821 4943 et
861 4885 1310 4942 assentationibus
1346 4884 1695 4951 deliniuntur,
1738 4896 1793 4941 et
1827 4895 1971 4941 metu
2008 4887 2083 4941 si-

493 4983 723 5049 mulant,
767 4980 996 5049 denique
1023 4977 1185 5033 multa
1214 4985 1339 5032 sunt
1363 4977 1464 5030 alia
1489 4992 1608 5047 qua:
1635 4986 1838 5032 rectum
1871 4978 2081 5033 illorum

487 5075 746 5146 judicium
767 5073 1064 5142 depravant
1095 5089 1108 5124 :
1141 5079 1194 5124 at
1223 5069 1563 5125 conscientia:
1585 5069 1814 5124 tribunal
1837 5071 1963 5124 nulli
1987 5069 2084 5124 ho-

493 5167 696 5220 minum
730 5165 882 5219 novit
911 5162 1124 5229 cedere,
1166 5161 1259 5216 sed
1284 5160 1526 5226 quamvis
1549 5158 1762 5214 dederis
1789 5161 2042 5230 pecunias
2060 5203 2078 5230 ,

492 5257 735 5329 quamvis
763 5257 1007 5323 mineris,
1039 5255 1283 5326 quamvis
1304 5251 1446 5307 aliud
1475 5252 1732 5322 quidlibet
1754 5251 1964 5319 feceris,
1988 5253 2078 5324 ju-

493 5357 629 5402 stam
653 5347 788 5404 feret
807 5346 1128 5403 sententiam
1159 5344 1416 5400 adversus
1445 5351 1782 5412 peccatorum
1804 5341 2084 5413 cogitatio.

495 5453 611 5504 nes,
640 5438 775 5494 adeo
804 5447 860 5494 ut
890 5438 1007 5508 ipse
1030 5449 1244 5508 quoque
1271 5433 1361 5505 qui
1413 5441 1692 5504 peccatum
1718 5432 1956 5498 admisit,
1997 5451 2084 5490 se-

495 5529 669 5598 ipsum
724 5528 1082 5594 condemnet,
1113 5527 1273 5583 etiam
1328 5526 1372 5581 si
1425 5525 1564 5579 alius
1619 5524 1800 5580 nullus
1845 5535 2078 5581 accuset.

493 5616 676 5687 Neque
705 5617 756 5672 id
785 5618 952 5672 semel
981 5628 1139 5688 atque
1175 5618 1388 5679 iterum,
1435 5615 1530 5670 sed
1570 5616 1787 5684 sapius,
1837 5615 1946 5670 imo
1988 5632 2082 5686 per

488 5721 707 5772 Omnem
749 5710 910 5766 vitam
956 5709 1057 5766 hoc
1087 5710 1263 5765 ficere
1310 5722 1418 5764 non
1451 5708 1690 5764 desinit:
1724 5718 1778 5766 ct
1819 5709 1943 5765 licet
1991 5710 2075 5766 in-

1172 300 1232 358 s.
1269 293 1548 357 JUANNIS
1577 287 2050 350 CHRYSOSTOMI
2092 285 2409 343 AllClllEP.
2450 283 2986 344 CONSTAN'I‘INOI’.

3624 288 3752 344 ιοιξ

2186 417 2321 474 gens
2371 403 2626 473 temporis
2673 401 3006 457 intervallum
3051 399 3442 465 intercesserit,
3483 417 3751 471 numquam

2187 506 2364 550 tamen
2403 494 2747 550 obliviscetur
2781 509 2968 549 eorum
3007 507 3126 563 quae
3167 492 3303 547 facta
3345 503 3482 546 sunt.
3535 494 3668 562 Quin
3710 507 3755 552 et

2185 603 2308 643 eum
2352 595 2688 658 perpetratur
2742 596 3011 657 peccatum
3035 625 3049 650 ,
3111 597 3165 641 et
3226 586 3528 655 priusquam
3584 603 3756 660 perpe-

2190 687 2379 743 tretur,
2430 688 2484 733 et
2525 689 2802 748 postquam
2845 689 2928 735 est
2968 686 3364 748 perpetratum.
3416 679 3638 733 acerbus
3677 697 3760 736 no-

2185 771 2269 827 bis
2330 771 2572 827 imminet
2627 780 2929 835 accusator,
2976 772 3207 826 maxime
3259 785 3388 825 vero
3434 781 3760 842 posteaquam

2188 872 2548 932 perpetratum
2607 863 2782 918 fuerit.
2847 862 2978 917 Nam
3043 863 3094 917 in
3137 862 3492 933 perpetrando
3547 865 3762 932 scelere,

2187 952 2438 1022 quoniam
2486 951 2756 1023 voluptate
2801 966 2984 1007 sumus
3021 951 3188 1017 ebrii,
3242 968 3347 1007 non
3394 952 3613 1021 perinde
3659 966 3743 1010 scn

2187 1042 2347 1096 timus
2392 1059 2407 1096 :
2456 1052 2708 1097 czcterum
2773 1041 2932 1098 simul
2980 1051 3141 1113 atque
3201 1042 3546 1098 commissum
3586 1044 3763 1108 fuerit.

2186 1135 2495 1206 ccperitque
2536 1135 2715 1202 linem,
2761 1143 2872 1190 tum
2911 1134 3126 1191 demum
3171 1136 3436 1191 exstincta
3488 1136 3758 1206 voluptate,

2185 1239 2402 1281 amarus
2450 1227 2777 1295 pmoitentiae
2817 1226 3062 1282 stimulus
3088 1227 3348 1292 succedit,
3397 1235 3586 1282 contra
3618 1243 3758 1298 quam

2185 1317 2430 1372 accidere
2476 1317 2613 1372 solet
2662 1317 2976 1373 mulieribus
3018 1316 3455 1388 parturientibus.
3510 1315 3636 1372 Nam
3672 1317 3760 1372 illis

2185 1416 2310 1463 ante
2336 1417 2544 1477 partum
2577 1408 2728 1462 labor
2752 1418 2836 1463 est
2859 1408 3046 1478 ingens
3065 1449 3079 1472 ,
3116 1424 3408 1479 gravesque
3437 1409 3592 1464 nixus
3613 1449 3629 1475 ,
3666 1409 3760 1462 dis-

2186 1508 2429 1554 secantes
2447 1514 2540 1553 eas
2573 1499 2920 1554 intolerandis
2938 1499 3216 1556 doloribus
3241 1516 3254 1554 :
3278 1507 3398 1569 post
3419 1509 3624 1570 partum
3650 1514 3759 1555 vero

2185 1593 2461 1660 relaxatio,
2503 1593 2687 1649 dolore
2723 1594 2879 1649 simul
2905 1609 3028 1648 cum
3057 1592 3256 1649 infante
3289 1594 3594 1663 cgrediente
3623 1611 3636 1650 :
3673 1609 3757 1646 ve-

2186 1700 2305 1739 rum
2329 1685 2413 1740 hic
2437 1700 2542 1740 non
2566 1686 2712 1752 item,
2740 1685 2833 1742 sed
2850 1685 2974 1740 dum
2997 1685 3319 1755 partui-imus
3341 1685 3757 1754 concipimusque

2185 1786 2466 1846 corruptos
2489 1775 2710 1833 affectus
2731 1819 2746 1844 ,
2785 1776 3115 1832 delectamur
3139 1775 3538 1846 gaudemusquc
3573 1793 3588 1832 :
3619 1785 3756 1830 cxte—

2185 1883 2302 1922 rum
2318 1868 2403 1922 ubi
2420 1867 2675 1924 fuerimus
2696 1868 2838 1923 enixi
2857 1868 3052 1923 malum
3070 1868 3214 1923 illum
3235 1883 3463 1938 puerum
3488 1877 3755 1938 peccatum,

2188 1966 2296 2012 tum
2332 1966 2615 2028 conspecta
2642 1957 2877 2015 fmditate
2921 1968 3126 2028 partus,
3155 1958 3541 2014 discruciamur
3571 1961 3756 2029 gravius

2185 2063 2343 2117 quam
2382 2049 2634 2105 mulieres
2668 2049 3043 2120 parturientes.
3072 2050 3406 2120 Quapmpter
3429 2065 3533 2116 ne,
3573 2065 3601 2103 a
3630 2051 3755 2120 prin-

2185 2137 2326 2208 cipio
2354 2140 2600 2206 maxime,
2634 2141 2999 2210 concipiamus
3020 2141 3270 2195 inanimo
3294 2151 3604 2211 corruptam
3628 2142 3756 2212 cupi-

2184 2229 2401 2284 ditatem
2431 2249 2446 2286 :
2477 2231 2619 2301 quod
2649 2233 2690 2286 si
2721 2233 2934 2302 quando
2959 2233 3380 2303 conceperimus,
3407 2241 3584 2288 tamen
3611 2233 3750 2288 letum

2185 2323 2328 2376 intus
2353 2319 2722 2391 przefocemus.
2764 2323 2967 2378 Rursus
3000 2324 3044 2378 si
3072 2322 3174 2379 huc
3204 2338 3372 2394 usque
3402 2323 3651 2378 fuerimus
3675 2339 3756 2379 ne»

2184 2414 2441 2485 gligcntes
2460 2456 2475 2480 ,
2504 2415 2832 2485 iniquitatem
2863 2416 2912 2470 in
2959 2431 3092 2486 opus
3123 2431 3462 2487 progressam
3491 2431 3610 2472 mox
3635 2417 3755 2470 oeci.

2185 2503 2374 2561 damus
2404 2521 2498 2576 per
2524 2505 2935 2572 confessionem,
2978 2523 3071 2578 per
3095 2507 3379 2579 lacrymas,
3411 2524 3512 2578 per
3537 2507 3752 2579 proprio-

2185 2615 2302 2654 rum
2356 2600 2761 2656 eommissorum
2811 2603 3228 2657 accusationem.
3287 2600 3432 2656 Nihil
3489 2602 3623 2657 enim
3664 2611 3754 2654 tam

2184 2691 2400 2748 exitiale
2442 2701 2681 2763 peccato,
2709 2708 2866 2764 quam
2899 2694 3101 2764 peccati
3144 2693 3411 2748 accusatio
3459 2693 3753 2749 condemna-

2186 2783 2385 2854 tioque.
2408 2799 2528 2840 cum
2559 2785 2886 2854 paenitudine
2917 2785 3269 2857 lacrymisque
3297 2785 3604 2855 conjuncta.
3629 2785 3752 2840 Con-

2183 2875 2446 2930 demnasti
2483 2885 2626 2932 tuum
2664 2877 2977 2948 peccatum?
3017 2876 3312 2948 deposuisti
3338 2877 3620 2933 sarcinam.
3645 2875 3754 2944 Quis

2186 2964 2303 3022 lucc
2329 2967 2496 3022 dicit?
2535 2967 2654 3036 Ipse
2673 2968 2836 3037 judex
2865 2969 3024 3024 Deus.
3053 2967 3150 3022 Dic
3179 2977 3233 3022 tu
3261 2978 3472 3038 peccata
3509 2979 3592 3022 tua
3614 2969 3751 3038 prior,

2186 3066 2239 3110 ut
2249 3058 2545 3126 justi/iceris
2567 3057 2718 3130 (Isai.
2748 3060 2838 3114 45.
2868 3057 2986 3130 26).
3007 3055 3113 3114 Cur
3136 3059 3294 3130 igitur
3321 3069 3375 3114 te
3393 3101 3408 3125 ,
3437 3074 3613 3130 qmeso
3631 3099 3644 3123 ,
3672 3073 3749 3127 pu-

2185 3149 2276 3205 det
2295 3194 2309 3215 ,
2343 3159 2397 3205 et
2425 3151 2699 3207 erubescis
2721 3151 2900 3208 dicere
2940 3161 3155 3222 peccata
3183 3152 3312 3207 tua?
3339 3151 3483 3208 Num
3515 3153 3647 3208 enim
3675 3150 3751 3204 ho-

2188 3241 2318 3295 mini
2347 3241 2502 3308 dicis,
2539 3251 2596 3296 ut
2624 3250 2676 3297 te
2697 3241 2893 3312 probro
2922 3241 3156 3297 afliciat?
3185 3241 3319 3297 Num
3349 3244 3498 3298 enim
3525 3256 3755 3298 conservo

2185 3332 2477 3398 confiteris,
2517 3341 2576 3388 ut
2610 3333 2662 3388 in
2710 3333 2975 3402 publicum
3011 3333 3287 3404 proferat?
3330 3333 3448 3388 lmo
3473 3349 3595 3388 vero
3613 3334 3658 3388 ei
3679 3331 3754 3401 qui

2185 3422 2441 3478 Dominus
2469 3432 2570 3491 est,
2612 3425 2662 3479 ei
2686 3424 2775 3495 qui
2805 3424 2879 3479 tui
2905 3440 3087 3480 curam
3117 3425 3276 3495 gerit,
3317 3425 3366 3480 ei
3389 3425 3487 3496 qui
3521 3425 3754 3479 humanus

2185 3521 2288 3584 est,
2318 3514 2368 3569 ei
2397 3513 2486 3583 qui
2517 3514 2754 3570 medicus
2779 3525 2881 3582 est,
2910 3515 3146 3570 ostendis
3169 3515 3405 3570 vulnera.

2261 3604 2430 3671 Quare
2456 3605 2504 3659 ei
2538 3606 2877 3675 conﬁtendum
2903 3607 2988 3675 qui
3007 3607 3100 3660 scit
3125 3608 3314 3660 omnia.
3338 3636 3412 3647 --
3428 3606 3607 3677 Neque
3631 3604 3754 3661 enim

2186 3695 2413 3765 ignorat,
2443 3697 2648 3752 etiamsi
2680 3707 2736 3752 tu
2763 3712 2868 3752 non
2898 3697 3118 3766 dixeris,
3154 3699 3243 3768 qui
3270 3699 3480 3755 sciebat
3504 3700 3652 3755 etiam
3674 3715 3755 3752 an-

2191 3797 2403 3857 tequam
2428 3798 2786 3858 perpetrares.
2811 3790 2945 3858 Quid
2974 3791 3133 3860 igitur
3151 3799 3235 3847 est
3263 3807 3464 3858 causa,
3482 3807 3582 3862 quo
3601 3791 3754 3845 minus

2185 3879 2370 3935 dicas?
2397 3881 2514 3936 Non
2536 3882 2678 3938 enim
2706 3897 2773 3939 ex
2797 3885 3137 3938 accusatione
3163 3892 3252 3938 tua
3281 3883 3337 3938 ﬁt
3361 3885 3575 3954 gravius
3593 3897 3756 3952 pecca-

2186 3980 2342 4028 tum:
2387 3973 2494 4029 imo
2536 3991 2664 4030 vero
2704 3975 2883 4030 mitius
2921 3990 2986 4030 ac
3021 3975 3210 4030 levius.
3256 3976 3324 4030 Et
3360 3976 3434 4031 ob
3475 3976 3573 4030 hoc
3607 3975 3754 4044 ipsum

2187 4064 2329 4120 Deus
2355 4064 2468 4120 vult
2511 4074 2563 4121 te
2590 4065 2770 4121 dicere
2797 4083 2810 4120 :
2844 4081 2949 4121 non
2985 4077 3046 4120 ut
3075 4067 3330 4137 puniat-is,
3357 4067 3458 4122 sed
3490 4077 3546 4122 ut
3570 4065 3754 4122 relaxe-

2186 4155 2260 4210 ris
2280 4169 2429 4210 :‘non
2459 4165 2516 4209 ut
2541 4155 2654 4225 ipse
2681 4157 2814 4211 sciat
2832 4165 3140 4226 peccatum:
3171 4172 3266 4212 cur
3285 4157 3430 4212 enim
3460 4159 3508 4212 id
3529 4157 3751 4228 postulet,

2185 4259 2304 4299 cum
2347 4245 2456 4314 jam
2489 4246 2659 4300 sciat?
2699 4246 2792 4302 sed
2824 4255 2881 4301 ut
2907 4247 3065 4313 scias,
3105 4256 3358 4317 quantum
3408 4248 3502 4302 tibi
3546 4245 3754 4302 debitum
3827 4310 3832 4318 _

2183 4335 2506 4391 remittatur.
2552 4335 2678 4392 ideo
2703 4353 2831 4392 vero
2860 4337 2970 4393 vult
3009 4347 3059 4394 te
3082 4339 3219 4393 scire
3241 4337 3492 4394 beneficii
3515 4335 3752 4408 magnitu-

2187 4427 2387 4496 dinem,
2437 4438 2496 4484 ut
2529 4439 2786 4500 perpetuo
2812 4431 3012 4502 gratias
3055 4445 3201 4501 agas,
3237 4440 3294 4484 ut
3337 4431 3554 4501 segnior
3594 4433 3679 4484 tias
3699 4426 3752 4482 ad

2187 4517 2512 4588 peccandum
2533 4561 2549 4583 ,
2604 4528 2662 4574 ut
2691 4519 2758 4574 ad
2786 4521 3033 4574 virtutem
3074 4521 3392 4591 promptior.
3443 4520 3553 4577 Nisi
3582 4517 3767 4574 dixeris

2187 4606 2350 4663 debiti
2368 4610 2802 4680 magnitudinem,
2825 4627 2931 4666 non
2951 4627 3208 4682 agnosces
3218 4613 3400 4683 gratim
3416 4612 3752 4668 eminentiam.

2187 4698 2324 4765 Non,
2355 4700 2544 4771 inquit,
2582 4717 2715 4772 cogo
2742 4711 2794 4756 te
2816 4702 2868 4756 in
2901 4701 3132 4758 medium
3157 4702 3370 4772 prodire
3399 4703 3677 4765 theatrum,
3706 4715 3763 4754 ac

2188 4794 2385 4848 multos
2413 4781 2669 4850 adhibere
2697 4803 2860 4852 testes
2891 4813 2905 4848 :
2954 4795 3086 4850 mihi
3123 4796 3224 4850 soli
3259 4796 3346 4851 dic
3369 4805 3638 4866 peccatum
3665 4793 3752 4863 pri-

2187 4885 2348 4940 vatim
2369 4927 2382 4949 ,
2415 4895 2473 4940 ut
2507 4901 2690 4941 sanem
2735 4887 2885 4942 ulcus
2906 4929 2921 4953 ,
2960 4897 3120 4959 teque
3152 4888 3339 4943 dolore
3369 4889 3608 4944 liberem.
3649 4884 3753 4939 Ideo

2189 4977 2344 5033 nobis
2367 4978 2555 5032 indidit
2576 4979 2976 5043 conscientiam,
3015 4979 3175 5050 idque
3199 4982 3388 5050 quovis
3417 4990 3564 5050 patre
3587 4992 3747 5032 amau-

2189 5070 2316 5125 tius.
2346 5069 2479 5124 Nam
2503 5078 2651 5139 pater
2669 5069 2755 5124 ubi
2782 5071 2970 5136 semel,
3000 5071 3210 5134 iterum,
3233 5088 3296 5126 ac
3327 5071 3504 5136 tertio,
3533 5071 3749 5125 deciesve

2191 5160 2353 5216 lilium
2382 5161 2734 5229 increpaverit
2761 5179 2776 5215 :
2807 5162 2849 5216 si
2882 5161 3073 5215 viderit
3094 5162 3507 5233 incorrigibilem
3533 5172 3747 5217 manere,

2186 5251 2477 5324 desperans
2525 5251 2754 5320 abdicat,
2805 5253 3024 5322 expellit
3054 5269 3086 5308 e
3121 5252 3318 5308 familia
3339 5295 3353 5317 ,
3401 5269 3430 5307 a
3459 5251 3747 5323 cognatione

2188 5353 2413 5401 resecat.
2452 5347 2521 5398 At
2560 5359 2665 5398 non
2701 5345 2888 5400 eodem
2933 5345 3093 5400 modo
3115 5345 3470 5408 conscientia,
3515 5341 3603 5398 sed
3640 5339 3744 5392 licet

2188 5437 2373 5502 semel,
2405 5435 2527 5490 licet
2551 5436 2758 5502 iterum,
2784 5435 2906 5490 licet
2925 5445 3021 5502 ter,
3053 5436 3180 5491 licet
3199 5435 3393 5490 millies
3414 5427 3740 5490 admonuerit,

2189 5536 2348 5597 tuque
2383 5541 2487 5581 non
2521 5526 2879 5596 obtemperes,
2908 5527 3144 5582 monebit
3185 5526 3397 5594 iterum,
3424 5539 3520 5580 nec
3547 5519 3739 5576 desistet

2189 5635 2356 5690 usque
2379 5619 2444 5673 ad
2466 5635 2772 5690 supremum
2803 5621 3021 5675 halitum
3051 5621 3161 5676 sive
3181 5621 3344 5684 domi,
3371 5619 3477 5674 sive
3507 5619 3556 5671 in
3587 5611 3736 5671 biviis.

2191 5714 2303 5767 sive
2337 5711 2386 5765 in
2417 5727 2621 5782 mensa,
2650 5712 2763 5768 sive
2788 5711 2840 5767 in
2873 5713 3009 5781 foro,
3038 5712 3148 5767 sive
3171 5713 3222 5766 in
3250 5712 3432 5767 itinere
3463 5726 3475 5761 :
3515 5706 3732 5774 frequcn~
