4046 6146
240 239 380 298 1013

241 361 324 408 ter
355 360 410 409 et
453 351 507 406 in
549 348 772 406 somniis
811 347 940 419 ipsis
982 355 1320 417 peccatorum
1355 343 1510 398 nobis
1549 340 1830 397 simulacra

239 453 556 515 spcetraque
578 447 928 512 reprzesentat

311 539 366 594 5.
401 535 733 592 Conscientia
755 532 990 590 stimulus
1008 573 1024 598 ,
1052 545 1209 601 quare
1231 544 1332 583 non
1356 536 1429 582 cst
1455 535 1743 597 perpetuus.
1764 551 1834 562 —

243 631 376 686 Vide
432 637 611 684 autem
659 626 754 682 Dei
802 624 1140 696 sapientiam.
1184 621 1302 676 Non
1351 619 1478 676 fecit
1523 625 1832 688 perpetuam

239 721 584 778 conscientia
607 718 1030 781 accusationem,
1057 730 1230 785 neque
1254 714 1395 769 enim
1427 712 1529 766 hoc
1553 724 1689 765 onus
1717 723 1830 778 per-

242 811 385 870 lerre
413 821 736 884 poteramus,
765 810 812 865 si
841 808 1040 879 jugiter
1063 811 1367 861 accusasset
1395 819 1409 856 :
1446 815 1618 871 neque
1651 811 1836 854 rursus

274 906 378 960 deo
405 906 574 960 levem
610 912 665 960 et
699 902 1038 968 imbecillem,
1071 908 1130 952 ut
1157 906 1276 968 post
1307 909 1463 950 unam
1500 902 1592 948 aut
1613 892 1836 946 alteram

241 995 661 1052 admonitionem
698 994 1026 1064 desperaret.
1069 991 1202 1045 Nam
1239 988 1283 1044 si
1321 987 1544 1058 singulis
1566 984 1753 1040 diebus
1783 990 1838 1037 et

243 1091 392 1146 horis
410 1089 593 1145 fuisset
611 1103 709 1144 nos
724 1087 1073 1151 stimulatum,
1091 1100 1322 1140 maerore
1344 1081 1583 1154 profecto
1606 1079 1836 1136 suﬂ‘oca-

241 1195 427 1237 remur
454 1197 468 1234 :
493 1194 677 1235 rursus
698 1180 743 1234 si
769 1187 889 1250 post
908 1193 1065 1231 unam
1095 1184 1253 1246 atque
1273 1177 1494 1230 alteram
1519 1172 1839 1242 increpatio-

244 1288 370 1328 nem
411 1271 712 1336 desisteret,
737 1267 883 1324 haud
920 1267 1144 1323 multum
1183 1266 1383 1322 fructus
1423 1265 1575 1322 nobis
1600 1262 1832 1317 afferret.

238 1343 432 1432 .quue
476 1362 598 1418 fecit
636 1359 1057 1430 obiurgationem
1103 1366 1435 1429 perpetuam,
1483 1365 1538 1410 at
1581 1370 1688 1410 non
1727 1353 1837 1408 fre-

243 1464 496 1521 quentem
527 1468 541 1505 :
572 1461 882 1523 perpetuam
920 1450 1158 1521 quidem,
1189 1465 1257 1506 ne
1294 1449 1347 1505 in
1373 1448 1670 1504 socordiam
1709 1445 1841 1502 inci-

243 1541 517 1608 deremus,
564 1542 660 1598 sed
691 1556 904 1610 semper
940 1550 996 1596 et
1023 1556 1193 1612 usque
1229 1539 1297 1595 ad
1325 1548 1551 1595 mortem
1575 1538 1840 1603 admoniti

245 1631 618 1702 vigilaremus;
659 1647 766 1686 non
807 1629 1141 1701 frequentem
1176 1645 1305 1685 vero
1328 1645 1390 1685 ac
1417 1629 1610 1698 saepius
1639 1629 1838 1698 repeti-

247 1729 378 1788 tam,
410 1739 477 1778 ne
501 1724 679 1778 animo
715 1723 1142 1788 concideremus,
1171 1722 1267 1777 sed
1292 1731 1350 1777 ut
1376 1721 1600 1777 subinde
1629 1721 1840 1775 relaxa-

248 1813 396 1868 tione
439 1815 734 1884 solatioque
791 1815 1042 1884 quapiam
1103 1823 1358 1882 accepto,
1429 1813 1837 1881 reSpiraremus.

245 1903 710 1971 Quemadmodum
747 1905 889 1960 enim
915 1905 1137 1960 omnino
1165 1919 1270 1960 non
1298 1903 1480 1960 dolere
1517 1903 1583 1958 de
1610 1902 1840 1973 peccatis

245 1995 464 2049 exitiale
497 2006 600 2061 est,
633 2005 790 2066 atque
829 1997 986 2052 etiam
1026 1996 1149 2050 mali
1185 2010 1398 2051 sensum
1438 1994 1591 2050 nobis
1621 2008 1839 2063 prorsus

244 2083 482 2140 adimit:
528 2085 606 2140 sic
654 2093 709 2141 et
751 2084 948 2155 iugiter
992 2099 1264 2156 supraque
1300 2084 1517 2140 modum
1564 2084 1618 2140 id
1663 2082 1839 2138 facere

247 2176 466 2230 noxium
484 2185 587 2230 est.

320 2265 484 2320 Dolor
525 2266 824 2321 immodicus
851 2267 1061 2321 adducit
1087 2267 1361 2323 insaniam.
1384 2295 1457 2307 —
1488 2265 1669 2322 Potest
1695 2265 1839 2320 enim

247 2368 304 2414 ct
343 2358 544 2413 doloris
574 2359 854 2414 immodica
893 2359 1198 2430 magnitudo
1233 2359 1538 2430 frequenter
1567 2358 1838 2414 hominem

248 2466 279 2504 a
307 2451 634 2506 naturalibus
660 2452 934 2508 excutiens
954 2453 1219 2518 sensibus,
1250 2451 1484 2506 animum
1505 2451 1838 2521 demergere,

249 2552 306 2595 et
333 2541 400 2594 ad
440 2541 663 2597 honesta
693 2543 870 2596 omnia
897 2542 1134 2597 inutilem
1161 2540 1406 2597 reddere.
1465 2541 1762 2612 Eapmpter
1787 2549 1842 2595 et

250 2631 377 2686 iilnd
437 2632 695 2701 providit,
758 2641 814 2687 ut
863 2648 932 2688 ex
985 2632 1277 2688 intervallis
1333 2631 1488 2687 nobis
1538 2631 1844 2687 immineret

248 2725 592 2778 conscientiae
616 2723 936 2794 redargutio,
969 2734 1250 2794 propterea
1277 2723 1418 2794 quod
1447 2731 1528 2778 est
1552 2722 1840 2778 admodum

251 2829 476 2880 severa,
518 2823 572 2868 et
618 2812 808 2884 quovis
851 2813 1069 2869 stimulo
1109 2814 1284 2870 acrius
1308 2829 1540 2884 pungere
1567 2814 1844 2870 consuevit

251 2912 608 2974 peccatoretn.
650 2902 766 2957 Non
791 2904 934 2958 enim
966 2914 1088 2959 tunc
1109 2905 1280 2960 solum
1301 2945 1316 2972 ,
1358 2920 1480 2960 cum
1519 2904 1617 2974 ipsi
1649 2918 1842 2974 pecca-

251 3009 393 3062 mus,
421 2995 766 3049 verumetiam
794 3009 917 3051 cum
945 2996 1033 3050 alii
1062 2997 1402 3052 committunt
1425 2995 1613 3052 eadem
1633 3037 1648 3062 ,
1671 2997 1840 3052 vehe-

250 3093 462 3138 menter
483 3083 738 3154 insurgit,
778 3099 1074 3157 magnaque
1111 3087 1452 3142 contentione
1481 3085 1635 3142 nobis
1663 3087 1841 3142 occla-

251 3187 384 3230 mat.
414 3175 546 3232 Nam
581 3187 862 3248 scortator,
893 3179 1120 3246 adulter,
1150 3188 1239 3234 aut
1273 3178 1360 3234 fur
1393 3194 1499 3234 non
1528 3179 1687 3236 modo
1719 3195 1841 3235 cum

253 3277 536 3324 accusatur
574 3270 708 3341 ipse,
748 3272 1098 3326 verumetiam
1137 3286 1260 3326 cum
1301 3271 1450 3327 audit
1490 3271 1621 3326 alios
1653 3271 1842 3327 eadem

251 3375 414 3418 ausos
450 3363 715 3430 accusari,
745 3363 865 3432 ipse
892 3365 991 3419 sibi
1019 3365 1224 3420 videtur
1246 3363 1424 3434 ﬂagris
1452 3365 1584 3419 caedi
1611 3364 1738 3419 dum
1762 3364 1845 3420 in-

251 3463 541 3524 crcpantur
568 3455 694 3520 alii,
735 3470 952 3511 suorum
995 3457 1350 3513 admissorum
1382 3457 1752 3525 reminiscens,
1790 3465 1844 3513 et

253 3548 391 3602 alius
419 3549 633 3617 quidem
660 3558 880 3604 vocatur
909 3551 960 3604 in
986 3549 1074 3620 ius
1093 3590 1110 3616 ,
1140 3549 1227 3605 hic
1253 3564 1383 3604 vero
1410 3548 1726 3620 ﬂagellatur,
1757 3549 1844 3604 cui

255 3639 463 3694 nullum
513 3643 714 3696 crimen
761 3641 1072 3708 intenditur,
1119 3642 1165 3697 si
1211 3641 1370 3698 fuerit
1416 3643 1602 3698 eadem
1658 3656 1838 3696 ausus.

255 3731 714 3801 Quemadmodum
740 3732 794 3787 in
823 3734 1048 3788 aliorum
1077 3741 1224 3788 recte
1248 3733 1399 3788 factis
1415 3733 1541 3789 dum
1564 3732 1845 3788 laudantur

255 3818 314 3878 e1
342 3832 683 3889 coronantur,
729 3823 821 3894 qui
851 3827 1038 3879 eadem
1083 3838 1206 3880 cum
1235 3825 1366 3893 ipsis
1394 3833 1538 3880 recte
1563 3825 1697 3880 facta
1721 3839 1846 3895 ges-

253 3925 462 3978 serunt,
507 3915 739 3984 gaudent
780 3915 1182 3985 exsultantque,
1223 3915 1374 3986 qttasi
1422 3931 1529 3970 non
1571 3916 1648 3972 illi
1677 3916 1846 3986 magis

251 4020 418 4076 quam
445 4005 540 4076 ipsi
563 4005 924 4062 laudarentur.
953 4006 1094 4073 Quid
1116 4007 1276 4077 igitur
1295 4021 1414 4062 esse
1440 4007 1604 4076 possit
1630 4007 1846 4063 homine

254 4107 541 4168 peccatore
570 4099 814 4154 miserius
834 4140 850 4165 ,
877 4099 966 4169 qui
991 4101 1200 4169 quoties
1227 4108 1546 4155 accusantur
1579 4099 1702 4164 alii,
1733 4099 1850 4170 ipse

251 4188 634 4244 exanimatur?
663 4189 854 4244 Contra
872 4231 888 4256 ,
931 4190 1059 4260 quid
1083 4205 1149 4248 eo
1177 4190 1385 4246 beatius
1403 4230 1419 4255 ,
1459 4191 1548 4262 qui
1593 4206 1714 4248 cum
1742 4193 1849 4246 vir-

254 4289 374 4335 tute
404 4280 552 4343 vivit,
583 4281 670 4348 qui
691 4280 815 4334 dum
843 4281 1126 4335 laudantur
1153 4282 1265 4348 alii,
1293 4283 1404 4350 ipse
1419 4282 1612 4353 gaudet
1641 4283 1849 4338 lzetitia-

254 4389 366 4442 qne
393 4370 606 4434 difﬂuit,
641 4386 704 4426 ex
735 4373 959 4426 aliorum
984 4372 1228 4427 laudibus
1252 4387 1469 4428 suorum
1501 4384 1647 4430 recte
1675 4375 1845 4430 facto-

255 4480 380 4521 rmn
407 4463 718 4519 memoriam
745 4464 1045 4532 recipiens?
1075 4463 1201 4519 Haec
1223 4474 1345 4519 sunt
1362 4465 1555 4520 divina:
1574 4467 1848 4536 sapientiae

256 4572 447 4626 opera,
504 4555 617 4611 haec
667 4557 903 4610 maxima
941 4556 1080 4611 illius
1123 4557 1470 4626 providentiae
1513 4569 1639 4613 sunt
1687 4575 1847 4630 argu-

257 4658 441 4702 menta
467 4665 482 4702 :
505 4647 846 4702 conscientia:
871 4647 1161 4717 increpatio
1185 4662 1334 4702 sacra
1360 4658 1443 4703 est
1467 4664 1662 4705 ancora
1683 4693 1697 4717 ,
1741 4667 1848 4706 non

258 4741 444 4795 sinens
465 4754 562 4794 nos
587 4739 798 4794 tandem
815 4739 868 4794 in
892 4748 1230 4807 peccatorum
1249 4739 1483 4813 demergi
1504 4742 1846 4811 profundum.

257 4829 446 4900 Neque
481 4831 623 4885 enim
651 4845 746 4900 per
774 4830 824 4884 id
860 4841 1066 4900 tempus
1096 4840 1300 4885 tantum
1325 4847 1432 4902 quo
1454 4843 1668 4902 peccata
1703 4850 1850 4890 com-

260 4921 545 4988 mittimus,
571 4937 752 4976 verum
771 4922 929 4976 etiam
957 4931 1076 4992 post
1099 4922 1292 4977 multos
1311 4937 1570 4979 annorum
1600 4926 1851 4982 circuitus

261 5015 409 5070 novit
446 5031 542 5071 nos
580 5031 720 5086 saepe
749 5016 942 5070 veteris
985 5015 1273 5071 admonere
1306 5019 1508 5086 peccati
1537 5036 1551 5073 :
1599 5019 1758 5089 idque
1783 5035 1848 5074 ex

262 5109 393 5178 ipsis
419 5108 692 5163 evidenter
715 5109 1074 5178 comprobabo
1094 5109 1398 5180 Scripturis.

332 5197 553 5252 Invidia
579 5200 671 5252 vis.
690 5227 758 5238 -
775 5199 1141 5256 Vendiderunt
1164 5202 1292 5257 olim
1322 5201 1512 5259 fratres
1531 5203 1846 5274 Josephum,

261 5291 394 5346 nihil
421 5291 636 5361 quidem
673 5290 928 5348 habentes
953 5293 1094 5363 quod
1124 5295 1448 5362 incusarent,
1478 5295 1849 5368 sed-quoniam

259 5384 470 5439 viderat
495 5384 702 5438 somnia
741 5385 838 5454 ipsi
883 5385 1105 5455 gloriam
1131 5397 1410 5442 venturam
1455 5389 1845 5458 portendentia.

270 5474 514 5527 Videbam
536 5515 549 5540 ,
596 5475 804 5544 inquit,
851 5476 1136 5546 manipulos
1164 5489 1348 5532 vestros
1373 5479 1640 5533 adorantes
1682 5481 1848 5534 mani-

262 5573 436 5634 putum
467 5582 630 5619 meum
657 5564 811 5636 (Gen.
840 5566 929 5621 57.
961 5566 1039 5637 7).
1077 5567 1409 5638 Quamquam
1438 5569 1506 5623 ob
1534 5568 1649 5625 hzcc
1672 5570 1851 5626 decuit

257 5658 408 5714 illum
454 5672 669 5713 servare
715 5657 891 5726 potius
914 5699 929 5726 ,
961 5658 1103 5728 quod
1150 5660 1312 5716 totius
1357 5659 1575 5717 familia:
1601 5677 1842 5734 corona,

1462 226 1548 282 DE
1589 221 1859 280 ιΑΖΜὶΟ
1896 219 2139 278 CONCIU
2177 222 2262 278 IV.

3395 229 3531 285 I‘JH

1940 337 2209 406 totiuSque
2250 338 2460 408 generis
2490 339 2655 395 decus
2700 350 2815 394 erat
2856 341 3084 395 futurus.
3114 341 3219 396 Sed
3263 326 3531 411 ejusmodi

1937 441 2024 482 res
2068 436 2152 483 est
2192 427 2386 483 invidia
2419 445 2434 483 :
2470 440 2664 508 pugnat
2689 431 2946 486 adversus
2971 431 3262 488 domestica
3291 433 3485 490 decora
3513 475 3530 499 ,

1937 521 2244 591 mavultque
2289 520 2499 576 invidus
2553 526 2831 577 innumera
2878 524 3083 594 perpeti
3131 525 3312 593 mala,
3370 542 3532 596 quam

1938 609 2120 666 videre
2164 611 2464 681 proximum
2498 612 2549 667 in
2583 614 2753 683 pretio
2781 614 3058 681 habitum,
3093 615 3302 672 etiamsi
3346 617 3532 687 gloria

1941 715 2064 770 pars
2091 701 2157 756 ad
2184 701 2358 772 ipsum
2398 703 2470 758 sit
2498 716 2872 773 permanatura
2905 723 2920 760 :
2952 722 3057 776 quo
3083 721 3216 763 sane
3241 709 3368 778 quid
3411 724 3533 766 esse

1938 791 2109 861 possit
2151 794 2443 848 miserius?
2467 795 2618 864 Quod
2645 804 2699 851 et
2742 798 2844 852 illis
2871 813 2970 852 usu
2999 799 3143 855 venit
3175 823 3190 861 ;
3222 817 3343 856 cum
3386 804 3531 858 enim

1941 884 2194 939 vidissent
2249 886 2397 941 illum
2446 889 2631 957 procul
2687 891 3024 956 venientem,
3074 893 3307 965 ipsisque
3351 896 3530 951 cibum

1939 973 2289 1044 offerentem,
2337 978 2473 1033 inter
2516 995 2574 1034 se
2614 980 2861 1036 dicebant
2912 1000 2925 1036 :
2985 982 3194 1054 Venite,
3241 989 3531 1042 ocridamus

1938 1081 2074 1132 eum,
2107 1084 2166 1121 ac
2195 1068 2451 1123 rideamus
2480 1070 2602 1140 quid
2631 1073 2805 1142 futura
2832 1073 2931 1126 sint
2960 1074 3098 1129 illius
3125 1078 3319 1130 somnia
3375 1057 3547 1146 (Gen.-

1941 1158 2029 1210 57.
2060 1159 2131 1214 9.0
2152 1159 2193 1228 ).
2230 1159 2294 1215 Ut
2325 1159 2541 1216 fratrem
2573 1178 2677 1216 non
2719 1164 3014 1220 reverearis
3038 1206 3052 1234 ,
3086 1182 3257 1236 neque
3287 1177 3532 1224 naturam

1939 1264 2197 1320 agnoscas
2221 1291 2236 1320 ,
2265 1260 2411 1306 certe
2435 1267 2675 1308 mensam
2703 1254 2870 1323 ipsam
2897 1256 3245 1312 conveniebat
3270 1259 3530 1326 revereri,
3563 1261 3571 1274 ‘

1941 1340 2223 1410 ipsumque
2250 1341 2531 1398 ministerii
2561 1343 2817 1412 officium,
2847 1345 3280 1416 quandoquidem
3308 1348 3534 1404 aliturus

1942 1443 1996 1490 te
2040 1435 2303 1490 veniebat.
2333 1436 2440 1492 Sed
2482 1436 2602 1492 vide
2645 1438 2915 1508 quomodo
2943 1448 2998 1494 et
3039 1439 3406 1510 imprudentes
3435 1457 3532 1495 va-

1943 1525 2250 1581 ticinantur.
2292 1526 2483 1592 Venite,
2515 1527 2780 1598 inquiunt,
2812 1529 3096 1584 occidamus
3125 1548 3259 1599 eum,
3288 1541 3334 1586 et
3363 1533 3532 1586 ridea-

1942 1635 2053 1673 mus
2081 1620 2202 1690 quid
2243 1624 2420 1690 futura
2444 1621 2545 1675 sint
2588 1620 2725 1674 illius
2751 1621 2967 1676 somnia.
2997 1623 3205 1678 Etenim
3237 1625 3339 1679 nisi
3383 1636 3532 1680 stru-

1942 1710 2150 1765 xissent
2193 1711 2430 1779 insidias,
2464 1713 2565 1767 nisi
2612 1713 2764 1768 dolos
2809 1715 3122 1780 texuissent,
3153 1725 3204 1770 et
3249 1717 3534 1787 impudens

1944 1802 2074 1856 illud
2117 1803 2401 1857 concilium
2450 1804 2902 1873 concinnasscnt,
2952 1821 3284 1876 nequaquam
3331 1824 3534 1878 cogno-

1945 1891 2147 1947 vissent
2177 1891 2280 1946 vim
2329 1893 2541 1948 illorum
2583 1894 2933 1948 somniorum.
2965 1895 3082 1950 Non
3127 1897 3269 1951 enim
3314 1898 3535 1967 perinde

1943 1997 2193 2052 magnum
2220 1992 2336 2039 erat
2358 2025 2373 2050 ,
2417 1984 2614 2054 Joseph
2640 2027 2655 2052 ,
2686 1985 2730 2040 si
2759 1985 2893 2040 nihil
2918 1987 3093 2042 acerbi
3123 2002 3311 2056 passus
3350 1998 3492 2044 esset
3512 2031 3532 2058 ,

1944 2075 2304 2131 conscendere
2332 2075 2580 2132 thronum
2606 2076 2854 2148 IEgypti,
2885 2093 2948 2133 ac
2978 2087 3056 2134 tot
3095 2079 3382 2136 obstaculis
3419 2083 3533 2136 dis-

1943 2167 2145 2235 cussis,
2173 2167 2315 2222 hunc
2339 2168 2587 2224 eumdem
2613 2170 2823 2241 assequi
2848 2171 3210 2240 splendorem.
3253 2173 3363 2228 Nisi
3390 2174 3532 2232 enim

1944 2257 2018 2312 illi
2063 2260 2384 2314 struxissent
2429 2259 2689 2330 insidias,
2740 2277 2844 2317 non
2894 2263 3260 2320 vendidissent
3305 2281 3430 2323 eum
3480 2270 3534 2323 in

1944 2349 2234 2423 [Egyptum
2267 2369 2280 2406 :
2315 2351 2413 2406 nisi
2439 2353 2490 2407 in
2522 2352 2810 2424 rEgyptum
2842 2356 3246 2424 vendidissent,
3273 2374 3377 2414 non
3408 2361 3536 2415 ada-

1946 2451 2122 2498 matus
2166 2442 2354 2498 fuisset
2395 2443 2464 2498 ab
2503 2443 2632 2499 hera
2663 2460 2677 2497 :
2712 2445 2756 2499 si
2786 2460 2892 2500 non
2937 2444 3124 2502 fuisset
3165 2448 3442 2504 adamatus
3468 2451 3536 2505 ab

1945 2533 2072 2596 hera
2098 2576 2113 2600 ,
2143 2549 2249 2589 non
2281 2535 2465 2591 fuisset
2491 2536 2767 2606 conjectus
2808 2539 2860 2590 in
2890 2552 3159 2594 carcerem
3184 2581 3202 2606 ,
3232 2557 3336 2594 non
3369 2543 3533 2596 inter:

1945 2634 2187 2696 pretatus
2230 2624 2419 2681 fuisset
2462 2627 2668 2681 somnia
2696 2669 2710 2692 ,
2758 2643 2862 2682 non
2911 2643 3133 2699 regnum
3178 2631 3308 2685 illud
3349 2632 3539 2688 fuisset

1944 2725 2265 2787 assequutus
2297 2733 2310 2770 :
2342 2717 2386 2770 si
2416 2732 2521 2772 non
2555 2717 2741 2772 fuisset
2766 2733 2987 2788 regnum
3017 2730 3397 2792 consequutus,
3428 2739 3536 2778 non

1946 2808 2220 2863 venissent
2249 2808 2321 2861 illi
2351 2809 2761 2864 commercaturi
2789 2811 3114 2867 frumentum
3138 2855 3153 2879 ,
3185 2830 3284 2869 nec
3312 2815 3537 2870 adoras-

1945 2908 2083 2954 sent.
2110 2897 2292 2970 Itaque
2309 2900 2560 2969 quoniam
2579 2901 2890 2956 occiderunt
2916 2903 3086 2970 illum,
3105 2905 3174 2959 ob
3191 2905 3292 2960 hoc
3306 2908 3539 2962 maxime

1947 2992 2330 3047 intellexerunt
2355 2992 2498 3047 illius
2527 2994 2756 3048 somnia.
2786 2995 2921 3062 Quid
2950 2997 3145 3067 igitur!
3167 2997 3344 3067 ipsine
3369 2999 3540 3056 bono-

1946 3101 2063 3140 rum
2109 3085 2348 3140 omnium
2390 3100 2509 3155 qua:
2539 3094 2659 3156 post
2703 3097 3032 3157 evenerunt,
3067 3089 3313 3159 illiusque
3353 3092 3540 3161 gloria:

1946 3177 2161 3232 fuerunt
2178 3177 2251 3232 illi
2269 3177 2674 3233 conciliatores?
2693 3178 3058 3250 Nequaquam.
3087 3181 3280 3237 Verum
3306 3183 3406 3252 ipsi
3421 3187 3541 3256 qui-

1947 3268 2069 3324 dem
2099 3267 2460 3322 moliebantur
2493 3269 2640 3322 illum
2670 3271 2850 3335 morti,
2869 3270 3250 3340 desiierationi,
3269 3276 3535 3344 servituti,

1946 3359 2178 3413 breviter
2202 3359 2456 3412 extremis
2479 3359 2632 3414 malis
2659 3359 2869 3418 tradere
2901 3378 2913 3413 :
2946 3361 3041 3416 sed
3070 3363 3206 3416 Deus
3235 3364 3425 3418 melior
3451 3381 3540 3420 ar-

1949 3452 2077 3506 tifex
2101 3495 2115 3519 ,
2145 3452 2510 3506 insidiantium
2541 3452 2742 3508 malitia
2769 3454 2822 3509 in
2850 3455 3050 3509 vcnditi
3093 3455 3404 3527 insidiisque
3432 3457 3536 3512 itu-

1948 3545 2094 3613 petiti
2115 3545 2338 3614 gloriam
2362 3560 2488 3598 usus
2509 3552 2611 3599 est.

2019 3635 2073 3690 6.
2111 3634 2190 3689 Ne
2215 3651 2340 3688 vero
2365 3644 2582 3705 putares
2620 3650 2797 3690 rerum
2831 3645 3086 3701 eventus,
3118 3639 3202 3692 vel
3235 3653 3392 3694 casus
3414 3653 3538 3695 esse

1948 3726 2215 3794 fortuitos,
2246 3726 2329 3781 vel
2357 3727 2426 3781 ab
2451 3725 2802 3781 humanarum
2835 3743 3015 3782 rerum
3044 3728 3218 3782 subita
3246 3731 3540 3786 mutatione

1949 3820 2184 3890 pendere
2212 3839 2225 3875 :
2256 3835 2349 3889 per
2373 3835 2467 3874 eos
2495 3820 2586 3890 qui
2614 3820 2964 3876 adversantur
2992 3861 3009 3888 ,
3040 3837 3134 3890 per
3158 3837 3253 3877 eos
3276 3824 3365 3893 qui
3391 3825 3542 3880 obsi-

1951 3922 2116 3976 stunt,
2132 3921 2382 3981 procurat
2395 3911 2556 3975 Deus,
2572 3919 2629 3966 ut
2644 3927 2731 3966 res
2751 3927 2869 3981 quae
2888 3920 3151 3976 vetantur,
3169 3915 3537 3984 conficiantur,

1950 4003 2178 4060 inimicis
2203 4003 2313 4058 suis
2346 4003 2412 4056 ad
2443 4017 2593 4056 suam
2621 4002 2845 4072 gloriam
2877 4012 3030 4056 utens
3057 4004 3336 4072 ministris,
3373 4016 3432 4061 ut
3455 4008 3542 4061 in-

1952 4097 2158 4168 telligas
2195 4095 2337 4166 quod
2377 4096 2517 4150 Deus
2550 4094 2808 4160 decrevit,
2839 4110 2868 4147 a
2899 4095 3114 4150 nemine
3141 4095 3409 4166 dissipari,
3440 4115 3540 4156 nec

1949 4205 2165 4245 manum
2193 4189 2334 4244 illam
2361 4187 2625 4244 excelsam
2653 4203 2683 4240 a
2710 4202 2974 4257 quoquam
2999 4202 3246 4242 aversum
3269 4190 3331 4243 iri
3361 4207 3374 4242 :
3397 4194 3542 4261 quod

1888 4267 1913 4334 ξ
1949 4283 1997 4336 si
2025 4281 2238 4352 quando
2266 4281 2333 4335 ab
2371 4281 2546 4350 aliquo
2589 4279 2786 4348 petaris
2823 4279 3049 4346 insidiis,
3087 4294 3154 4334 ne
3179 4284 3543 4338 consterncris

1950 4376 2151 4441 animo,
2175 4389 2307 4447 neve
2332 4374 2553 4427 moleste
2574 4373 2732 4438 feras,
2755 4371 2849 4427 sed
2873 4371 3013 4427 scire
3042 4374 3215 4441 possis
3243 4374 3462 4430 insidias
3487 4375 3543 4430 in

1951 4469 2149 4526 bonum
2190 4467 2350 4522 finem
2389 4465 2644 4532 exituras,
2678 4473 2881 4520 tantum
2927 4465 2973 4520 si
3011 4465 3218 4520 fortiter
3254 4467 3394 4522 feras
3420 4484 3542 4539 qua)

1951 4559 2220 4616 accidunt.

2028 4652 2245 4706 Eventus
2272 4650 2322 4702 in
2348 4665 2500 4702 manu
2523 4645 2641 4702 Dei.
2671 4675 2740 4688 -—
2761 4648 2901 4703 Ecce
2923 4648 3009 4704 hic
3044 4664 3254 4719 quoque
3296 4651 3430 4706 livor
3456 4669 3542 4708 re-

1951 4761 2112 4816 gnum
2129 4744 2350 4814 peperit,
2378 4742 2575 4797 invidia
2595 4743 2894 4798 conciliavit
2920 4741 3184 4810 diadema,
3207 4743 3274 4798 ad
3289 4744 3541 4800 thronum

1954 4835 2240 4906 perduxit,
2287 4845 2444 4905 atque
2467 4835 2542 4889 illi
2571 4835 2669 4904 ipsi
2699 4834 2788 4904 qui
2831 4834 3103 4888 Struebant
3134 4835 3353 4890 insidias
3392 4839 3544 4891 auxi-

1955 4928 2146 4982 tiantes
2173 4936 2549 4996 promoverunt
2589 4927 2654 4980 ad
2697 4927 2839 4981 illius
2865 4926 3071 4997 imperii
3099 4928 3538 4996 magnitudinem.

1954 5017 2022 5073 Et
2042 5021 2086 5073 is
2106 5019 2320 5088 quidem
2342 5019 2426 5074 cui
2447 5025 2660 5074 strucue
2693 5019 2901 5074 fuerant
2929 5017 3133 5072 insidia:
3164 5034 3384 5088 regnum
3415 5019 3546 5073 ade-

1859 5157 1862 5160 .
1956 5121 2077 5180 plus
2105 5123 2186 5167 est
2214 5130 2225 5164 :
2261 5113 2294 5166 ii
2340 5127 2469 5167 vero
2495 5113 2583 5182 qui
2612 5122 2932 5179 struxerant,
2978 5111 3274 5167 servierunt
3302 5131 3325 5168 τ
3353 5111 3546 5167 adora-

1956 5203 2110 5259 batur
2139 5205 2248 5270 ille,
2297 5203 2352 5258 hi
2393 5204 2700 5258 adorarunt.
2746 5204 2923 5274 Itaque
2953 5217 3078 5258 cum
3118 5203 3209 5258 tibi
3253 5203 3545 5259 acciderint

1955 5298 2145 5352 acerba
2173 5298 2530 5366 continuaque
2573 5297 2733 5361 mala,
2766 5311 2833 5349 ne
2865 5296 3092 5351 turbet-is
3118 5312 3289 5366 neque
3317 5296 3543 5352 moleste

1955 5388 2112 5452 feras,
2143 5387 2236 5443 sed
2282 5396 2502 5458 expecta
2545 5387 2726 5441 ﬂnem.
2761 5385 2986 5442 Omnino
3027 5388 3298 5459 continget
3345 5387 3542 5458 aliquid

1955 5478 2205 5533 muniﬁco
2253 5478 2365 5533 Deo
2395 5479 2632 5548 dignum,
2667 5486 2869 5532 tantum
2910 5479 2954 5532 si
2983 5493 3106 5533 cum
3132 5478 3421 5549 gratiarum
3451 5494 3544 5535 ac-

1958 5570 2101 5625 tione
2127 5568 2266 5624 feras
2312 5585 2428 5640 quae
2457 5567 3202 5640 acciduntzquandoquidem
3251 5587 3350 5626 nec
3399 5571 3542 5636 iste.

1957 5676 2081 5720 cum
2106 5660 2196 5717 illa
2225 5662 2563 5731 somniasset,
2585 5679 2706 5719 cum
2735 5664 2788 5721 in
2818 5673 3118 5721 extremum
3138 5663 3427 5722 discrimen
3457 5680 3544 5718 vc~
