4046 6146
473 234 611 291 1615

464 349 655 409 uisset,
687 357 808 397 cum
838 339 1080 396 venditus
1107 353 1136 393 a
1165 339 1432 402 fratribus,
1453 353 1572 392 cum
1600 335 1668 390 ab
1693 335 1820 390 hera
1849 333 2052 391 insidiis

464 439 750 507 appetitus,
782 435 1010 504 denique
1030 448 1150 488 cum
1196 433 1250 486 in
1292 445 1562 486 carcerem
1592 437 1734 484 esset
1759 427 2054 496 conjectus,

463 527 680 583 dicebat
695 525 834 596 apud
859 539 982 580 sese
1009 541 1022 577 :
1053 523 1176 594 quid
1207 521 1419 576 tandem
1448 522 1549 575 hoc
1573 529 1654 574 est
1681 518 1804 573 rei?
1832 515 2056 571 Fefelle-

467 629 592 675 runt
621 634 706 673 me
746 619 834 673 illa
860 618 1062 672 somnia
1099 634 1110 670 :
1142 614 1326 670 exsulo
1365 629 1393 667 a
1423 613 1610 682 patria,
1639 611 1894 682 spoliatus
1937 623 2054 663 sum

469 712 734 772 libertate,
762 715 980 778 propter
1005 709 1166 762 Deum
1200 722 1302 759 non
1325 705 1461 760 cessi
1485 705 1625 758 herae
1650 703 1714 756 ad
1737 701 2054 756 adulterium

465 801 708 857 invitanti
737 818 751 855 :
784 809 1000 871 propter
1022 799 1328 868 pudicitiam
1372 812 1436 853 ac
1461 799 1708 852 virtutem
1750 795 1819 850 do
1848 809 2052 864 poenas,

465 908 529 949 ac
549 909 620 948 ne
643 893 718 948 sic
745 891 959 961 quidem
989 891 1128 945 ultus
1149 898 1231 944 est
1250 889 1420 944 vicem
1447 902 1620 942 meam
1646 887 1803 950 Deus,
1828 895 1917 938 aut
1937 899 2053 938 ma-

466 999 593 1038 num
624 985 878 1052 porrexit,
922 980 1017 1037 sed
1048 995 1234 1051 passus
1258 987 1341 1035 est
1369 993 1455 1033 me
1485 977 1616 1032 tradi
1646 976 1868 1031 vinculis
1895 990 2054 1044 super

464 1076 566 1128 alia
595 1074 713 1129 aliis
745 1091 761 1128 :
793 1073 1125 1128 calamitates
1159 1071 1460 1126 inciderunt
1511 1076 1798 1137 perpetuae,
1839 1075 1959 1136 post
1979 1067 2055 1120 ci-

465 1177 698 1220 sternam
715 1165 964 1231 servitus,
986 1173 1104 1233 post
1119 1162 1428 1217 servitutem
1448 1160 1673 1224 insidite,
1694 1167 1814 1228 post
1836 1157 2054 1212 insidias

461 1255 749 1320 calumnia,
774 1264 891 1324 post
915 1254 1232 1307 calumniam
1249 1266 1453 1306 carcer.
1486 1249 1682 1306 Verum
1709 1249 1896 1304 borum
1921 1247 2052 1304 nihil

466 1345 616 1399 illum
643 1343 1003 1414 perturbabat,
1031 1343 1126 1397 sed
1157 1343 1532 1412 perseverabat
1560 1341 1611 1395 in
1641 1356 1735 1410 spe
1762 1355 1885 1396 cum
1914 1340 2050 1395 bona

467 1436 678 1500 fiducia,
706 1436 879 1490 sciens
916 1433 1056 1505 quod
1082 1449 1204 1504 qua:
1232 1435 1369 1489 dicta
1393 1441 1518 1490 sunt
1545 1449 1575 1488 a
1604 1433 1731 1500 Deo,
1763 1449 2050 1505 numquam

470 1525 736 1578 excident.

529 1615 674 1668 Deus
714 1630 870 1686 quare
905 1631 1006 1669 non
1063 1614 1232 1668 statim
1279 1615 1428 1684 eripit
1478 1623 1696 1670 sandes.
1735 1645 1807 1656 —-
1843 1615 2057 1670 Poterat

469 1706 680 1774 quidem
731 1707 870 1760 Deus
897 1706 1085 1760 eodem
1114 1707 1273 1760 etiam
1301 1706 1388 1760 die
1427 1705 1525 1760 ista
1572 1706 1849 1775 perficere,
1882 1707 1973 1762 sed
2004 1716 2062 1761 ut

470 1798 624 1851 simul
647 1806 701 1852 et
721 1813 869 1851 suam
893 1797 1126 1852 declaret
1145 1797 1453 1867 potentiam,
1477 1806 1532 1852 et
1559 1797 1715 1852 fidem
1741 1797 2058 1853 famulorum

471 1905 708 1952 suorum,
739 1890 996 1958 permittit.
1013 1891 1236 1944 multum
1262 1890 1516 1958 temporis
1541 1889 1891 1957 intercedere,
1924 1891 2062 1945 mul-

469 1990 627 2049 taque
654 1979 887 2034 incidere
915 1979 1316 2049 impedimenta,
1346 1982 1422 2034 uti
1449 1979 1608 2034 simul
1628 1991 1686 2035 et
1709 1981 1873 2050 ipsius
1899 1981 2063 2035 robur

471 2082 782 2138 cognoscas,
838 2079 949 2122 tum
993 2069 1259 2139 explentis
1312 2070 1592 2140 promissa,
1638 2082 1979 2142 posteaquam
2008 2072 2061 2126 in

443 2158 896 2230 «desperationem
917 2158 1143 2214 adducta
1165 2175 1251 2215 res
1270 2169 1372 2225 est,
1395 2170 1448 2215 et
1467 2175 1748 2216 servorum
1772 2163 2065 2232 perspicias

482 2251 819 2306 tolerantiam
842 2265 904 2306 ac
931 2250 1108 2316 fidem,
1140 2265 1275 2321 quos
1302 2251 1434 2306 nihil
1464 2253 1676 2320 horum,
1705 2269 1823 2323 quae
1854 2254 2067 2309 interim

475 2343 743 2408 accidunt,
781 2358 809 2396 a
862 2342 997 2397 bona
1043 2357 1138 2412 spe
1165 2342 1400 2412 depellit.
1451 2343 1554 2398 Sed
1585 2345 1724 2414 quod
1754 2345 1932 2400 dicere
1959 2359 2069 2401 cm-

484 2453 688 2506 peram,
731 2438 928 2492 reversi
971 2447 1095 2492 sunt
1140 2438 1248 2505 isti,
1302 2437 1442 2492 fame
1473 2439 1590 2492 illos
1626 2439 1788 2492 veluti
1817 2439 2068 2496 carniﬁce

480 2531 777 2599 prmcipites
805 2531 1036 2601 agitante
1063 2571 1078 2595 ,
1131 2541 1187 2586 et
1239 2530 1460 2602 principi
1492 2531 1689 2600 Ioseph
1733 2532 2025 2588 exhibente
2051 2550 2071 2588 τ

472 2623 725 2678 Volt-bant
751 2638 934 2678 emere
982 2622 1350 2678 frumentum:
1382 2624 1468 2679 hic
1514 2635 1688 2680 autem
1732 2629 1805 2681 ait
1857 2627 1922 2681 ad
1951 2643 2066 2696 eos,

475 2712 842 2782 Exploratores
889 2715 1004 2768 estis
1058 2712 1225 2784 (Gen.
1256 2715 1345 2768 42.
1375 2714 1464 2786 9).
1499 2715 1574 2769 llli
1601 2716 1741 2785 apud
1776 2732 1894 2773 sese
1922 2719 2068 2774 dice-

480 2805 629 2864 bant,
649 2804 897 2873 quidnam
930 2807 1028 2859 hoc
1055 2814 1135 2859 est
1157 2805 1455 2860 ‘lAlimenta
1477 2815 1711 2877 emptum
1729 2809 1989 2878 venimus,
2014 2819 2068 2866 et

481 2894 548 2950 de
576 2896 677 2948 vita
713 2895 1074 2966 periclitamur
1099 2897 1123 2950 ‘l
1152 2896 1340 2951 Merito
1369 2915 1382 2950 :
1417 2897 1848 2970 quandoquidem
1887 2912 1944 2956 et
1972 2902 2066 2958 ille

485 2988 634 3043 vobis
658 2989 962 3043 alimoniam
983 2989 1256 3054 afferebat,
1280 2989 1451 3061 deque
1471 2991 1576 3046 vita
1606 2993 1932 3062 periclitatus
1961 3004 2063 3050 est.

481 3077 744 3134 Caeterum
775 3081 865 3135 ille
893 3081 1105 3150 quidem
1129 3095 1254 3136 vere
1273 3097 1459 3150 passus
1485 3066 1605 3149 esi;
1644 3099 1739 3141 vos
1764 3095 1940 3141 autem
1965 3087 2068 3143 hoc

481 3187 574 3241 per
604 3172 996 3226 simulationem
1037 3172 1297 3242 patimini.
1324 3172 1438 3227 Non
1470 3175 1612 3228 enim
1655 3176 1900 3232 inimicus
1929 3187 2065 3245 erat,

481 3263 574 3319 sed
616 3263 811 3316 inimici
863 3277 1142 3332 personam
1192 3273 1594 3334 assumpserat,
1634 3269 1837 3337 utquid
1881 3269 1933 3323 in
1977 3284 2068 3339 pa-

479 3365 631 3408 terna
665 3351 858 3406 familia
899 3365 1146 3423 ageretur
1181 3355 1245 3409 ad
1287 3356 1497 3425 plenum
1531 3369 1894 3428 cognosceret.
1927 3360 2070 3427 Quo-

483 3447 626 3499 niam
663 3445 803 3500 enim
834 3445 976 3498 circa
1023 3445 1195 3514 ipsum
1239 3447 1463 3515 improbi
1507 3449 1802 3520 ingratique
1841 3450 2068 3518 fuerant,

485 3537 756 3606 Benjamin
799 3545 974 3590 autem
1006 3551 1126 3590 cum
1156 3536 1287 3605 ipsis
1317 3552 1422 3592 non
1464 3538 1710 3606 viderat,
1760 3543 1958 3598 veritus
2004 3545 2073 3600 de

487 3642 650 3696 puero
679 3643 746 3681 ne
770 3628 980 3695 quando
998 3636 1052 3682 et
1075 3628 1161 3682 ille
1191 3627 1377 3683 eadem
1398 3645 1515 3699 qua:
1539 3630 1700 3685 frater
1721 3647 1908 3701 passus
1933 3635 2070 3690 fuis-

486 3727 584 3778 set,
612 3717 762 3786 jubet
795 3733 956 3772 unum
985 3734 1050 3772 ex
1076 3718 1178 3772 illis
1203 3720 1436 3772 vinctum
1469 3721 1574 3774 illic
1606 3722 1857 3792 detineri,
1881 3725 2072 3782 deinde

491 3809 610 3862 illos
645 3819 857 3876 sumpto
887 3809 1030 3862 omni
1056 3808 1324 3863 frumento
1344 3810 1638 3878 discedere,
1684 3823 1912 3870 mortem
1961 3817 2067 3871 illis

489 3898 863 3963 comminatus,
895 3899 994 3952 nisi
1019 3897 1240 3954 fratrem
1267 3915 1420 3955 suum
1449 3901 1793 3958 adducerent.
1820 3905 1943 3961 llaec
1970 3907 2070 3977 igi-

486 3999 578 4045 tur
604 3989 690 4044 ubi
714 3989 846 4044 facta
873 3998 1015 4056 sunt,
1039 3990 1174 4045 dixit
1202 3992 1305 4045 illis
1333 4010 1346 4046 :
1377 3992 1684 4064 Relinquite
1707 3995 1933 4068 aliquem
1966 3999 2072 4067 hic,

482 4089 547 4138 et
581 4080 794 4137 fratrem
821 4092 1054 4137 vestrum
1077 4083 1329 4139 adducite
1355 4103 1367 4139 :
1394 4086 1472 4139 sin
1514 4087 1709 4155 minus,
1751 4093 2068 4149 moriemini.

485 4173 629 4242 Quid
653 4183 761 4229 tum
788 4174 928 4230 inter
952 4190 1010 4230 se
1029 4176 1378 4245 loquebantur
1403 4179 1475 4231 illi
1500 4178 1523 4230 ?
1544 4179 1788 4236 Profecto
1813 4181 1926 4238 lucc
1950 4185 2070 4253 jure

487 4267 642 4323 nobis
684 4267 929 4322 accidunt
957 4285 970 4320 :
998 4283 1135 4330 nam
1188 4269 1240 4323 in
1279 4269 1510 4338 peccatis
1548 4287 1730 4328 sumus
1759 4315 1772 4338 ,
1812 4275 1878 4330 de
1908 4276 2070 4333 fratre

487 4368 670 4413 nostro
694 4373 813 4412 cum
839 4368 1050 4428 rogaret
1072 4373 1190 4413 nos.
1216 4359 1372 4414 Vides
1399 4371 1786 4431 postquantum
1816 4368 2068 4436 temporis

490 4450 691 4518 peccati
731 4450 874 4504 illius
913 4449 1372 4504 recordabantur?
1403 4451 1470 4505 Et
1503 4452 1570 4506 ad
1621 4462 1822 4522 patrem
1854 4457 2067 4526 quidem

487 4539 765 4595 dixerant:
795 4538 931 4592 Fera
952 4539 1167 4608 pessima
1187 4540 1438 4594 devoravit
1456 4540 1645 4613 Ioseph
1669 4540 1822 4613 (Gen.
1839 4542 1928 4600 37.

489 4631 757 4686 Czeterum
779 4631 894 4700 ipso
920 4630 1117 4710 J_oseph
1144 4643 1405 4701 praesente
1423 4635 1773 4706 audienteque
1797 4649 2069 4708 peccatum

488 4738 645 4777 suum
691 4715 1006 4789 prodebant.
1054 4721 1190 4788 Quid
1243 4726 1340 4777 hac
1390 4740 1449 4779 re
1496 4727 1788 4783 mirabilius
1829 4731 2070 4787 accidere

491 4814 708 4890 possit?
741 4813 1004 4868 Judicium
1049 4813 1250 4884 absque
1279 4815 1736 4887 redargutionibus
1780 4823 2066 4892 peragitur,

488 4915 542 4958 ιιι
567 4905 836 4960 excusatio
863 4906 979 4957 sine
1012 4905 1370 4972 accusatione,
1411 4909 1654 4976 probatio
1681 4911 1796 4965 sine
1825 4914 2066 4980 testibus,

491 4999 615 5048 dum
643 4994 763 5063 ipsi,
791 4993 882 5062 qui
914 4991 1121 5048 facinus
1151 5005 1482 5064 percgerant,
1501 4997 1704 5067 seipsos
1730 5001 2067 5071 redarguunt,

489 5083 738 5153 quodque
770 5083 905 5137 clam
945 5081 1138 5137 factum
1175 5083 1367 5149 fuerat,
1413 5085 1662 5144 efferunt.
1700 5091 1830 5158 Quis
1857 5107 2074 5161 persua-

518 5192 2250 5226 Μ

1211 225 1268 282 8.
1308 224 1585 282 JOANNIS
1620 217 2096 279 CllRYSOSTOMl
2135 215 2453 275 ARClllEP.
2494 217 3031 277 CONSTANTINOP.

1781 5210 2111 5222 ——-—.—

3631 220 3765 280 1016

2187 333 2289 388 sit?
2309 333 2438 402 Quis
2471 334 2646 406 adegit
2670 336 2720 390 in
2749 336 3016 405 publicum
3043 335 3253 403 efferre,
3281 351 3399 407 qum
3423 348 3546 394 ante
3569 347 3764 398 tantum

2187 427 2442 494 temporis
2458 434 2660 496 patrata
2678 427 2836 481 sunt?
2861 431 3050 481 Annon
3077 428 3411 497 perspicuum
3433 438 3516 483 est
3534 429 3634 486 huc
3650 433 3766 488 ade-

2187 516 2329 584 gisse
2351 516 2750 584 conscientiam,
2783 517 3038 588 judicem,
3065 518 3148 572 cui
3175 518 3332 572 verba
3369 518 3483 573 dari
3514 534 3616 574 non
3647 537 3764 590 pos-

2191 617 2354 671 sunt;
2382 621 2503 676 qua:
2536 607 2750 662 assidue
2785 608 3119 663 concutiebat
3145 609 3354 663 illorum
3384 615 3767 677 mentem,ani-

2189 713 2440 768 mumque
2467 699 2710 754 turbabat
2734 700 2759 754 ‘l
2786 699 2854 754 Et
2879 699 2970 754 ille
2991 700 3199 754 occisus
3227 710 3352 755 tunc
3380 701 3598 758 sedebat
3617 707 3769 761 tacite

2187 788 2430 857 judicans
2466 791 2625 844 illos:
2651 805 2878 859 cumque
2917 791 3058 844 nulla
3102 793 3364 847 sententia
3393 792 3446 846 in
3474 793 3616 864 ipsos
3637 806 3772 851 esset

2196 881 2552 950 pronuntiata,
2577 882 2676 950 ipsi
2720 883 3181 937 condemnationis
3222 883 3482 939 calculum
3523 885 3771 943 adversus

2195 987 2314 1026 sese
2341 969 2598 1026 ferebant.
2627 973 2694 1026 Et
2719 973 2801 1026 isti
2823 973 3034 1041 quidem
3060 973 3172 1026 hmc
3197 972 3474 1028 dicebant:
3501 975 3639 1029 alios
3655 991 3774 1030 vero

2195 1077 2314 1118 sese
2335 1063 2642 1128 excusabat,
2669 1062 2852 1118 dicens
2880 1081 2893 1117 :
2925 1062 3113 1117 Nonne
3131 1064 3239 1116 dixi
3259 1065 3326 1117 ad
3342 1079 3426 1118 uos
3450 1065 3522 1117 ita
3543 1067 3773 1134 loquens:

2198 1153 2282 1209 Ne
2311 1154 2506 1208 lwdatis
2539 1171 2770 1223 puerum,
2799 1170 2916 1208 neve
2956 1155 3229 1225 quidquam
3276 1157 3397 1210 mali
3426 1156 3503 1210 illi
3528 1159 3732 1227 [cuiatis
3754 1200 3769 1224 ,

2195 1243 2430 1314 quoniam
2467 1244 2626 1314 frater
2649 1254 2817 1298 noster
2840 1254 2912 1298 est
2934 1261 2954 1298 :
2983 1257 3025 1297 α
3057 1261 3166 1298 ecce
3202 1261 3334 1298 nunc
3377 1247 3584 1316 sanguis
3621 1248 3776 1315 ipsius

2195 1336 2474 1406 exquiritur
2497 1336 2561 1389 de
2586 1335 2814 1390 manibus
2839 1336 3066 1390 nostris?
3090 1334 3238 1407 (Gen.
3259 1335 3350 1390 43.
3379 1336 3495 1406 22).
3532 1339 3776 1394 Attamen

2196 1426 2243 1480 is
2267 1426 2354 1496 qui
2387 1426 2502 1481 bzcc
2520 1427 2748 1493 dicebat,
2778 1427 2904 1480 nihil
2927 1427 2993 1482 de
3013 1428 3158 1482 exede
3178 1436 3269 1482 aut
3292 1427 3663 1484 interfectionc
3693 1430 3776 1484 illa

2195 1518 2400 1573 dixerat
2425 1536 2438 1573 :
2466 1534 2647 1574 verum
2671 1534 2738 1573 ne
2778 1519 2890 1587 ipse
2912 1517 3126 1588 quidem
3157 1519 3348 1574 sedens
3369 1519 3658 1588 quidquam
3681 1521 3777 1575 tale

2195 1611 2488 1681 qumrebat,
2541 1611 2634 1665 sed
2678 1611 2840 1665 alium
2887 1611 3102 1666 fratrem
3146 1610 3495 1680 requirebat:
3544 1611 3778 1680 ipsorum

2197 1713 2370 1760 tamen
2391 1705 2711 1759 conscientia
2740 1721 2836 1775 per
2855 1704 3086 1759 oblatam
3109 1707 3440 1760 occasionem
3466 1705 3776 1772 insurrexit,

2195 1798 2582 1867 momorditque
2624 1798 2836 1852 illorum
2884 1799 3125 1863 animos,
3170 1799 3432 1862 efficiens,
3465 1807 3523 1852 ut
3569 1799 3779 1853 nemine

2196 1889 2568 1958 compellente,
2614 1903 2708 1943 sua
2747 1887 3125 1943 confiterentur
3177 1885 3445 1945 facinora.
3488 1887 3692 1942 Eadem
3730 1898 3780 1943 et

2197 1982 2348 2036 nobis
2367 1983 2611 2037 accidunt
2631 1982 2684 2036 in
2715 1983 2945 2050 peccatis
2969 1980 3268 2050 praeteritis.
3297 1980 3429 2035 Cum
3459 1981 3605 2035 enim
3631 1982 3780 2034 malis

2195 2085 2292 2126 nos
2301 2073 2765 2128 circumstantibus
2781 2070 3171 2139 examinamur,
3186 2070 3420 2141 priorum
3441 2083 3778 2142 peccatorum

2195 2165 2602 2220 reminiscimur.

2266 2257 2316 2308 7.
2362 2256 2488 2312 Haec
2526 2257 2682 2327 igitur
2709 2256 2889 2311 omnia
2915 2271 3039 2311 cum
3077 2257 3328 2324 sciamus,
3359 2255 3449 2311 ubi
3476 2255 3608 2330 quid
3640 2257 3781 2330 pravi

2189 2349 2537 2417 gesserimus,
2560 2363 2629 2403 ne
2657 2358 3024 2418 exspectemus
3048 2348 3378 2406 calamitates
3409 2351 3781 2421 malorumque

2192 2441 2482 2506 incursum,
2515 2454 2687 2509 neque
2707 2438 2962 2508 pericula,
2986 2455 3160 2510 neque
3185 2441 3415 2508 vincula,
3439 2442 3532 2496 sed
3555 2443 3781 2513 singulis

2189 2540 2245 2585 et
2270 2529 2417 2585 horis
2450 2538 2505 2586 et
2523 2530 2712 2584 diebus
2746 2545 3066 2586 renovemus
3106 2530 3242 2600 apud
3281 2546 3379 2586 nos
3401 2533 3542 2601 ipsos
3563 2533 3673 2587 hoc
3695 2534 3779 2603 ju-

2191 2619 2412 2687 dicium,
2469 2621 2784 2675 sententiam
2809 2620 3062 2677 adtersus
3083 2636 3181 2676 nos
3205 2622 3349 2690 ipsos
3369 2621 3640 2689 feramus,
3671 2639 3782 2678 om-

2192 2713 2348 2783 nique
2374 2713 2531 2768 modo
2556 2728 2814 2768 conemur
2840 2714 2949 2769 Deo
2975 2730 3072 2769 nos
3102 2730 3346 2786 purgare,
3375 2731 3439 2769 ac
3475 2731 3656 2786 neque
3685 2717 3781 2787 ipsi

2190 2804 2258 2860 de
2277 2804 2665 2859 resurrectione
2685 2804 2856 2874 deque
2873 2805 3076 2874 judicio
3099 2806 3420 2870 dubitemus,
3445 2821 3628 2876 neque
3652 2809 3782 2862 alios

2192 2903 2262 2948 ita
2292 2893 2566 2964 loquentes
2590 2894 2844 2958 feramus,
2870 2893 2964 2949 sed
2989 2895 3161 2949 modis
3181 2895 3426 2950 omnibus
3453 2910 3546 2965 per
3569 2911 3642 2951 ea
3671 2913 3784 2967 qua:

2191 2983 2328 3039 dicta
2351 2993 2492 3049 sunt,
2518 2983 2624 3038 illis
2651 2984 2958 3040 obturemus
2987 3000 3068 3040 os.
3100 2985 3230 3041 Nam
3259 2986 3306 3040 si
3349 2986 3456 3040 illic
3482 3001 3598 3041 non
3637 3003 3782 3043 esse-

2192 3092 2311 3132 mus
2325 3076 2495 3132 daturi
2519 3092 2700 3147 prunas
2717 3078 3090 3143 admissurum,
3116 3078 3253 3132 Deus
3267 3094 3612 3149 nequaquam
3634 3081 3782 3136 nobis

2193 3168 2280 3224 hic
2305 3170 2666 3224 constituisset
2695 3169 2800 3224 tale
2833 3168 3112 3239 judicium.
3149 3169 3254 3224 Sed
3286 3179 3340 3224 et
3366 3169 3466 3224 hoc
3498 3171 3680 3239 ipsum
3706 3180 3783 3226 est

2200 3261 2339 3317 illius
2363 3261 2703 3331 benignitatis
2737 3260 3006 3315 indicium.
3046 3259 3304 3328 Quoniam
3331 3262 3470 3316 enim
3499 3270 3633 3316 tunc
3659 3276 3783 3315 exa—

2196 3363 2378 3407 cturus
2421 3362 2504 3408 est
2549 3367 2580 3406 a
2617 3351 2770 3406 nobis
2808 3353 3065 3407 rationem
3094 3352 3430 3415 delictorum,
3461 3353 3696 3407 instituit
3732 3358 3781 3406 in

2196 3444 2348 3498 nobis
2395 3444 2536 3498 hunc
2587 3442 2813 3512 iudicem
2854 3442 3351 3510 incorruptibilem,
3398 3451 3454 3495 ut
3496 3443 3540 3496 is
3598 3445 3684 3498 hic
3721 3445 3784 3499 de

2196 3535 2495 3591 commissis
2516 3535 2668 3590 nobis
2705 3533 2965 3604 judicium
2987 3533 3234 3598 reddens,
3281 3533 3785 3605 emendatioresqne

2197 3628 2419 3695 faciens,
2461 3642 2531 3683 ex
2555 3628 2644 3682 illo
2683 3627 2873 3698 eripiat
2914 3625 3113 3696 judicio
3139 3645 3152 3680 :
3183 3626 3324 3696 quod
3361 3636 3412 3681 et
3444 3627 3650 3682 Paulus
3673 3629 3784 3683 ait:

2201 3718 2254 3773 Ν
2260 3735 2342 3772 om
2363 3720 2408 3773 si
2458 3721 2786 3786 nosmetipsos
2795 3717 3162 3787 iudicaremus,
3186 3734 3286 3771 non
3315 3719 3485 3787 utique
3510 3720 3781 3789 judicare-

2201 3828 2313 3865 mur
2330 3829 2362 3863 a
2382 3808 2804 3882 Domino(l.Cor.
2821 3809 3028 3875 ll.3l).
3047 3807 3117 3864 Ut
3145 3809 3302 3879 igitur
3339 3824 3510 3879 neque
3538 3817 3662 3864 tum
3688 3825 3785 3880 pu-

2201 3901 2429 3966 niamur,
2458 3915 2628 3970 neque
2672 3909 2780 3954 tum
2823 3913 3006 3968 pcenas
3024 3898 3238 3965 demus,
3282 3899 3334 3953 in
3379 3913 3529 3954 suam
3557 3901 3788 3970 quisque

2201 3991 2578 4048 conscientiam
2627 3990 2972 4061 ingrediatur,
3021 3991 3288 4060 vitamque
3327 3990 3562 4060 explicet
3597 4009 3613 4045 :
3643 4007 3773 4046 cun-

2203 4083 2408 4152 ctisque
2438 4081 2736 4136 commissis
2754 4080 3037 4152 diligenter
3055 4081 3292 4135 excussis
3315 4079 3648 4137 condemnet
3670 4083 3785 4136 ani-

2203 4188 2382 4239 mam,
2437 4187 2555 4241 quae
2599 4171 2713 4226 base
2750 4172 3006 4241 patravit,
3039 4172 3324 4242 puniatque
3364 4172 3784 4243 cogitationem,

2198 4265 2414 4334 afﬂigat,
2447 4265 2753 4334 crucietque
2780 4279 2930 4318 suam
2974 4265 3141 4334 ipsius
3181 4271 3437 4330 mentem,
3461 4266 3784 4334 supplicium

2197 4375 2226 4412 a
2253 4359 2431 4428 seipso
2469 4358 2643 4428 exigat
2678 4371 2773 4426 pro
2816 4355 3064 4426 peccatis,
3108 4371 3206 4426 per
3243 4354 3781 4423 condemnationem,

2202 4465 2294 4520 per
2319 4450 2598 4520 diligenter
2621 4460 2793 4504 actam
2820 4448 3205 4518 pmnitentiam,
3246 4462 3344 4518 per
3371 4446 3668 4516 lacrymas,
3695 4464 3781 4518 per

2199 4544 2606 4609 confessionem,
2651 4557 2748 4612 per
2781 4541 3060 4610 jejunium,
3107 4555 3204 4608 per
3239 4539 3663 4608 eleemosynam,
3695 4555 3781 4607 per

2199 4634 2577 4691 continentiam
2602 4649 2664 4688 ac
2688 4634 2985 4695 caritatem,
3015 4640 3075 4685 ut
3117 4629 3381 4700 possimus
3418 4644 3614 4683 omnes
3639 4629 3782 4685 omni

2200 4727 2358 4783 modo
2399 4727 2485 4782 hic
2527 4726 2779 4796 depositis
2806 4724 3034 4794 peccatis
3053 4723 3215 4776 multa
3245 4736 3364 4775 cum
3408 4719 3609 4774 fiducia
3662 4721 3779 4774 illnc

2199 4819 2672 4890 proficiscizquam
2717 4816 2869 4872 nobis
2923 4814 3170 4869 omnibus
3208 4813 3479 4881 contingat
3520 4811 3773 4880 assequi,

2195 4889 2361 4982 gratia
2391 4926 2453 4965 ac
2479 4910 2800 4978 benignitate
2828 4905 3035 4960 Domini
3068 4904 3232 4958 nostri
3259 4903 3387 4958 Iesu
3409 4901 3635 4966 Christi,
3666 4902 3775 4971 qui-
3873 4889 3886 4895 ’

2195 5019 2316 5058 wm
2345 5001 2486 5057 Patri
2511 5013 2566 5056 et
2604 5008 2788 5055 sancto
2826 4997 3026 5070 Spiritu
3053 4997 3244 5068 gloria,
3287 4995 3338 5048 in
3370 4995 3567 5049 secula
3597 5009 3772 5048 sarcu-

2192 5093 2382 5148 lorum.
2413 5095 2600 5148 Amen.

2573 5200 3737 5231 Μ

1463 5260 1568 5318 AD
1610 5259 2022 5320 HOMILIAM
2067 5263 2168 5324 DE
2208 5262 2805 5324 DOBMIENTIBUS

578 5345 973 5415 Chrysostomo
1025 5345 1166 5400 dure
1225 5346 1367 5400 bane
1421 5347 1702 5400 homiliam
1772 5345 2074 5402 seetmdum

506 5433 742 5492 quatuor
772 5423 891 5476 illas
938 5421 1005 5476 de
1031 5423 1244 5479 Lazaro
1276 5429 1487 5495 priores
1515 5425 1789 5495 ponimus.
1845 5425 1900 5479 Id
1951 5443 2079 5481 vero

506 5517 618 5555 non
662 5501 823 5555 modo
857 5505 1120 5570 temporis
1149 5503 1498 5574 ordinisque,
1535 5504 1630 5558 sed
1690 5505 1854 5558 etiam
1911 5521 2078 5576 argu-

507 5579 675 5633 menti
713 5580 852 5633 ratio
911 5581 1169 5648 postulat.
1229 5579 1362 5636 Nam
1409 5592 1532 5652 post
1580 5592 1813 5654 quatuor
1858 5585 1979 5639 illas
2010 5586 2079 5642 de

506 5655 719 5711 Lazaro
748 5672 806 5712 se
834 5658 976 5712 hanc
1012 5670 1416 5730 consequenter
1457 5663 1662 5719 dixisse
1701 5665 1859 5719 initio
1901 5665 2081 5720 decla-

506 5743 595 5789 rat
637 5735 772 5806 ipse.
804 5735 926 5791 Dies
964 5747 1192 5807 quatuor
1235 5740 1290 5794 in
1335 5739 1649 5811 explicanda
1706 5743 1848 5798 vobis
1886 5742 2080 5798 Lazari

2183 5349 2442 5418 parabola
2469 5353 2909 5432 consumpsimus.
2947 5352 3135 5432 Neque
3158 5366 3337 5412 tamen
3377 5374 3436 5416 se
3467 5375 3762 5432 argumen-

2187 5436 2298 5483 tum
2341 5438 2576 5508 mutare,
2611 5430 2711 5508 sed
2743 5430 2930 5508 eodem
2979 5431 3096 5502 ipso
3161 5433 3415 5490 insistere
3452 5430 3756 5508 profitetur,

2184 5523 2307 5560 cum
2331 5508 2463 5562 dicit
2493 5526 2506 5562 :
2548 5505 2647 5560 Ille
2675 5509 2736 5560 de
2766 5505 2976 5563 Lazaro
3027 5512 3358 5583 euangelicos
3403 5505 3586 5572 cantus
3627 5516 3754 5584 fuit.

2184 5584 2268 5637 hic
2294 5587 2615 5654 apostolicus
2647 5603 2847 5650 sonus;
2907 5591 2995 5642 sed
3028 5607 3160 5645 unus
3204 5601 3277 5646 est
3308 5608 3582 5648 concentus
3608 5611 3627 5647 :
3681 5594 3753 5645 si-

2183 5665 2391 5733 quidem
2429 5667 2482 5718 in
2519 5663 2613 5720 illa
2649 5669 2906 5735 parabola
2946 5671 3112 5724 multa
3164 5671 3228 5726 de
3272 5676 3644 5728 resurrectione
3701 5682 3755 5724 ct

2186 5746 2247 5798 de
2278 5745 2370 5800 illo
2405 5745 2662 5800 tribunali
2689 5746 3047 5822 philosophati
3099 5768 3325 5819 sumus;
3381 5770 3518 5808 nunc
3551 5754 3600 5806 ia
3664 5751 3752 5804 id-
