4046 6146
240 349 376 405 ἴθῖὗ

231 466 326 521 καὶ
344 461 571 536 πραθεὶς
589 462 695 518 ὑπό
715 462 826 516 τῶν
844 459 1107 532 ἀδελφῶν,
1131 460 1225 514 κά).
1240 459 1390 532 παρὰ
1403 459 1504 530 τῆς
1523 458 1811 529 δεσποίνης

231 547 662 614 ἐπιϐουλευθεὶς,
703 548 798 601 καὶ
826 546 987 600 πάλιν
1013 547 1092 609 είς
1115 545 1490 616 δεσμωτήριον
1521 541 1810 614 ἐμπεσὼν,

227 630 332 685 οὑκ
360 627 483 686 εἷπε
505 629 642 704 πρὸς
657 631 868 696 ἐαυτὸν,
893 631 959 684 Τί
987 647 1116 684 ποτε
1141 629 1299 682 τοῦτό
1323 630 1504 694 ἐστιν;
1535 627 1720 696 ἀπάτη
1745 625 1814 680 τὰ

229 715 488 786 ὀνείρατα
515 716 701 768 ἐκεῖνα
724 710 813 786 ἦν,
857 713 1114 778 ἐξέπεσον
1138 714 1240 785 τῆς
1270 711 1550 782 πατρίδος,
1577 712 1815 764 ἀπεστε-

233 799 411 872 ρήθην
441 797 770 870 ἐλευθερίας·
802 797 888 850 διὰ
913 797 1004 850 τὸν
1031 797 1163 850 Θεὸν
1189 795 1293 849 οὑκ
1321 790 1438 859 εἶξα
1461 797 1537 866 τῇ
1559 793 1815 863 δεσποίνῃ

230 884 369 956 πρὸς
398 882 642 956 μοιχείαν
676 881 937 953 καλούσῃθ
981 880 1068 936 διά
1114 880 1468 952 σωφροσύνην
1491 878 1584 932 καὶ
1612 877 1814 948 ἀρετὴν

231 967 554 1040 κολάζομαι·
573 966 668 1020 καὶ
691 967 810 1020 οὑδέ
827 965 1000 1028 οῦτως
1021 965 1248 1036 ήμυνεν,
1265 963 1384 1017 οὑδέ
1406 965 1563 1034 χεῖρα
1589 959 1812 1032 ὤρεξεν,

230 1053 347 1108 ἀλλ’
379 1054 529 1106 εἴασε
563 1049 933 1122 παραδοθῆναι
954 1048 1172 1118 δεσμοῖς
1207 1045 1528 1118 ἐπαλλήλοις
1564 1046 1662 1098 καὶ
1694 1061 1818 1096 συν-

230 1140 385 1211 εχέσι
420 1139 744 1209 συμφοραῖς
784 1133 921 1205 μετὰ
951 1131 1063 1203 γάρ
1080 1132 1169 1185 τὸν
1195 1132 1398 1186 λάκκον
1412 1129 1644 1194 δουλεία,
1678 1127 1818 1200 μετά

228 1223 476 1279 δουλείαν
521 1220 804 1291 ἐπιϐουλή,
831 1218 969 1290 μετά
995 1216 1286 1287 ἐπιϐουλήν
1303 1214 1656 1284 συκοφαντία,
1679 1213 1817 1284 μετὰ

232 1305 600 1376 συκοφαντίαν
627 1303 1019 1375 δεσμωτήριον.
1061 1301 1201 1355 Ἀλλ’
1239 1300 1394 1354 οὐδὲν
1425 1298 1631 1354 τούτων
1656 1297 1818 1350 αὑτὸν

229 1390 504 1464 ἐθορύϐει,
533 1388 646 1442 ἀλλ’
674 1387 832 1459 ἔμενε
849 1390 915 1458 τῇ
942 1386 1118 1441 ἐλπίδι
1149 1385 1389 1458 θαρρῶν,
1430 1384 1527 1440 καὶ
1551 1382 1708 1448 εἰδὼς
1733 1384 1817 1437 ὅτι

228 1477 301 1529 τὰ
324 1474 590 1546 εἰρημένα
616 1472 678 1526 οὑ
712 1473 1054 1526 διαπεσεῖται
1083 1471 1359 1526 οὐδέποτε.

319 1559 571 1614 Ἐδύνατο
605 1557 704 1629 μὲν
731 1555 839 1626 γάρ
862 1558 889 1610 ό
914 1555 1046 1619 Θεὸς
1062 1557 1158 1609 καὶ
1177 1557 1308 1627 παρ’
1325 1555 1496 1626 αὑτὴν
1521 1553 1662 1609 αὑτά
1690 1554 1819 1627 πληο

235 1643 408 1716 ρῶσαι
441 1643 542 1712 τήν
595 1642 831 1712 ἡμέραν,
864 1639 978 1694 ἀλλ’
1011 1641 1098 1694 ἵνα
1130 1641 1224 1694 καὶ
1253 1640 1352 1711 τὴν
1395 1639 1559 1693 αὑτοῦ
1588 1638 1819 1709 δύναμιν

231 1724 593 1796 ἐπιδείξηται,
611 1724 706 1776 καὶ
725 1723 822 1794 τήν
850 1722 1033 1776 πίστιν
1056 1723 1163 1776 τῶν
1184 1721 1350 1776 αὑτοῦ
1379 1722 1600 1788 δούλων,
1622 1723 1817 1792 ἀφίησι

229 1810 426 1882 χρόνον
458 1806 659 1880 μεταξὺ
696 1810 1072 1878 παρεμπεσεῖν
1098 1808 1327 1879 μακρὸν,
1349 1807 1444 1860 καὶ
1477 1807 1642 1860 πολλά
1666 1805 1820 1875 γενέ-

233 1894 362 1949 σθαι
390 1891 709 1964 κωλύματα,
741 1891 828 1944 ἵνα
851 1892 945 1944 καὶ
963 1891 1063 1961 τὴν
1090 1891 1256 1944 αὑτοῦ
1284 1890 1462 1962 μάθῃς
1494 1891 1670 1961 ἰσχὺν,
1699 1890 1818 1943 τότε

230 1977 569 2049 πληροῦντος
604 1975 672 2028 τά
720 1974 1139 2045 ἐτπιγγελμένα,
1195 1976 1324 2028 ὃταν
1373 1977 1455 2038 είς
1510 1975 1820 2044 ἀπόγνωσιν

231 2061 488 2136 ἐμπέσῃ,
535 2060 632 2114 καὶ
683 2060 788 2130 τὴν
825 2058 934 2112 τῶν
981 2058 1185 2112 δούλων
1227 2057 1344 2131 ἴδῃς
1397 2059 1676 2130 ὑπομονήν
1728 2060 1822 2112 καὶ

233 2145 442 2208 πίστιν,
474 2142 650 2196 οὑδενὶ
667 2140 775 2196 τῶν
805 2141 864 2194 ἐν
890 2141 1040 2212 μέσῳ
1068 2140 1472 2211 συμϐαινόντων
1495 2142 1591 2212 τῆς
1613 2141 1822 2211 ἀγαθῆς

233 2225 567 2298 προσδοκίας
605 2225 1002 2278 ἐκπιπτόντων.
1051 2224 1214 2288 Ἀλλ’,
1245 2225 1382 2294 ὅπερ
1420 2223 1627 2292 ἐλεγον,
1655 2226 1822 2278 ἐπαν-

232 2310 404 2382 ῆλθον
439 2304 606 2374 οὗτοι,
647 2308 742 2362 τοῦ
767 2305 952 2377 λιμοῦ,
985 2306 1240 2378 καθάπερ
1278 2305 1611 2379 στρατιώτου
1640 2307 1784 2371 τινὸς
1805 2346 1821 2372 ,

236 2394 334 2448 ἐπὶ
369 2391 612 2462 κεφαλὴν
643 2392 842 2456 αὑτοὺς
882 2388 1153 2454 ὠθοῦντος
1193 2390 1290 2444 καὶ
1335 2390 1698 2461 παριστάντος
1727 2389 1826 2460 ἄρ·

235 2495 388 2549 χοντι
411 2475 490 2548 τῷ
523 2475 744 2547 Ἰωσήφ,
777 2475 874 2528 καὶ
899 2473 1182 2526 ἐϐούλοντο
1212 2473 1477 2542 πρίασθαι
1517 2477 1680 2526 σίτοψ
1714 2475 1742 2527 ὁ
1769 2472 1826 2525 δὲ

231 2561 288 2615 τί
319 2577 454 2631 φησι
483 2559 620 2631 πρὸς
641 2557 870 2623 αὑτούς;
902 2555 1285 2613 Κατάσκοποί
1315 2557 1476 2610 ἐστε.
1495 2557 1559 2609 Ol
1589 2557 1646 2610 δέ
1674 2550 1826 2609 εἷπον

231 2644 296 2698 ἐν
337 2645 571 2708 ἑαυτοῖς,
615 2641 682 2694 Τί
733 2657 866 2694 ποτε
916 2639 1076 2693 τοῦτό
1133 2642 1280 2705 ἐστι;
1343 2639 1550 2710 τροφὴν
1591 2638 1827 2710 ῆλθομεν

233 2725 714 2798 ἐμπορευσόμενω
734 2767 748 2792 ,
781 2724 878 2778 καὶ
911 2724 1042 2794 περὶ
1079 2721 1259 2792 ψυχῆς
1285 2721 1702 2792 κινδυνεύομεν;
1730 2721 1820 2774 El-

233 2809 435 2874 κότως,
467 2809 589 2861 ἐπε)⁵
620 2808 713 2861 κα)⁸
741 2808 904 2871 αὑτὸς
940 2805 1147 2878 τροφὴν
1170 2807 1299 2876 ὑμῖν
1320 2805 1565 2876 ἐκόμισε,
1585 2805 1830 2876 καὶπερὶ

232 2893 341 2962 τῆς
367 2893 511 2964 ζωῆς
555 2892 954 2945 ἐκινδύνευσενο
1000 2891 1118 2943 ἀλλ’
1146 2889 1308 2953 αὑτὸς
1337 2889 1437 2960 μὲν
1465 2889 1695 2963 ἀληθείᾳ
1723 2891 1827 2943 ὑπ-

237 2977 456 3047 έμενεν,
503 2976 662 3046 ὑμεῖς
697 2975 755 3029 δὲ
812 2973 1100 3047 ὑποκρίσει
1148 2973 1310 3027 τοῦτο
1339 2973 1597 3043 πάσχετε
1632 2974 1694 3026 οὑ
1719 2973 1828 3045 γάρ

235 3058 433 3131 ἐχθρὸς
455 3053 546 3130 ἦν,
571 3058 708 3112 ἀλλὰ
740 3060 1083 3130 προσωπεῖον
1111 3057 1374 3111 ἀνέλαϐεν
1399 3057 1620 3128 ἐχθροῦ,
1648 3057 1737 3109 ἵνα
1760 3057 1830 3111 τά

233 3142 385 3196 κατὰ
421 3141 520 3214 τὴν
543 3142 720 3196 οἰκίαν
763 3143 900 3214 μετὰ
928 3141 1214 3212 ἀκριϐείας
1251 3140 1418 3213 μάθῃ.
1473 3141 1690 3212 Ἐπειδὴ
1720 3141 1829 3212 γάρ

235 3227 470 3298 ’πονηροὶ⁸
503 3227 631 3297 περὶ
658 3227 820 3280 αὑτὸν
849 3226 1100 3296 ἐγένοντο
1126 3227 1221 3278 καὶ
1266 3223 1604 3295 ἀγνώμονες,
1644 3225 1734 3278 τόν
1769 3243 1829 3278 τε

236 3309 502 3380 Βενιαμὶν
526 3311 628 3363 οὑκ
653 3306 760 3363 εἶδε
806 3311 922 3380 μετ’
951 3309 1129 3362 αὑτῶν
1161 3308 1312 3373 ὄντα,
1345 3307 1526 3370 δείσας
1562 3308 1701 3379 ὑπὲρ
1732 3308 1829 3362 τοῦ

237 3393 458 3456 παιδὸς,
492 3395 705 3464 μήποτε
746 3395 1001 3455 κάκεῖνος
1035 3392 1105 3445 τά
1135 3391 1342 3461 ἀδελφά
1375 3391 1524 3463 αὑτῷ
1568 3392 1827 3458 πέπονθε,

237 3475 456 3531 κελεύει
501 3475 722 3546 δεθῆναι
773 3492 896 3530 τινα
947 3475 1043 3529 ἐνα
1097 3476 1193 3529 καὶ
1226 3475 1492 3546 ἀφεθῆναι
1539 3477 1674 3529 ἐκεῖ·
1712 3472 1831 3529 εἶτα

239 3559 443 3622 αὐτοὺς
469 3558 735 3634 λαϐόντας
766 3559 858 3612 τὸν
893 3561 1036 3612 σῖτον
1059 3556 1306 3622 ἅπαντας
1350 3556 1504 3630 [761]
1542 3557 1828 3624 ἀπελθεῖν,

237 3643 551 3713 ἀπειλήσας
589 3641 819 3697 θάνατον
851 3644 1058 3707 αὑτοῖς,
1109 3645 1160 3696 εί
1214 3642 1289 3715 μή
1345 3643 1436 3696 τὸν
1482 3643 1708 3712 ἀδελφὸν
1739 3643 1831 3696 τὸν

240 3725 458 3780 ἐαυτῶν
483 3726 839 3794 ἐπαγάγοιεν.
881 3727 1034 3779 Ἐπεὶ
1089 3721 1182 3780 οῦν
1229 3725 1405 3780 ταῦτα
1461 3726 1698 3796 ἐγένετο,
1736 3726 1833 3780 καὶ

242 3806 421 3876 εἶπεν,
456 3808 661 3879 Ἀφετέ
705 3826 826 3862 τινα
873 3809 1126 3876 ἐνταῦθα,
1168 3810 1262 3863 καὶ
1305 3810 1398 3862 τὸν
1423 3809 1649 3880 ἀδελφὸν
1677 3810 1832 3881 ὑμῶν

241 3894 508 3963 ἀγάγετεο
541 3895 590 3946 εἰ
613 3893 670 3946 δὲ
701 3893 799 3964 μὴ,
824 3893 1040 3964 θανάτῳ
1078 3892 1457 3947 ἀποθανεῖσθε·
1493 3894 1546 3947 τί
1578 3893 1714 3966 πρὸς
1734 3892 1832 3947 ἀλα

241 3977 443 4048 λήλους
471 3977 654 4046 ἔλεγον
679 3979 907 4043 ἐκεῖνοι;
934 3978 1064 4040 Ναὶ,
1089 3979 1148 4031 ἐν
1178 3979 1476 4050 ἁμαρτίαις
1503 3979 1670 4050 ἐσμὲν
1704 3980 1834 4052 περὶ

242 4059 344 4115 τοῦ
382 4061 616 4130 ἀδελφοῦ
646 4059 828 4132 ήμῶν,
858 4061 947 4114 ὅτε
977 4062 1267 4116 κατεδέετο
1299 4061 1477 4133 ήμῶν.
1507 4058 1662 4129 Εἶδες
1694 4065 1834 4135 μετά

243 4145 413 4200 πόσον
436 4145 628 4215 χρόνον
674 4147 773 4216 τῆς
822 4146 1098 4217 ἁμαρτίας
1127 4147 1548 4219 ἀνεμνήσθησαν
1582 4147 1831 4220 ἐκείνης;

243 4229 359 4282 Καὶ
381 4227 519 4298 πρὸς
544 4229 640 4297 μέν
663 4228 753 4281 τὸν
780 4229 992 4300 πατέρα
1037 4229 1241 4296 ελεγονο
1298 4231 1519 4298 Θηρίον
1564 4231 1834 4298 πονηρὸν

241 4309 544 4379 κατέφαγε
569 4310 676 4362 τὸν
716 4311 950 4379 Ἰωσήφ·
988 4312 1155 4366 αὑτοῦ
1182 4313 1238 4366 δὲ
1257 4312 1351 4366 τοῦ
1389 4314 1589 4385 Ἰωσήφ
1627 4314 1833 4386 παρόν-

241 4411 337 4459 τος
359 4395 454 4448 καὶ
487 4391 798 4456 ἀκούοντος,
827 4394 928 4464 τὴν
957 4395 1231 4464 ἁμαρτίαν
1280 4395 1592 4467 ἐξήλεγχον.
1623 4398 1688 4450 Τί
1715 4396 1834 4450 τού-

241 4495 340 4532 του
389 4475 822 4548 παραδοξότερον
867 4476 1061 4544 γένοιτ’
1097 4476 1197 4544 άν;
1255 4480 1614 4551 Δικαστήριον
1662 4480 1833 4551 χωρὶς

243 4561 488 4631 ἐλέγχων
511 4559 739 4628 γίνεται,
766 4559 857 4613 καὶ
884 4559 1148 4628 ἀπολογία
1179 4562 1346 4632 χωρὶς
1367 4563 1833 4634 κατηγορίας,καὶ

245 4643 526 4710 ἀπόδειξις
567 4645 694 4699 ἄνευ
751 4643 1080 4715 μαρτύρων,
1113 4643 1292 4698 αὐτῶν
1346 4644 1455 4699 τῶν
1501 4645 1561 4699 τὸ
1603 4649 1836 4719 πρᾶγμα

249 4730 646 4802 ἐργασαμένων
675 4730 902 4793 ἐαυτοὺς
934 4729 1294 4799 ἐλεγχόντων,
1333 4730 1428 4783 καὶ
1451 4730 1513 4783 τὸ
1539 4731 1713 4803 λάθρα
1744 4749 1836 4802 γε·

248 4815 550 4886 γενημένον
581 4815 1055 4884 ἐκπομπευόντων.
1075 4815 1170 4879 Τίς
1194 4814 1399 4880 ἔπεισε,
1418 4816 1500 4880 τίς
1525 4819 1836 4887 ἠνάγκασεν

256 4901 337 4963 εις
362 4899 527 4970 μέσον
562 4898 864 4967 ἐξενεγκεῖν
905 4899 974 4951 τά
1025 4898 1132 4972 πρὸ
1178 4899 1434 4953 τοσούτου
1489 4901 1830 4972 τολμηθέντα

253 4981 449 5053 χρόνου
471 4997 486 5011 ·
515 4981 630 5036 υὺκ
656 4981 897 5053 εὔδηλον,
931 4983 1012 5037 ὅτι
1052 4983 1112 5037 τὸ
1143 4984 1400 5049 συνειδὸς,
1439 4987 1468 5037 ὀ
1498 4985 1834 5056 ἀπαραλὸγι-

1194 351 1283 406 DE
1322 350 1604 406 LAZARO
1643 346 1890 406 CONCIO
1923 341 1980 399 Υ.
2008 375 2078 386 ——
2105 338 2445 398 MONITL'M.

3369 332 3497 392 {Of}

1920 474 2044 520 στος
2070 457 2352 527 δικαστὴς,
2381 457 2619 527 συνεχῶς
2647 454 2827 509 αὑτῶν
2847 449 3098 508 κατέσειε
3121 446 3219 519 τήν
3241 446 3504 512 διάνοιαν,

1919 541 2015 594 καὶ
2033 540 2130 611 τήν
2145 541 2322 612 ψυχὴν
2346 541 2626 612 ἐθορύϐει;
2649 541 2760 593 Καὶ
2779 540 2807 591 ὁ
2830 532 3113 606 φονευθεὶς
3128 532 3248 586 τότε
3271 530 3508 602 ἐκάθητο

1922 627 2047 694 σιγῇ
2100 624 2338 689 δικάζων
2385 623 2615 687 αὑτούς·
2654 625 2750 676 καὶ
2799 619 3074 692 μηδεμιᾶς
3132 614 3508 686 ἐξενεχθείσης

1920 707 2251 774 ἀποφάσεως
2280 706 2400 760 καθ’
2426 705 2639 761 έαυτῶν
2675 707 2774 776 τὴν
2804 701 3277 764 καταδικάζουσαν
3311 699 3508 762 αὑτοὺς

1919 787 2100 858 ψῆφον
2147 791 2302 842 αὐτοὶ
2341 790 2557 862 ἔφερον.
2607 789 2718 842 Καὶ
2750 781 2896 840 οὗτοι
2947 786 3045 854 μὲν
3083 782 3254 835 ταῦτα
3287 781 3505 850 ελεγονο

1920 871 2106 943 ’ἐτερος
2136 872 2194 924 δέ
2246 873 2568 942 ἀπελογεῖτο
2589 913 2604 937 ,
2648 870 2843 940 λέγων’
2875 871 2997 922 Οὐκ
3041 865 3321 933 ἐλάλησα
3357 864 3506 933 πρὸς

1919 955 2099 1026 ὑμᾶς,
2129 956 2285 1010 οὕτω
2311 957 2525 1027 λέγων’
2563 955 2660 1023 Μὴ
2699 953 3029 1020 ἀδικήσητε
3071 951 3140 1004 τὸ
3171 949 3508 1017 παιδάριον,

1915 1040 2072 1110 μηδὲ
2095 1041 2392 1110 ποιήσητε
2439 1039 2628 1094 αὐτὸν
2644 1039 2843 1109 μηδὲν
2877 1036 3067 1091 κακὸν
3087 1077 3101 1102 ,
3133 1034 3222 1088 ὅτι
3244 1033 3504 1103 ἀδελφὸς

1923 1123 2092 1194 ἡμῶν
2127 1125 2278 1179 ἐστι·
2305 1125 2405 1179 καὶ
2443 1124 2572 1179 ἰδοὺ
2617 1123 2734 1177 νῦν
2762 1123 2828 1176 τὸ
2865 1118 3009 1190 αἷμα
3042 1117 3504 1186 αὑτοῦδέκζητεῇ

1921 1225 2038 1275 ται,
2081 1209 2267 1280 φησὶν,
2300 1209 2369 1263 ἐκ
2394 1207 2514 1263 τῶν
2540 1205 2758 1278 χειρῶν
2781 1203 2985 1274 mutue;
3014 1203 3207 1256 Καίτοι
3233 1201 3388 1255 οὐδὲν
3416 1202 3507 1254 αὑ-

1923 1292 2015 1356 τὸς
2040 1295 2068 1347 ὁ
2096 1293 2270 1346 ταῦτα
2295 1293 2468 1362 λέγων
2511 1290 2642 1364 περὶ
2687 1287 2780 1344 τοῦ
2815 1289 2976 1358 φόνου
3026 1287 3121 1341 καὶ
3151 1286 3252 1355 τῆς
3295 1287 3511 1357 σφαγῆς

1923 1376 2140 1447 ἐκείνης
2174 1372 2352 1441 εἶπεν,
2375 1375 2488 1428 ἀλλ’
2507 1373 2668 1437 αὑτὸς
2701 1371 2801 1444 μὲν
2827 1371 3134 1441 καθήμενος
3159 1369 3310 1422 οὑδέν
3339 1369 3513 1421 τοιοῦ-

1921 1478 2014 1515 τον
2041 1461 2244 1531 ἐζήτει,
2279 1459 2415 1514 ἀλλά
2441 1459 2533 1512 τὸν
2561 1457 2752 1530 ἕτερον
2783 1455 3010 1525 ἀδελφὸν
3042 1452 3318 1524 ἐπεζήτει’
3359 1452 3418 1504 τὸ
3454 1451 3512 1504 δέ

1929 1544 2168 1608 συνειδὸς
2193 1543 2372 1599 αὑτῶν
2430 1542 2828 1612 ἐπιλαϐόμενον
2870 1537 3102 1609 καιροῦ,
3133 1536 3384 1606 διανέστη
3418 1535 3512 1588 καὶ

1924 1627 2209 1700 καθήψατο
2231 1627 2329 1699 τῆς
2352 1627 2577 1681 ἐκείνων
2607 1624 2863 1687 διανοίας,
2892 1623 2985 1675 καὶ
3009 1619 3235 1692 μηδενὸς
3262 1617 3512 1688 ἀναγκά-

1925 1709 2143 1775 ζοντος,
2192 1711 2262 1764 τά
2289 1707 2666 1782 τετολμημένα
2713 1705 3048 1777 ὁμολογῆσαι
3101 1701 3507 1774 παρεσκεύασε.

1921 1793 2108 1847 Ταῦτα
2129 1794 2223 1848 καὶ
2238 1795 2397 1864 ἡμεῖς
2419 1793 2677 1855 πολλάκις
2695 1785 3391 1861 πάσχομεν,παρελθόντων
3405 1784 3513 1838 τῶν

1923 1878 2354 1949 ἁμαρτημάτων·
2383 1879 2442 1930 ἐν
2467 1877 2663 1939 δεινοῖς
2692 1874 2800 1946 γάρ
2835 1872 3211 1943 ἐξεταζόμενοι
3239 1873 3333 1926 καὶ
3354 1887 3515 1941 περιρ.

1925 1961 2170 2024 στάσεσι,
2191 1959 2604 2032 μνημονεύομεν
2621 1953 2733 2013 τῶν
2760 1957 3043 2029 προτέρων
3073 1954 3510 2027 ἁμαρτημάτων.

1994 2057 2060 2123 ζ’.
2085 2056 2266 2128 Ἀπερ
2296 2051 2390 2111 οῦν
2425 2058 2642 2112 ἅπαντα
2664 2054 2885 2120 εἰδότες,
2904 2053 3124 2108 ἐπειδάν
3141 2071 3194 2106 τι
3215 2050 3515 2123 πράξωμεν

1925 2141 2180 2213 πονηρὸν,
2214 2140 2289 2212 μή
2319 2139 2688 2212 ἀναμένωμεν
2719 2137 3006 2209 συμφοράς
3036 2139 3129 2190 καὶ
3161 2134 3515 2208 περιστάσεις

1929 2225 2064 2297 μηδέ
2096 2224 2381 2287 κινδύνους
2421 2223 2516 2278 καὶ
2547 2221 2744 2293 δεσμά,
2770 2220 2906 2274 ἀλλά
2934 2221 3056 2275 καθ’
3088 2219 3326 2290 ἑκάστην
3363 2217 3514 2288 ὥραν

1925 2326 1984 2362 τε
2011 2309 2104 2362 κα)⁵
2131 2308 2346 2380 ήμέραν
2375 2306 2721 2377 ἀνακινῶμεν
2756 2305 2887 2376 παρ’
2915 2307 3130 2368 ἑαυτοῖς
3172 2302 3233 2356 τὸ
3258 2303 3517 2372 δικαστή-

1931 2409 2044 2465 ριον
2081 2391 2262 2456 τοῦτο,
2301 2391 2524 2454 καὶτὰς
2558 2391 2769 2462 ψήφους
2825 2389 2948 2443 καθ’
2984 2387 3191 2442 ἑαυτῶν
3239 2388 3515 2458 φέρωμεν,

1928 2476 2024 2529 καὶ
2067 2475 2390 2546 πειρώμεθα
2433 2475 2598 2528 παντὶ
2622 2474 2811 2544 τρόπῳ
2847 2471 3235 2541 ἀπολογεῖσθαι
3261 2472 3340 2542 τῷ
3373 2472 3515 2543 Θεῷ,

1929 2560 2024 2612 καὶ
2050 2560 2190 2629 μήτε
2212 2558 2525 2629 αὑτοὶυπερὶ
2553 2557 2651 2628 τῆς
2667 2557 3019 2620 ἀναστάσεως
3041 2557 3136 2610 καὶ
3157 2556 3256 2627 τῆς
3283 2555 3519 2627 κρίσεως

1930 2641 2390 2712 ἀμφισϐητῶμεν,
2425 2643 2561 2713 μήτε
2611 2640 2818 2713 ἐτέρων
2857 2639 3126 2708 λεγόντων
3169 2638 3516 2710 ἀνεχὼμεθα,

1930 2723 2067 2778 ἀλλά
2117 2724 2281 2779 παντὶ
2313 2723 2501 2795 τρόπῳ
2547 2723 2636 2776 διά
2670 2723 2778 2777 τῶν
2811 2723 3122 2795 εἰρημένων
3172 2723 3370 2786 αὐτοὺς
3400 2724 3521 2776 ἐπι-

1934 2807 2298 2879 στομίζωμεν.
2333 2808 2408 2860 υὺ
2431 2807 2539 2878 γάρ
2564 2803 2653 2870 ἂν,
2687 2809 2734 2860 εί
2776 2808 2853 2878 μὴ
2878 2807 3000 2860 τότε
3024 2806 3333 2878 ἐμέλλομεν
3362 2805 3521 2859 εὐθύ-

1932 2909 2030 2954 νας
2061 2891 2279 2960 ὑφέξειν
2323 2891 2433 2944 τῶν
2471 2889 3047 2961 πεπλημμελημένων,
3099 2890 3340 2944 τοιοῦτον
3389 2890 3520 2960 ἡμῖν

1934 2973 2169 3028 ἐνταῦθα
2195 2975 2256 3028 τὸ
2284 2974 2636 3044 δικαστήριον
2690 2971 3091 3043 ἐγκατέστησεν
3116 2972 3322 3036 όιθεός.
3361 2971 3522 3026 Ἀλλά

1931 3057 2208 3111 καὶτοῦτο
2235 3057 2335 3128 τῆς
2357 3055 2522 3111 αὐτοῦ
2553 3055 2961 3125 φιλανθρωπίας
2989 3056 3306 3126 τεκμήριον.
3342 3055 3521 3108 Ἐπει-

1929 3141 1994 3212 δὴ
2023 3141 2134 3212 γὰρ
2162 3141 2281 3194 τότε
2311 3139 2496 3212 μέλλει
2518 3139 2674 3208 λόγον
2693 3139 2842 3210 ἡμᾶς
2864 3139 3114 3193 ἀπαιτεῖν
3133 3139 3243 3192 τῶν
3264 3138 3521 3210 πεπλημ-

1938 3225 2282 3296 μελημένων,
2319 3224 2692 3295 ἐγκατέστησε
2713 3221 2905 3276 τοῦτον
2944 3221 3038 3275 τὸν
3070 3221 3370 3277 ἀδέκαστον
3399 3239 3521 3294 κρι-

1929 3309 2049 3382 τήν,
2069 3311 2156 3363 ἴνα
2186 3305 2340 3372 οὗτος
2369 3307 2602 3361 ἐνταῦθα
2627 3307 2769 3378 ὑπὲρ
2797 3305 2904 3360 τῶν
2926 3306 3151 3378 ήμαρτη
3162 3305 3337 3376 μένων
3367 3305 3522 3360 δικά-

1932 3392 2042 3457 ζων
2069 3395 2219 3464 ήμῖν,
2250 3392 2345 3444 καὶ⁹
2378 3391 2858 3461 σωφρονεστέρους
2892 3389 3392 3463 ποιῶν,ἐξαρπάσῃ
3424 3393 3522 3461 τῆς

1935 3476 2240 3547 μελλούσης
2273 3478 2390 3530 ἐκεῖ
2446 3475 2704 3546 κρίσεως.
2744 3477 2925 3546 Ὅπερ
2981 3469 3075 3529 οῦν
3129 3475 3225 3528 καὶ
3255 3478 3284 3528 ὁ
3311 3475 3524 3539 Παῦλος

1931 3560 2110 3630 λέγει·
2153 3563 2222 3615 Et
2245 3560 2354 3629 γὰρ
2389 3559 2646 3626 ἑαυτοὺς
2669 3560 3009 3630 ἑκρίνομεν,
3036 3561 3148 3614 οὐκ
3179 3560 3257 3614 ἂν
3293 3561 3524 3630 ἐκρινό-

1927 3650 2079 3718 μεθα
2094 3645 2212 3702 ὑπὸ
2235 3645 2342 3699 τοῦ
2367 3645 2610 3713 Κυρίου.
2629 3644 2746 3699 Ἵνα
2771 3641 2864 3700 οὖν
2898 3645 2972 3717 μὴ
2995 3645 3118 3699 τότε
3143 3644 3522 3718 κολαζὼμεθα,

1937 3732 2012 3803 μὴ
2045 3731 2168 3784 τότε
2208 3729 2441 3790 εὐθύνας
2481 3728 2797 3800 ὑπέχωμεν,
2837 3730 3066 3794 ἕκαστος
3095 3732 3175 3794 εἰς
3200 3730 3260 3782 τὸ
3287 3730 3524 3794 συνειδὸς

1932 3815 2222 3870 εἰσελθέτω
2275 3813 2347 3866 τὸς
2380 3813 2600 3878 ἐαυτοῦ,
2635 3815 2728 3868 καὶ
2767 3814 2866 3886 τὴν
2899 3812 3043 3884 ζωὴν
3065 3813 3396 3879 ἀναπτύξας,
3432 3815 3524 3868 καὶ

1934 3902 2153 3957 ἅπαντα
2195 3897 2264 3952 τά
2310 3897 2829 3968 πεπλημμελημένα
2870 3897 3010 3967 μετὰ
3040 3897 3327 3967 ἀκριϐείας
3361 3896 3522 3948 ἐπελ-

1934 3983 2063 4050 θὼν,
2092 3980 2554 4049 καταγινωσκέτω
2598 3981 2698 4052 τῆς
2727 3980 2909 4050 ψυχῆς
2957 3979 3058 4048 τῆς
3089 3977 3263 4032 ταῦτα
3295 3981 3524 4050 ἐργασα-

1937 4070 2128 4142 μένης,
2169 4065 2449 4130 κολαζέτω
2473 4067 2602 4130 τοὺς
2628 4065 2948 4135 λογισμοὺς,
2979 4063 3228 4128 θλιϐέτω,
3261 4080 3524 4134 στενοχω-

1937 4153 2100 4228 ρείτω
2135 4151 2408 4224 [7621τήν
2439 4149 2633 4204 ἐαυτοῦ
2661 4149 2923 4212 διάνοιαν,
2946 4147 3100 4219 δίκην
3129 4147 3323 4201 ἑαυτὸν
3353 4147 3524 4200 ἀπαι-

1937 4238 2099 4293 τείτω
2126 4234 2236 4288 τῶν
2270 4233 2678 4306 ἡμαρτημένων
2720 4232 2810 4287 διά
2848 4232 2946 4303 τῆς
2989 4230 3408 4300 καταγνώσεως,
3436 4230 3526 4284 διὰ

1938 4321 2042 4391 τῆς
2093 4319 2385 4392 μετανοίας
2417 4321 2515 4390 τῆς
2553 4315 2964 4389 ήκριϐωμένης,
2997 4313 3085 4370 διὰ
3122 4314 3396 4384 δακρύων,
3436 4314 3526 4368 διά

1941 4401 2401 4475 ἐξομολογήσεως,
2437 4399 2527 4454 διά
2571 4399 2826 4471 νηστείας
2868 4399 2963 4452 καὶ
3008 4398 3402 4470 ἐλεημοσύνης,
3436 4397 3528 4450 διά

1939 4485 2270 4558 ἐγκρατείας
2305 4484 2401 4538 καὶ
2434 4484 2676 4553 ἀγάπης,
2707 4483 2794 4538 ἵνα
2843 4483 3009 4538 παντὶ
3040 4482 3229 4555 τρόπῳ
3284 4481 3526 4554 δυνηθῶ-

1944 4590 2043 4644 μεν
2077 4571 2258 4625 πάντα
2275 4568 2507 4624 ἐνταῦθα
2525 4567 2850 4639 ἀποθέμενοι
2870 4567 2939 4621 τὰ
2958 4568 3178 4639 ἀμαρτή
3189 4584 3355 4637 ματα,
3385 4565 3525 4638 μετὰ

1937 4655 2139 4724 πολλῆς
2158 4652 2413 4708 ἀπελθεῖν
2443 4653 2560 4704 ἐκεῖ
2575 4651 2674 4723 τῆς
2701 4651 3015 4724 παρρησίας
3030 4669 3044 4682 ν
3061 4647 3130 4723 ἦς
3154 4649 3364 4720 γένοιτο
3385 4649 3523 4702 πάν-

1936 4755 2034 4802 τας
2055 4739 2202 4820 ἡμᾶς
2230 4737 2528 4820 ἐπιτυχεῖν,
2549 4735 2736 4820 χάριτι
2770 4735 2864 4820 καῖ
2886 4734 3270 4820 φᾳανᾼθρωπία
3289 4733 3522 4820 τοῦᾷξςυα

1942 4821 2054 4892 ρίου
2085 4814 2243 4892 ήμῶν
2278 4819 2452 4892 Ἰησοῦ
2482 4819 2742 4891 Χριστοῦ,
2768 4819 2888 4890 μεθ’
2907 4814 2968 4874 οῦ
2991 4818 3070 4890 τῷ
3103 4817 3280 4891 Πατρὶ
3310 4817 3343 4884 ή
3372 4815 3519 4882 δόξα,

1939 4905 2056 4976 ἅμα
2079 4906 2156 4976 τῷ
2172 4905 2312 4976 ἁγίῳ
2335 4903 2634 4975 Πνεύματι,
2655 4905 2735 4969 είς
2766 4905 2892 4968 τοὺς
2919 4904 3118 4969 αἰῶνας
3148 4903 3256 4958 τῶν
3285 4901 3520 4957 αἰώνων.

1951 4990 2146 5057 ’Λμήν.

1844 5291 2200 5304 ,—______.

288 5285 3508 5325 Mm

1688 5357 2086 5420 MONITUM.

274 5444 452 5512 ipsum
482 5453 848 5508 argumentum
886 5456 979 5492 nos
1029 5442 1202 5494 oratio
1232 5442 1466 5498 deduxit.
1508 5442 1846 5513 Quapropter

270 5522 329 5576 in
363 5522 595 5577 vetustis
624 5523 811 5575 multis
837 5519 1118 5575 codicibus
1173 5531 1298 5590 post
1329 5532 1564 5592 quatuor
1608 5525 1732 5582 illas
1777 5523 1846 5578 de

271 5601 484 5658 Lazaro
507 5603 798 5658 conciones
833 5604 949 5657 haec
993 5603 1228 5670 locatur,
1263 5612 1317 5658 et
1363 5606 1550 5674 quinta
1591 5606 1845 5661 inscribi»-

271 5687 384 5736 tur.
410 5681 526 5737 Etsi
561 5695 690 5737 vero
718 5681 786 5735 de
815 5681 1220 5737 resurrectione
1250 5693 1309 5738 ut
1353 5684 1648 5753 plurimum
1682 5685 1845 5742 verba

271 5757 461 5826 faciat,
495 5759 549 5815 in
573 5774 668 5814 eos
701 5758 941 5814 maxime
973 5759 1266 5827 invehitur,
1309 5762 1402 5833 qui
1448 5778 1546 5833 pro
1574 5763 1846 5820 defunctis

273 5837 506 5897 nimium
552 5839 1082 5910 immoderatumque
1121 5839 1326 5897 luctum
1368 5842 1704 5916 exhiberem,
1747 5861 1844 5901 nec

1952 5445 2071 5500 sine
2103 5461 2295 5515 magna
2327 5447 2609 5517 gentilium
2631 5443 2871 5507 offensa;
2913 5443 3159 5512 exemplo
3188 5452 3368 5499 autem
3396 5445 3520 5502 Jobi

1951 5533 2007 5578 et
2048 5524 2325 5579 Abraham
2369 5526 2436 5580 ad
2490 5525 2724 5579 ﬁliorum
2769 5524 3015 5593 jacturas
3060 5522 3516 5593 aequiore-animo

1950 5603 2205 5660 ferendas
2240 5606 2581 5660 cohortatur.

2021 5683 2206 5740 Jacobi
2255 5685 2486 5756 Goupyli
2523 5685 3022 5755 interpretationem
3071 5683 3342 5750 Latinam,
3398 5695 3520 5752 qua

1951 5765 2139 5820 multis
2167 5765 2314 5822 vitiis
2359 5766 2664 5833 laborabat,
2714 5765 3025 5836 rejecimus,
3079 5779 3387 5836 novamque
3434 5761 3518 5819 fc-

1953 5859 2146 5901 ειίιιιιδ.
