4030 6136
246 254 419 312 υΙΟΙτ

385 415 2237 460 ______________________.__———~

1458 217 1548 275 ΒΕ
1585 211 1861 273 ΒΔΖΑΙΚΟ
1895 208 2145 267 CONCIO
2203 207 2270 262 γε.

3374 175 3539 267 una

2243 390 3420 427 _____________.._____.__——-

1005 710 1188 818 1N
1247 705 1527 814 DIC
1540 699 1877 812 TUM
1942 626 2354 803 .ZIPOS
2372 674 2742 788 TOLI
2793 670 2927 779 (ιητ

344 1055 428 1097 an
472 1047 947 1097 nouutuu'rtnus
990 1046 1211 1091 Αυτελι
1254 1043 1416 1088 nono
1458 1041 1575 1087 vos
1616 1037 1974 1091 IGNORABB,
2020 1029 2309 1078 FRATRES
2353 1008 2411 1090 (1
2457 1006 2667 1069 Thess.
2713 1000 2773 1062 is.
2823 999 2948 1079 19.),
2995 1014 3073 1057 ar
3104 1012 3164 1055 IN
3209 1009 3320 1052 σου
3364 1005 3445 1050 nr

1731 1134 2061 1183 ABRAHAM.

346 1802 400 1859 Ι.
441 1800 565 1856 Dies
593 1804 822 1869 quatuor
848 1795 901 1850 in
931 1790 1241 1864 explicanda
1264 1790 1414 1847 vobis
1436 1787 1618 1844 Lazari
1639 1784 1861 1857 parabo—

276 1893 330 1948 la
356 1888 807 1959 consumpsimus,
859 1884 1273 1953 thesaurumque
1306 1878 1672 1944 exhausimus,
1701 1888 1861 1945 quem

277 1982 580 2040 invenimus
605 1981 660 2035 in
697 1991 923 2048 corpore
950 1974 1222 2031 ulceribus
1247 1978 1487 2027 scatente
1512 1987 1524 2023 :
1552 1969 1861 2025 thesaurum

279 2076 335 2130 in
356 2090 462 2145 quo
488 2087 588 2129 nec
611 2085 822 2136 aurum,
840 2082 939 2123 nec
962 2074 1259 2136 argentum,
1288 2076 1387 2118 nec
1415 2059 1617 2130 lapides
1646 2044 1863 2128 pretiosi

278 2168 523 2230 inerant;
550 2162 642 2219 sed
666 2158 1030 2232 philosophia,
1056 2153 1331 2217 fortitudo,
1354 2149 1629 2222 patientia,
1652 2147 1867 2218 ingens-

278 2273 385 2331 que
415 2255 831 2328 perseverantia.
860 2246 1319 2319 Quemadmodum
1347 2243 1492 2300 enim
1522 2240 1577 2295 in
1602 2234 1868 2294 thesauris

279 2350 382 2405 sub
394 2361 609 2404 sensum
624 2343 935 2401 cadentibus
959 2339 1236 2410 contingit,
1254 2344 1313 2392 ut
1326 2332 1638 2406 superficies.
1659 2340 1867 2399 spinas,

282 2439 512 2497 tribulos
549 2436 896 2507 asperiusque
920 2432 1093 2488 solum
1122 2444 1231 2500 pra:
1251 2444 1309 2483 se
1340 2426 1493 2491 ferat,
1522 2423 1567 2477 si
1596 2420 1715 2490 quis
1742 2431 1871 2471 vero

282 2531 442 2586 altius
467 2538 661 2583 terram
691 2523 957 2589 eﬂ'oderit,
980 2534 1188 2590 magna:
1215 2517 1409 2573 adsunt
1440 2512 1677 2579 divitias;
1714 2509 1792 2564 sic
1818 2516 1874 2564 et

283 2624 339 2680 in
367 2622 568 2679 Lazaro
593 2617 851 2687 contigit;
875 2615 1005 2670 foris
1026 2613 1269 2678 vulnera,
1296 2610 1445 2665 intus
1463 2605 1659 2663 divitiae
1684 2604 1869 2674 ingene

285 2723 401 2772 tes:
425 2726 622 2782 corpus
662 2709 976 2773 resolutum,
1008 2704 1161 2760 fortis
1183 2701 1414 2773 vigilque
1446 2697 1657 2753 animus
1682 2711 1697 2749 :
1726 2692 1874 2749 vide-

284 2818 452 2875 reque
479 2811 593 2858 erat
618 2800 820 2856 dictum
848 2796 1196 2867 apostolicum
1237 2792 1337 2846 hac
1372 2791 1427 2845 in
1452 2803 1512 2844 re
1551 2785 1872 2865 impletum:

290 2894 550 2962 Quantum
582 2899 813 2945 externus
845 2887 994 2941 homo
1035 2882 1397 2953 corrumpitur,
1420 2887 1615 2934 tantum
1650 2862 1877 2930 internus

290 2991 559 3039 renovatur
586 2981 662 3053 (2.
688 2978 806 3035 Cor.
834 2979 889 3035 4.
921 2977 1034 3048 16).

363 3076 551 3131 Contra
602 3072 936 3128 Manichacus.
962 3069 1140 3124 -—Ac
1190 3066 1387 3123 licebat
1435 3063 1651 3135 quidem
1711 3057 1877 3115 etiam

293 3169 455 3225 hodie
475 3167 613 3221 hanc
640 3164 949 3236 parabolam
975 3169 1225 3226 tractare,
1257 3169 1309 3213 et
1339 3171 1459 3211 cum
1481 3152 1749 3208 hmreticis
1779 3164 1880 3220 pu-

295 3273 483 3332 gnare,
529 3257 621 3327 qui
662 3266 816 3310 vetus
845 3252 1249 3308 Testamentum
1292 3246 1613 3315 vituperant,
1662 3242 1885 3312 patriar-

296 3353 426 3409 chas
476 3358 767 3414 accusant,
812 3358 868 3402 et
917 3354 1105 3401 contra
1162 3341 1536 3398 universorum
1586 3346 1883 3392 creatorem

300 3446 472 3501 Deum
500 3444 737 3513 linguam
782 3445 1020 3496 acuunt:
1048 3450 1233 3491 verum
1278 3447 1347 3487 ne
1384 3431 1684 3486 satietatem
1725 3435 1887 3494 atque

300 3538 573 3594 fastidium
601 3535 772 3589 oratio
789 3532 944 3588 vobis
967 3529 1174 3592 afferat,
1205 3525 1323 3580 haec
1347 3521 1635 3579 certamina
1662 3517 1804 3574 aliud
1834 3516 1886 3572 in

302 3638 513 3698 tempus
540 3634 882 3696 seponentes,
909 3636 1008 3692 age
1035 3620 1101 3675 ad
1127 3618 1269 3673 aliud
1288 3608 1656 3687 argumentum
1686 3624 1890 3666 sermo-

303 3735 426 3776 nem
447 3725 844 3774 convertamus.
880 3713 1013 3769 Nam
1053 3708 1212 3768 unius
1250 3708 1462 3780 generis
1485 3707 1606 3761 cibo
1632 3705 1891 3760 instructa

305 3823 488 3865 mensa
508 3807 808 3864 satietatem
834 3805 994 3876 parit,
1012 3803 1176 3857 variis
1196 3814 1324 3855 vero
1348 3797 1539 3854 eduliis
1561 3795 1893 3866 frequentata

308 3902 603 3973 appetitum
641 3900 858 3956 excitat.
909 3895 978 3953 Ut
1015 3895 1176 3966 igitur
1219 3893 1271 3947 in
1315 3891 1415 3945 hac
1454 3889 1713 3946 concione
1753 3887 1893 3942 idem

309 3992 539 4061 eveniat,
580 3991 647 4047 ad
687 4000 929 4046 sanctum
966 3986 1188 4042 Paulum
1216 3984 1376 4054 longo
1397 3982 1508 4051 jam
1536 3977 1790 4050 temporis
1824 3978 1899 4032 in-

311 4085 536 4142 tervallo
573 4091 927 4140 revertamur.
959 4079 1173 4134 Etenim
1215 4083 1515 4145 opportune
1558 4071 1713 4126 nobis
1738 4068 1898 4124 hodie

226 4168 231 4172 ’
312 4177 463 4232 locus
489 4173 715 4244 apostoli
743 4172 914 4227 lectus
957 4178 1060 4234 est,
1098 4167 1188 4238 qui
1230 4180 1401 4235 nuper
1425 4163 1581 4218 dictis
1609 4168 1898 4218 consenta-

312 4283 416 4324 nea
454 4263 831 4335 suppeditabit.
861 4260 1099 4316 Audistis
1125 4260 1302 4327 itaque
1338 4256 1559 4311 Paulum
1605 4251 1762 4308 hodie
1788 4252 1899 4307 cla-

314 4367 552 4416 mantem
579 4371 643 4429 ac
667 4356 931 4410 dicentem
955 4369 970 4406 :
998 4350 1076 4406 De
1100 4349 1463 4406 dormientibus
1489 4357 1653 4402 autem
1674 4345 1792 4401 nolo
1815 4361 1902 4400 vos

315 4453 574 4523 ignorare,
627 4455 686 4500 ut
734 4461 837 4500 non
888 4441 1269 4507 contristemini,
1312 4441 1440 4495 sicut
1480 4448 1528 4494 et
1577 4437 1763 4501 centeri,
1818 4437 1905 4507 qui

316 4559 460 4613 spem
500 4556 605 4595 non
650 4538 834 4592 habent
876 4536 952 4606 (i.
982 4532 1164 4588 Thess.
1208 4533 1263 4587 4.
1307 4529 1421 4601 12).
1466 4528 1559 4584 llle
1599 4528 1668 4584 de
1704 4527 1905 4586 Lazaro

319 4631 659 4702 evangelicus
698 4634 887 4683 cantus
915 4624 1032 4690 fuit,
1069 4622 1158 4678 hic
1197 4619 1521 4692 apostolicus
1569 4632 1770 4682 sonus;
1812 4617 1905 4673 scd

321 4738 461 4782 unus
490 4732 570 4778 est
595 4730 909 4777 concentus.
940 4717 995 4773 Si
1025 4715 1239 4787 quidem
1266 4715 1320 4769 in
1341 4713 1432 4768 illa
1461 4711 1719 4784 parabola
1744 4711 1907 4765 multa

322 4817 390 4872 de
420 4813 833 4876 resurrectione,
866 4819 922 4866 et
948 4810 1016 4865 de
1043 4809 1133 4863 illo
1160 4804 1408 4862 tribunali
1434 4802 1791 4875 philosophati
1821 4817 1913 4857 su-

324 4924 475 4975 mus;
518 4921 661 4962 nunc
702 4905 756 4960 in
794 4903 1023 4973 idipsum
1070 4906 1441 4971 argumentum
1480 4909 1577 4951 nos
1619 4894 1791 4949 oratio
1817 4892 1914 4947 de-

325 5002 496 5058 duxit.
522 5000 702 5070 Itaque
731 4996 938 5053 etiamsi
966 4996 1074 5067 jam
1103 4994 1278 5049 locum
1304 4989 1528 5062 apostoli
1555 4986 1909 5051 defodiamus,

323 5092 576 5151 eumdem
616 5099 791 5146 tamen
840 5088 927 5142 hic
962 5087 1270 5142 thesaurum
1311 5079 1658 5151 reperiemus.
1702 5077 1915 5133 Etenim

330 5198 460 5242 tunc
503 5198 682 5239 sermo
713 5189 895 5235 noster
926 5188 1066 5233 totus
1104 5192 1169 5233 eo
1209 5172 1503 5245 spectabat,
1548 5179 1607 5224 ut
1645 5167 1914 5223 auditores

332 5278 649 5334 doceremus
673 5314 689 5341 ,
721 5270 852 5326 nihil
883 5270 935 5324 in
976 5269 1076 5322 hac
1111 5267 1219 5322 vita
1245 5261 1579 5335 splendidum
1607 5258 1917 5315 existiman-

394 5372 471 5434 (a)
500 5369 802 5434 60“?me
816 5371 929 5434 “8.?-
949 5359 1110 5434 “es'tis
1131 5357 1268 5434 1.8.192
1278 5349 1919 5434 l9§9sl§2§iﬁﬁlettiéis

333 5412 714 5491 4936:3650.—
728 5412 970 5491 lncodice
991 5412 1122 5491 diu).
1142 5420 1234 5491 ssi
1253 5412 1919 5491 inscribitursexiajnﬂza-

332 5473 550 5552 ﬂint}?
561 5473 763 5542 hom-ilia,
776 5473 827 5552 in
852 5497 946 5552 eos
959 5497 1040 5546 qui
1063 5482 1124 5552 _ad_
1136 5482 1398 5552 Circenses
1418 5482 1629 5552 pergunt
1643 5473 1918 5552 inscribitur

328 5539 727 5624 bwuiiita'la‘aliis
740 5550 911 5612 Quinta
934 5539 1231 5606 insumitur,
1253 5548 1307 5593 ct
1326 5539 1448 5593 vere
1472 5539 1645 5604 quinta
1669 5542 1762 5586 est.

1971 1779 2120 1843 dum,
2148 1772 2243 1829 sed
2272 1784 2367 1839 spe
2406 1764 2629 1821 ulterius
2665 1755 3136 1833 progrediendum,
3170 1761 3329 1822 atque
3372 1750 3550 1804 animo

1966 1841 2201 1941 quotidie
2216 1857 2565 1930 reputaudum
2588 1867 2728 1917 esse,
2751 1849 2934 1920 quales
2952 1846 3059 1901 illic
3073 1841 3369 1907 sententiae,
3392 1855 3552 1910 quam

1968 1933 2303 2013 formidabile
2323 1951 2579 2024 judicium
2609 1946 2839 2001 futurum
2880 1941 2948 1996 sit
2974 1958 2986 1995 :
3014 1952 3171 2010 quam
3202 1933 3371 1989 fraudi
3398 1934 3551 2003 inop-

1969 2057 2232 2121 portnnus
2255 2044 2437 2115 index.
2466 2040 2578 2095 Hoc
2599 2036 2792 2092 Paulus
2820 2033 2872 2087 in
2895 2029 3153 2085 hodierna
3172 2026 3401 2081 lectione
3425 2037 3557 2078 con-

1971 2118 2133 2206 sulit;
2175 2136 2271 2192 sed
2312 2135 2547 2189 animum
2587 2126 2865 2184 advertite.
2896 2122 2977 2177 De
3008 2118 3367 2176 dormientibus
3394 2124 3559 2169 autem

1973 2232 2089 2287 nolo
2116 2246 2202 2284 vos
2240 2228 2494 2299 ignorare,
2523 2223 2725 2292 fratres,
2769 2226 2824 2271 ut
2853 2232 2955 2269 non
2979 2210 3338 2266 contristemini
3363 2209 3490 2263 sicut
3514 2216 3561 2260 ot

1973 2323 2160 2387 caeteri,
2203 2318 2291 2390 qui
2329 2332 2470 2387 spem
2506 2329 2607 2368 non
2648 2309 2848 2365 habent.
2889 2305 2950 2361 Si
2996 2303 3127 2360 enim
3155 2300 3403 2356 credimus
3427 2299 3561 2369 quod

1974 2413 2126 2469 Iesus
2161 2418 2387 2464 mortuus
2421 2412 2513 2472 est,
2542 2413 2589 2459 et
2616 2399 2886 2458 resurrexit
2935 2413 2955 2452 :
3005 2397 3076 2449 ita
3115 2403 3161 2448 et
3190 2392 3327 2447 Deus
3356 2409 3436 2446 eos
3478 2391 3564 2460 qui

1976 2503 2287 2558 dormierunt
2316 2515 2404 2568 per
2431 2495 2607 2551 Iesum
2631 2490 2843 2546 adducet
2869 2503 2983 2542 cum
3010 2501 3066 2539 eo
3095 2482 3259 2555 (Ibid.
3289 2482 3400 2551 1'5).

2047 2592 2151 2649 Cur
2171 2588 2359 2647 Christi
2384 2595 2616 2652 mortem,
2642 2581 2859 2637 aliorum
2879 2575 3229 2631 dormitionem
3251 2578 3387 2625 vocet
3414 2568 3557 2622 Pau-

1979 2682 2307 2741 lum—Hoc
2348 2680 2576 2750 primum
2619 2668 3017 2744 disquirendum
3059 2667 3211 2722 nobis
3260 2661 3556 2726 incumbit,

1979 2792 2076 2834 cur
2104 2790 2224 2830 cum
2245 2772 2313 2829 de
2329 2771 2543 2826 Christo
2562 2767 2815 2837 loquitur,
2842 2762 2956 2831 ejus
2982 2759 3182 2837 obitum
3209 2763 3435 2811 mortem
3463 2765 3562 2807 vo-

1981 2876 2087 2932 eet,
2129 2878 2251 2920 cum
2295 2869 2474 2917 autem
2521 2859 2588 2914 de
2636 2835 2858 2911 interitu
2899 2835 3083 2907 nostro
3120 2848 3248 2919 agit,
3295 2861 3418 2901 eum
3460 2857 3568 2899 non

1983 2965 2234 3022 mortem,
2276 2951 2371 3008 sed
2400 2947 2774 3005 dormitionem
2804 2942 3054 3013 appellet.
3084 2939 3200 2995 Non
3228 2938 3372 2993 enim
3412 2935 3568 2999 dixit,

1984 3048 2052 3107 de
2073 3045 2299 3103 mortuis
2328 3052 2541 3105 autem;
2571 3036 2665 3093 sed
2691 3034 2855 3107 quid?
2883 3032 2961 3087 De
2985 3027 3341 3084 dormientibus
3367 3035 3532 3078 autem
3550 3039 3571 3078 :

1986 3149 2043 3197 et
2066 3152 2301 3204 rursum,
2329 3134 2415 3189 Ita
2443 3143 2488 3187 et
2520 3130 2656 3184 Deus
2684 3145 2788 3193 eos,
2816 3126 2901 3196 qui
2928 3121 3234 3177 dormierunt
3263 3134 3351 3187 per
3372 3116 3570 3180 Iesum,

1987 3232 2204 3289 adducet
2242 3243 2357 3283 cum
2381 3226 2534 3297 eo(l.
2579 3221 2753 3276 Thess.
2783 3219 2838 3274 4.
2873 3217 2997 3286 l3);
3044 3228 3143 3267 nec
3183 3211 3338 3277 dixit,
3366 3224 3460 3264 eos
3484 3209 3573 3277 qui

1989 3323 2184 3382 mortui
2213 3328 2338 3377 sunt
2366 3336 2380 3373 :
2410 3325 2464 3373 et
2492 3317 2708 3378 iterum,
2743 3310 2855 3364 Nos
2883 3307 2969 3378 qui
2996 3305 3232 3369 vivimus,
3271 3302 3355 3372 qui
3390 3299 3576 3355 residui

1990 3429 2160 3470 sumus
2188 3413 2242 3466 in
2274 3409 2543 3464 adventum
2589 3401 2816 3467 Domini,
2850 3416 2953 3454 non
2992 3395 3348 3467 praeveniemus
3383 3406 3465 3445 eos
3492 3391 3576 3458 qui

1993 3492 2304 3559 dormierunt
2329 3497 2433 3574 (Ib.
2463 3496 2574 3566 M).
2605 3493 2785 3564 Neque
2816 3490 2903 3545 hic
2945 3486 3097 3552 dixit,
3142 3498 3235 3540 eos
3260 3482 3349 3552 qui
3385 3477 3579 3534 mortui

1994 3603 2142 3663 sunt,
2166 3593 2260 3648 sed
2288 3599 2370 3647 ter
2395 3587 2717 3643 mentionem
2739 3583 2857 3652 ejus
2886 3579 3105 3643 faciens,
3136 3584 3217 3631 ter
3246 3580 3472 3628 mortem
3496 3584 3582 3622 vo-

1994 3687 2133 3744 cavit
2161 3681 2560 3740 (lormitionem.
2593 3676 2669 3731 De
2695 3673 2909 3730 Christo
2936 3677 3115 3724 autem
3154 3680 3260 3720 non
3290 3663 3415 3717 item
3442 3679 3456 3714 :
3485 3657 3582 3713 sed

1997 3775 2303 3851 quomodo?
2348 3771 2411 3828 Si
2447 3771 2581 3825 enim
2613 3766 2861 3822 credimus
2887 3761 3020 3834 quod
3045 3758 3196 3814 Jesus
3219 3765 3446 3810 mortuus
3486 3759 3580 3805 est.

1998 3844 2116 3927 Non
2153 3865 2306 3931 dixit,
2342 3858 2701 3924 obdormivit,
2733 3855 2849 3919 sed,
2888 3860 3116 3906 mortuus
3154 3855 3247 3902 cst.
3275 3845 3382 3901 Cur
3407 3844 3585 3911 itaque

2000 3962 2196 4020 Christi
2245 3959 2449 4014 obitum
2485 3959 2734 4017 mortem,
2776 3954 3016 4002 nostrum
3045 3954 3173 3996 vero
3209 3935 3582 3993 dormitionem

2001 4050 2318 4126 appellavit?
2344 4062 2448 4103 non
2479 4044 2621 4099 enim
2649 4050 2849 4096 temere
2884 4043 2938 4090 et
2977 4033 3091 4088 sine
3116 4030 3326 4086 delectu
3361 4026 3461 4079 hac
3485 4038 3584 4076 vo-

2154 4136 2533 4198 observatione
2556 4140 2640 4187 est
2678 4142 2824 4193 usus,
2857 4123 2952 4180 sed
2993 4119 3267 4190 sapientia:
3292 4115 3503 4185 plenum
3533 4121 3588 4167 et

2005 4248 2254 4306 magnum
2296 4228 2423 4301 quid
2475 4235 2756 4296 apparans.
2804 4218 2881 4272 De
2924 4213 3140 4269 Christo
3177 4210 3318 4265 enim
3361 4206 3588 4274 loquens

2007 4292 2236 4384 Inoitem
2284 4292 2437 4382 dixit,
2489 4292 2563 4369 uti
2595 4308 2827 4382 passioni
2870 4304 3025 4359 [idem
3074 4299 3293 4363 faceret,
3327 4294 3396 4350 de
3435 4292 3589 4347 nobis

2009 4432 2194 4499 agens,
2222 4410 2600 4469 dormitionem
2629 4401 2860 4466 vocavit,
2890 4404 2950 4452 ut
2983 4395 3223 4449 dolorem
3248 4389 3463 4445 leniret.
3486 4383 3587 4441 Ulli

2010 4488 2152 4568 enim
2196 4509 2305 4580 jam
2356 4503 2680 4563 resurrectio
2725 4502 3095 4570 praecesserat,
3148 4488 3318 4544 ﬁdens
3365 4491 3590 4539 mortem

2012 4572 2308 4665 memorat;
2355 4597 2451 4652 ubi
2490 4603 2666 4649 autem
2703 4597 2904 4646 tantum
2934 4581 3266 4654 sperabatur,
3314 4572 3592 4631 dormitio-

2014 4708 2138 4750 nem
2165 4698 2341 4754 vocat,
2368 4688 2469 4743 hac
2498 4700 2629 4741 voce
2663 4696 2799 4738 usus
2835 4677 2901 4733 ad
2948 4673 3114 4730 nostri
3151 4665 3593 4729 consolationem,

2015 4798 2072 4844 et
2098 4785 2164 4841 ad
2192 4798 2343 4854 spem
2369 4777 2749 4851 suggerendam
2778 4791 2790 4826 :
2823 4786 2945 4826 nam
2983 4767 3070 4838 qui
3097 4762 3314 4825 dormit,
3346 4758 3462 4813 sine
3490 4755 3593 4810 du-

2014 4879 2107 4934 bio
2145 4850 2407 4946 resurget,
2437 4850 2672 4941 nihilque
2713 4864 2855 4921 aliud
2887 4875 3031 4917 mors
3072 4866 3174 4921 est,
3212 4867 3370 4924 quam
3402 4850 3594 4918 longus

2018 4984 2259 5026 somnus.
2285 4967 2362 5023 Ne
2392 4964 2521 5021 mihi
2559 4961 2777 5027 dixeris,
2807 4964 3073 5012 mortuum
3117 4964 3217 5004 nec
3258 4944 3464 5008 audire,
3497 4954 3599 4996 nec

2010 5059 2187 5131 loqui,
2216 5073 2319 5114 nec
2352 5056 2555 5122 videre,
2588 5066 2760 5123 neque
2800 5061 2960 5103 sensu
3003 5041 3140 5097 allici
3170 5058 3182 5093 :
3216 5052 3338 5092 nam
3368 5033 3599 5103 idipsum

2020 5124 2411 5207 de-dormiente
2442 5145 2689 5202 dixerim.
2733 5139 2789 5196 Si
2818 5135 2955 5208 quod
2989 5146 3153 5204 porro
3194 5129 3388 5184 mirum
3422 5124 3603 5178 dicere

2024 5245 2199 5310 liceat,
2230 5239 2544 5297 dormientis
2569 5235 2743 5289 anima
2772 5221 3162 5300 quodammodo
3190 5217 3422 5281 dormit;
3451 5227 3599 5269 mor-

2026 5337 2101 5392 tui
2130 5350 2234 5391 non
2278 5334 2425 5397 item,
2465 5328 2558 5384 sed
2600 5324 2801 5396 vigilat.
2848 5322 2936 5385 At,
2975 5314 3204 5386 inquies,
3242 5318 3490 5397 mortuus
3510 5319 3607 5373 pu-

2025 5427 2210 5484 trescit
2250 5433 2305 5480 et
2350 5391 2731 5487 corrumpitur,
2773 5411 3046 5483 pulvisque
3086 5413 3142 5460 et
3185 5400 3320 5458 cinis
3353 5391 3606 5451 efﬁcitur.

2024 5518 2164 5590 Quid
2198 5526 2308 5573 tum
2342 5512 2487 5582 inde,
2537 5506 2763 5567 dilecte?
2810 5503 2934 5560 Ideo
2978 5496 3211 5561 maxime
3238 5495 3608 5575 gaudendum.
