4030 6136
495 239 634 296 1019

493 358 706 414 Etenim
735 357 779 412 si
807 355 924 427 quis
948 364 1180 411 veterem
1209 353 1426 410 domum
1449 362 1747 422 quassatam
1781 359 2080 404 restaurare

490 449 639 514 velit,
671 449 840 518 primo
868 446 1195 500 habitatores
1239 443 1401 513 ejieit,
1446 433 1772 510 domumque
1804 439 1986 503 diruit,
2026 448 2080 493 et

491 540 1003 612 tuagnificentiorem
1025 537 1252 592 exstruit
1275 553 1288 604 ;
1315 533 1473 604 ejecti
1504 548 1630 588 vero
1661 548 1765 585 non
1793 531 1914 586 ideo
1940 544 2078 585 moe-

489 641 630 699 rent,
663 631 757 687 sed
801 628 1032 700 gaudent
1069 629 1266 698 potius.
1310 625 1427 681 Non
1473 624 1614 678 enim
1657 622 2076 685 demolitionem,

489 743 609 798 qua:
661 724 762 780 sub
809 731 1082 792 aspectum
1130 719 1287 783 cadit,
1335 717 1428 774 sed
1488 717 1722 772 futurum
1771 713 2076 779 aediﬁcium,

487 817 630 888 quod
663 831 768 870 non
788 815 1017 880 videtur,
1039 811 1219 866 animo
1254 819 1520 880 reputant.
1551 809 1624 863 Ita
1655 809 1890 863 facturus
1917 807 2076 872 Deus,

486 923 682 979 corpus
711 907 976 972 dissolvit,
1006 913 1062 960 et
1105 904 1159 958 in
1199 902 1292 958 illo
1322 902 1646 956 habitantem
1676 899 1905 953 animam
1932 897 2078 966 prius

487 999 686 1065 educit,
729 1014 827 1054 ceu
867 1013 934 1053 ex
977 997 1142 1052 domo
1180 995 1452 1065 quapiam,
1480 1000 1538 1046 ut
1575 999 1694 1062 post
1736 990 1790 1045 in
1833 988 2076 1044 eamdem

429 1074 438 1094 ⁵
486 1093 907 1165 magniﬁcentius
962 1098 1334 1146 constructam'
1366 1087 1581 1141 domum
1609 1127 1625 1150 ,
1673 1083 1903 1137 animam
1953 1094 2074 1135 eum

487 1187 672 1256 majori
701 1186 866 1256 gloria
895 1183 1131 1239 reducat.
1163 1181 1239 1236 Ne
1268 1180 1425 1250 igitur
1444 1177 1841 1234 demolitionem
1868 1179 2078 1243 specte-

487 1297 629 1346 tuus,
660 1279 752 1334 sed
785 1279 1016 1332 futurttm
1047 1274 1408 1345 splendorem.

555 1371 609 1424 9..
657 1371 962 1437 Iterumque
1000 1366 1043 1420 si
1069 1365 1188 1435 quis
1228 1373 1458 1418 statuam
1487 1360 1689 1414 habens
1729 1358 1973 1428 rubigine
2010 1371 2074 1412 ac

486 1473 727 1531 tempore
759 1458 1154 1523 labefactatam,
1204 1453 1490 1522 multisque
1527 1450 1763 1519 partibus
1807 1449 2070 1512 mutilam,

485 1557 656 1626 ipsam
680 1553 962 1608 contritam
1007 1550 1058 1602 in
1092 1545 1359 1602 fornacem
1388 1545 1573 1613 injicit,
1610 1552 1665 1596 ut
1693 1541 1870 1596 flando
1895 1540 2074 1610 splen-

486 1646 744 1700 didiorem
791 1641 998 1697 reddat.
1046 1637 1502 1706 Quemadmodum
1551 1635 1712 1705 igitur
1755 1635 1806 1687 in
1855 1631 2073 1687 fornace

485 1748 660 1795 statua
689 1736 880 1790 detrita
922 1748 1027 1788 non
1054 1731 1282 1794 deletur,
1314 1729 1407 1784 sed
1446 1736 1751 1789 renovatur,
1786 1725 1864 1781 sic
1901 1735 2108 1824 morte.

483 1846 708 1902 corpora
735 1837 914 1883 nostra
941 1841 1047 1882 non
1079 1839 1299 1896 prorsus
1326 1830 1572 1891 pereunt,
1601 1818 1696 1875 88d
1725 1828 2067 1873 I‘CDUVDDIUI‘.

483 1925 617 1980 Cum
655 1923 815 1992 igitur
842 1919 1042 1975 videris
1079 1932 1295 1972 carnem
1343 1923 1605 1978 nostram,
1646 1927 1743 1967 ceu
1771 1912 1824 1966 in
1853 1909 2070 1965 fornace

482 2017 804 2072 defluentem
848 2020 902 2068 et
933 2019 1346 2083 putrescentem,
1382 2022 1448 2061 ne
1492 2009 1544 2060 in
1574 2013 1796 2074 aspectu
1838 2003 1927 2057 illo
1954 2012 2068 2057 ste-

485 2109 636 2172 teris,
674 2105 770 2161 sed
811 2104 988 2160 denuo
1031 2099 1369 2156 conflandam
1419 2106 1687 2178 exspecta.
1740 2094 1922 2164 Neque
1967 2093 2070 2150 hoc

482 2210 688 2256 tantum
713 2196 940 2266 exempli
970 2194 1128 2248 modo
1157 2200 1436 2248 contentus
1463 2197 1598 2254 esto,
1624 2188 1716 2243 sed
1749 2186 1814 2241 ad
1847 2185 1897 2240 id
1927 2184 2068 2255 quod

484 2294 633 2362 prius
660 2299 743 2346 est
778 2286 1144 2344 ratiocinando
1170 2283 1417 2354 procede.
1464 2281 1764 2337 Statuarius
1787 2279 1951 2345 enim,
1976 2277 2068 2348 qui

481 2398 677 2454 corpus
700 2397 904 2437 aeneum
951 2380 1153 2449 injecit,
1183 2392 1286 2432 non
1323 2390 1538 2431 auream
1567 2373 1657 2427 tibi
1687 2380 1742 2427 et
1786 2372 2066 2426 immorta-

481 2476 585 2532 lem
628 2474 802 2529 reddit
828 2481 1081 2539 statuam,
1110 2469 1206 2525 sed
1235 2483 1438 2524 mneam
1479 2481 1689 2522 rursum
1718 2464 1904 2524 efﬁcit,
1924 2463 2067 2517 Con-

481 2578 562 2622 tra
609 2581 738 2621 vero
791 2566 954 2630 Deus,
1005 2563 1152 2616 luteo
1204 2575 1267 2614 ac
1309 2559 1524 2613 mortali
1566 2557 1765 2625 injecto
1812 2568 2058 2624 corpore,

479 2672 696 2713 auream
748 2665 802 2711 et
845 2651 1202 2708 immortalem
1253 2650 1344 2704 tibi
1395 2657 1624 2703 statuam
1674 2645 1892 2702 reddit:
1925 2653 2066 2700 terra

479 2751 660 2814 enim,
677 2763 796 2818 qum
818 2745 1016 2800 ﬁuxum
1049 2760 1111 2799 ac
1136 2741 1481 2813 corruptibile
1507 2756 1700 2810 corpus
1727 2739 1952 2809 accepit,
1983 2738 2066 2792 in-

478 2841 825 2912 corruptibile
873 2838 1001 2893 illud
1045 2846 1100 2894 et
1138 2835 1440 2891 immortale
1481 2832 1734 2890 restituit.
1779 2831 1856 2886 Ne
1886 2832 2065 2902 itaque

477 2934 738 2989 intuearis
785 2945 930 2998 eum,
977 2929 1128 2998 cujus
1171 2927 1338 2982 clausi
1383 2933 1508 2980 sunt
1546 2923 1706 2989 oculi,
1755 2923 1846 2993 qui
1885 2929 2064 2976 mutus

474 3027 636 3098 jacet,
668 3023 763 3078 sed
790 3037 937 3090 eum,
971 3021 1060 3091 qui
1084 3027 1326 3090 resurget
1353 3026 1408 3073 et
1427 3017 1652 3087 accipiet
1674 3016 1897 3087 gloriam
1923 3013 2063 3069 inef-

477 3118 690 3173 fabilem
718 3124 772 3170 et
791 3113 1104 3185 stupendam
1130 3111 1557 3182 mirabilemquc,
1583 3117 1741 3180 atque
1760 3125 1789 3164 a
1812 3107 2063 3178 praesenti

476 3207 781 3278 hujusmodi
813 3212 1028 3275 aspectu
1064 3203 1412 3274 cogitationes
1445 3199 1675 3256 transfer
1704 3200 1756 3254 in
1798 3214 1948 3271 spem
1976 3199 2060 3254 fu-

477 3311 670 3356 turam.
715 3303 784 3354 At
814 3297 1256 3354 consuetudinem
1293 3295 1543 3365 requiris,
1576 3293 1802 3363 ideoque
1833 3293 2064 3363 ingemi-

475 3396 581 3450 scis
615 3409 679 3448 ac
703 3392 890 3464 luges?
930 3392 997 3446 Et
1022 3389 1111 3460 qui
1149 3404 1254 3443 non
1293 3385 1584 3442 absurdum
1615 3386 1793 3448 fuerit,
1828 3384 1894 3450 si,
1938 3398 2059 3437 cum

475 3501 674 3557 sponso
723 3484 951 3554 cuipiam
1001 3481 1164 3536 ﬁliam
1212 3477 1580 3541 collocaveris,
1629 3475 1825 3545 illeque
1876 3488 2059 3531 secum

474 3596 592 3634 eam
627 3580 678 3633 in
707 3579 1052 3648 longinquam
1090 3576 1362 3645 regionem
1391 3573 1693 3639 abduxerit,
1733 3573 1914 3642 ibique
1944 3587 2058 3627 rem

477 3687 734 3742 prospere
777 3669 1021 3739 gesserit,
1063 3683 1176 3721 rem
1225 3683 1329 3720 non
1375 3666 1652 3719 molestam
1703 3665 1875 3728 ducis,
1923 3664 2061 3720 bene

473 3772 640 3834 gestae
675 3762 752 3816 rei
782 3760 918 3814 fama
947 3760 1202 3814 absenti-.1:
1224 3757 1464 3812 dolorem
1491 3757 1725 3812 leniente
1753 3775 1766 3809 :
1791 3756 1878 3811 hic
1907 3771 2056 3821 vero,

472 3868 596 3908 cum
631 3867 736 3905 non
781 3851 964 3914 homo,
1004 3865 1109 3904 non
1160 3863 1472 3912 conservus,
1518 3847 1611 3903 sed
1652 3849 1767 3919 ipse
1803 3849 2060 3904 Dominus

472 3954 756 4010 cognatum
792 3954 940 4000 tuum
980 3945 1236 4015 abripuit,
1292 3955 1519 3998 maereas
1547 3949 1603 3996 et
1627 3942 1926 3997 crucierts?

545 4035 738 4092 Luctus
767 4053 886 4107 erga
914 4035 1178 4105 defunctos
1197 4034 1361 4104 qualis
1384 4049 1490 4089 esse
1517 4033 1711 4089 debeat.
1734 4063 1806 4073 —
1831 4035 1895 4088 Et
1921 4047 2058 4104 quo-

471 4127 654 4195 modo,
686 4127 917 4198 inquies,
949 4125 1112 4180 homo
1137 4140 1258 4180 cum
1283 4125 1404 4191 sim,
1428 4125 1628 4194 possim
1657 4139 1764 4178 non
1793 4123 2060 4180 maerere?

470 4220 654 4290 Neque
678 4235 778 4290 ego
806 4219 859 4274 id
888 4220 1097 4288 postulo
1125 4236 1138 4273 :
1172 4234 1277 4274 non
1306 4234 1595 4274 maerorem
1621 4229 1766 4286 veto,
1805 4218 1897 4274 sed
1926 4233 2060 4274 mte—

469 4313 613 4366 roris
633 4310 1048 4366 vehementiam.
1071 4309 1296 4366 Mmrere
1324 4323 1571 4380 namque,
1605 4317 1808 4364 natura:
1835 4318 1935 4374 est,
1964 4309 2059 4364 sed

470 4406 609 4461 ultra
639 4404 854 4459 modum
882 4419 1134 4471 mcerere,
1168 4402 1384 4467 furoris,
1415 4403 1657 4470 insaniae,
1680 4403 2059 4473 muliebrisque

469 4498 656 4552 animi.
701 4496 888 4561 Mmre,
931 4497 1256 4566 lacrymare;
1301 4493 1397 4550 sed
1433 4510 1503 4551 ne
1547 4510 1688 4565 tegre
1732 4497 2059 4563 molesteque

467 4590 629 4653 feras,
662 4603 732 4643 ne
761 4587 1068 4658 indigneris.
1099 4586 1308 4642 Gratias
1347 4601 1445 4656 age
1487 4587 1559 4650 ei,
1590 4587 1679 4657 qui
1723 4586 1959 4652 abstulit,
2001 4595 2060 4642 ut

468 4679 779 4737 defunctum
823 4694 1071 4747 exornes,
1099 4678 1318 4748 ejusque
1352 4677 1524 4733 funeri
1551 4679 1665 4733 haec
1688 4678 1831 4746 justa
1874 4679 2058 4748 splen-

467 4771 594 4826 dide
621 4772 915 4842 persolvas,
955 4771 1161 4840 ipSIque
1196 4769 1394 4824 mittas.
1423 4767 1480 4824 Si
1521 4770 1742 4824 moleste
1768 4769 1927 4835 feras,
1957 4769 2058 4840 ipsi

467 4866 886 4923 contumeliosus
912 4879 992 4933 es,
1034 4863 1200 4919 Deum
1227 4861 1537 4927 exacerbas,
1568 4873 1724 4933 teque
1750 4863 1921 4932 ipsutn
1959 4862 2058 4918 da-

465 4973 594 5014 mno
623 4956 829 5021 afficis;
851 4958 933 5011 sin
954 4957 1150 5027 gratias
1166 4970 1312 5026 agas,
1345 4955 1419 5010 illi
1449 4955 1728 5019 honorem,
1752 4956 1860 5009 Deo
1884 4956 2057 5024 ipsum

462 5049 747 5119 abripienti
781 5050 1024 5120 gloriam,
1053 5047 1146 5104 tibi
1175 5047 1378 5102 lucrum
1416 5045 2054 5117 procuras.Lacrymarc,

462 5151 522 5194 ut
550 5142 807 5197 Dominus
837 5151 954 5196 tuus
985 5141 1240 5196 Lazarum
1267 5139 1419 5203 luxit,
1452 5137 1667 5193 modum
1699 5137 1872 5203 nobis,
1905 5153 2063 5209 regu-

465 5235 570 5289 lam
605 5234 996 5304 terminumque
1033 5231 1232 5287 doloris
1272 5245 1494 5301 ponens,
1526 5245 1683 5298 quem
1714 5229 2057 5299 prmtergredi

465 5343 571 5382 non
594 5327 740 5382 licet.
793 5325 883 5381 Sic
925 5336 980 5381 et
1021 5325 1216 5379 Paulus
1245 5324 1354 5378 ait:
1384 5322 1464 5377 De
1492 5321 1850 5376 dormientibus
1890 5331 2058 5376 autem

465 5420 585 5473 nolo
611 5435 697 5473 eos
727 5420 980 5490 ignorare,
1023 5427 1078 5470 ut
1104 5434 1204 5470 non
1242 5415 1602 5470 contristemini
1629 5419 1758 5468 sicut
1799 5424 1844 5469 et
1869 5417 2055 5483 ca'leri,

463 5513 551 5582 qui
580 5529 720 5582 spem
759 5529 858 5566 non
888 5512 1070 5565 habent
1100 5511 1176 5580 (1.
1211 5508 1387 5564 Thess.
1421 5509 1475 5564 4.
1507 5506 1618 5578 12).
1652 5507 1834 5572 Mane,
1868 5509 2055 5578 inquit,

465 5613 519 5657 at
553 5617 658 5656 non
703 5610 761 5654 ut
801 5601 1073 5666 Ethnicus,
1123 5600 1213 5670 qui
1259 5599 1327 5654 de
1367 5599 1760 5655 resurrectione
1789 5600 2054 5669 desperat,

466 5708 558 5763 qut
599 5693 830 5748 futuram
869 5691 1033 5748 vitam
1077 5706 1183 5748 non
1229 5701 1516 5764 exspectat.
1567 5691 1733 5748 Pudet
1779 5707 1882 5760 mc,
1926 5692 2052 5749 mihi

1237 233 1297 291 S.
1335 232 1615 291 JOANNIS
1647 226 2122 288 CllBYSOSTOMl
2159 226 2494 285 ARCHIEP.:
2518 227 3050 289 CONSTANTINOP.

3615 231 3729 296 ιωο

2193 346 2412 409 credite,
2445 354 2499 398 et
2523 347 2802 412 erubesco,
2830 363 2950 403 cum
2981 364 3074 418 per
3101 347 3274 404 forum
3302 349 3451 405 video
3486 352 3729 411 mulierum

2191 444 2416 502 turmas,
2448 437 2695 494 indecore
2736 449 2974 509 agentes,
3006 440 3226 510 capillos
3255 441 3518 506 vellentes,
3549 443 3728 502 brachia

2186 542 2455 598 genasque
2483 529 2809 597 lacerantes;
2835 532 2992 602 idque
3012 547 3191 588 coram
3221 533 3472 589 Etbnieis.
3497 536 3622 603 Quid
3645 557 3728 595 non

2188 617 2261 670 illi
2301 619 2367 673 de
2399 620 2551 676 nobis
2579 623 2790 688 dicturi,
2829 623 2957 693 quid
3001 639 3107 679 non
3149 624 3478 680 vociferaturi
3507 631 3655 684 sunt?
3679 629 3728 687 lii

2186 711 2423 779 suntqui
2454 711 2522 766 de
2561 716 2951 769 resurrectione
2984 715 3457 785 philosophantur?
3483 717 3612 774 Sane
3635 724 3731 791 qui-

2185 799 2330 854 dem.
2368 800 2484 856 Non
2523 803 2662 857 enim
2691 819 2810 859 cum
2836 805 3173 876 dogmatibus
3196 814 3346 878 gesta
3383 813 3724 867 consentiunt:

2185 892 2363 946 verbis
2407 893 2620 962 quidem
2661 890 2731 950 de
2775 897 3164 953 resurrectione
3195 897 3620 968 philosophantur
3648 920 3659 954 :
3687 915 3733 956 rc

2182 993 2358 1038 autem
2401 984 2514 1054 ipsa
2552 987 2772 1056 perinde
2811 1002 2870 1042 se
2905 998 3118 1059 gerunt,
3155 999 3314 1060 atque
3354 989 3449 1055 illi,
3491 992 3576 1061 qui
3598 992 3656 1046 de
3679 1007 3729 1048 ea

2183 1075 2505 1146 desperant:
2534 1080 2581 1134 si
2623 1082 3066 1137 resurrectionem
3111 1082 3225 1138 fore
3261 1084 3600 1152 confiderent,
3630 1087 3730 1142 talia

2183 1183 2288 1221 non
2317 1178 2537 1238 agerent
2564 1187 2576 1223 :
2608 1171 2653 1225 si
2683 1186 2990 1240 persuasum
3019 1172 3296 1240 haberent,
3322 1173 3464 1230 hunc
3488 1174 3550 1229 ad
3570 1176 3731 1230 melio-

2181 1275 2294 1314 rem
2326 1263 2513 1317 fortem
2542 1263 2758 1330 abiisse,
2797 1281 2902 1321 non
2935 1268 3114 1338 utique
3153 1268 3411 1338 lugerent.
3449 1269 3569 1324 Haec
3591 1278 3640 1324 et
3662 1271 3732 1327 his

2181 1355 2330 1424 plura
2374 1356 2556 1412 dicunt
2596 1358 2856 1424 infideles,
2907 1374 3029 1415 cum
3069 1361 3227 1417 talem
3277 1361 3502 1416 audiunt
3535 1357 3728 1418 luctum.

2178 1447 2570 1506 Erubescamus
2616 1467 2764 1522 ergo,
2813 1462 2868 1508 et
2926 1453 3250 1510 moderatius
3295 1469 3532 1524 agamus,
3581 1471 3728 1527 neque

2181 1549 2384 1595 tantum
2421 1553 2476 1598 et
2510 1545 2662 1599 nobis
2693 1545 2819 1615 ipsis
2847 1555 2902 1601 et
2929 1549 3318 1616 spectatoribus
3346 1548 3523 1604 damni
3561 1551 3730 1606 infera-

2179 1648 2318 1687 mus.
2348 1633 2477 1700 Cur,
2508 1651 2709 1706 qumso,
2740 1638 2818 1692 sic
2847 1638 3152 1694 defunctum
3180 1641 3364 1712 luges?
3402 1644 3487 1696 An
3511 1644 3619 1713 quia
3644 1644 3730 1698 itu-

2178 1725 2378 1796 probus
2418 1729 2569 1783 erat?
2612 1730 2772 1798 Atqui
2816 1730 2936 1786 ideo
2970 1732 3154 1802 gratia:
3182 1733 3423 1803 agendae,
3461 1735 3591 1804 quod
3631 1738 3732 1806 ejus

2177 1817 2490 1886 improbitas
2533 1821 2752 1891 prtecisa
2794 1822 2971 1878 fuerit.
3021 1825 3090 1879 At
3129 1823 3265 1894 frugi
3312 1834 3368 1882 et
3410 1825 3576 1882 bonus
3601 1830 3729 1883 erat?

2177 1909 2302 1966 Ideo
2341 1911 2510 1966 laetari
2558 1914 2828 1979 convenit,
2864 1913 3008 1985 quod
3049 1915 3156 1971 cito
3203 1917 3460 1986 abreptus
3497 1918 3578 1982 sit,
3608 1919 3730 1987 prius

2175 2015 2331 2070 quam
2363 2003 2677 2074 improbitas
2706 2006 3086 2061 conscientiam
3113 2006 3231 2078 ejus
3255 2016 3506 2075 mutaret,
3535 2009 3729 2064 abierit—

2173 2107 2277 2162 que
2306 2093 2358 2148 in
2387 2095 2584 2163 locum,
2609 2097 2698 2151 ubi
2729 2097 2784 2152 in
2811 2106 2922 2152 tuto
2951 2108 3212 2164 versatur,
3243 2114 3419 2169 neque
3447 2099 3545 2153 ulla
3578 2109 3729 2154 muta-

2173 2183 2248 2238 tio
2277 2185 2578 2241 mctuenda.
2610 2187 2716 2243 Sed
2749 2187 2961 2258 juvenis
3003 2189 3162 2244 erat?
3185 2190 3388 2245 idcirco
3417 2192 3628 2261 gloriam
3660 2207 3731 2246 ra-

2173 2275 2337 2345 pienti
2390 2277 2501 2333 Deo
2551 2278 2771 2343 referas,
2824 2280 2963 2350 quod
3015 2281 3121 2335 cito
3170 2281 3317 2336 illum
3361 2282 3432 2336 ad
3484 2282 3728 2337 meliorem

2173 2376 2373 2422 sortem
2405 2369 2698 2426 vocaverit.
2734 2370 2910 2427 Senex
2941 2373 3087 2427 erat?
3117 2372 3197 2427 Ob
3224 2372 3274 2426 id
3302 2375 3490 2444 gratia:
3517 2375 3728 2444 agenda,

2172 2458 2368 2514 iterum
2400 2461 2625 2530 rapienti
2659 2462 2770 2518 Deo
2797 2463 3021 2534 gloriam
3052 2463 3272 2520 referas.
3320 2465 3478 2520 Hunc
3504 2464 3730 2521 efferendi

2171 2549 2389 2605 modum
2422 2553 2700 2608 erubesce.
2747 2553 3083 2622 Psalmodim,
3131 2570 3340 2625 preces,
3371 2567 3576 2625 patrum
3616 2572 3727 2611 con-

2169 2651 2382 2708 ventus,
2416 2641 2638 2698 fratrum
2669 2644 2952 2699 multitudo
2997 2653 3180 2714 tanta;
3223 2645 3340 2701 bzec
3380 2646 3613 2716 inquam,
3641 2662 3732 2701 non

2170 2732 2292 2789 ideo
2329 2733 2544 2802 adsunt,
2587 2745 2644 2790 ut
2681 2735 2834 2801 fleas,
2875 2751 3106 2792 maereas
3150 2744 3204 2791 et
3239 2735 3552 2807 indigneris,
3579 2737 3663 2793 sed
3686 2747 3734 2792 ut

2168 2824 2367 2893 gratias
2397 2826 2446 2881 ei
2477 2841 2624 2897 agas,
2670 2828 2760 2897 qui
2790 2826 3099 2882 defunctum
3142 2828 3366 2898 accepit.
3401 2829 3734 2896 Quemadmo-
3818 2857 3824 2864 ι

2169 2917 2295 2973 dum
2333 2919 2477 2974 enim
2519 2933 2635 2986 eos,
2664 2919 2753 2989 qui
2797 2918 2864 2973 ad
2907 2920 3270 2990 magistratum
3297 2931 3573 2987 vocantur,
3601 2922 3732 2976 multi

2167 3025 2289 3066 eum
2343 3009 2590 3066 laudibus
2637 3019 2691 3066 et
2739 3011 3127 3066 acclamatione
3172 3012 3530 3079 comitantur;
3586 3014 3650 3067 ita
3689 3022 3734 3067 et

2168 3111 2402 3169 sanctos,
2459 3103 2551 3173 qui
2595 3102 2964 3171 decesserunt,
3013 3111 3198 3173 utpote
3239 3103 3330 3175 qui
3375 3105 3449 3161 ad
3501 3106 3734 3174 majorem

2167 3205 2462 3252 evocentur
2487 3195 2770 3265 honorem,
2797 3211 2919 3251 cum
2946 3196 3152 3267 magnis
3180 3211 3368 3253 omnes
3390 3197 3631 3253 laudibus
3655 3197 3735 3252 do-

2166 3288 2385 3345 ducunL

2239 3381 2384 3436 Mors
2419 3382 2558 3453 quies
2607 3381 2954 3437 est.-—Mors
2982 3383 3134 3452 quies
3171 3394 3271 3448 est,
3305 3393 3359 3440 et
3409 3400 3442 3440 a
3480 3385 3734 3440 sudoribus

2165 3473 2412 3543 curisque
2437 3471 2783 3528 saecularibus
2809 3472 3073 3528 liberatio.
3100 3472 3233 3528 Cum
3261 3473 3422 3545 igitur
3447 3491 3510 3530 ex
3541 3475 3733 3544 propin-

2165 3565 2284 3636 quis
2304 3565 2534 3636 aliquem
2557 3564 2752 3620 videris
2774 3564 2899 3619 hinc
2926 3563 3235 3632 abeuntem,
3267 3581 3335 3620 ne
3358 3566 3575 3637 indigne
3591 3566 3733 3632 feras,

2165 3659 2257 3714 sed
2283 3671 2658 3730 compungere,
2689 3657 2754 3711 ad
2784 3658 3008 3728 teipsum
3033 3659 3166 3723 redi,
3198 3661 3579 3716 cnnscientiam
3606 3674 3739 3714 scru-

2165 3760 2302 3818 tare,
2345 3751 2448 3807 hoe
2486 3752 2789 3814 considera,
2843 3752 2991 3807 brevi
3043 3768 3223 3821 parem
3282 3754 3372 3809 tibi
3423 3754 3732 3811 subeundum

2164 3859 2286 3900 esse
2326 3843 2507 3899 ﬁnem.
2541 3844 2950 3915 Temperantior
2987 3855 3124 3913 esto,
3158 3855 3212 3901 et
3240 3847 3467 3902 alterius
3492 3859 3653 3904 morte
3673 3849 3735 3902 ti—

2164 3950 2311 3990 mere
2339 3935 2507 4002 disce,
2532 3935 2792 4006 ignaviam
2837 3951 3054 3990 omnem
3093 3937 3341 4006 prmcidc,
3371 3938 3511 3994 facta
3551 3951 3631 3994 tua
3654 3955 3735 3994 ex-

2164 4027 2356 4098 pende,
2389 4036 2563 4081 errata
2592 4029 2820 4098 corrige,
2849 4029 3102 4097 Optimam
3143 4028 3225 4084 fac
3265 4046 3480 4086 morum
3509 4032 3736 4087 mutatio-

2165 4134 2310 4174 nem.
2337 4117 2450 4172 Hoc
2474 4116 2544 4172 ab
2575 4117 2878 4174 inﬁdelibus
2904 4118 3219 4183 differimus,
3249 4122 3390 4191 quod
3419 4123 3572 4178 aliter
3593 4131 3736 4192 atque

2164 4210 2239 4264 illi
2261 4209 2328 4264 de
2354 4209 2514 4264 rebus
2533 4207 2664 4279 ipsis
2674 4207 2997 4278 judicemus.
3027 4209 3262 4279 Respicit
3287 4211 3519 4268 inﬁdelis
3546 4213 3733 4278 caelum,

2163 4311 2218 4358 et
2239 4301 2447 4368 adorat,
2477 4299 2623 4370 quod
2662 4300 2822 4356 deum
2867 4315 2988 4357 esse
3024 4302 3256 4369 credat,:
3286 4311 3488 4358 terram
3518 4303 3734 4372 respicit,

2164 4396 2442 4465 ipsamque
2464 4393 2613 4458 colit,
2644 4402 2699 4449 et
2725 4393 2812 4460 iis,
2837 4409 2956 4464 qua:
2981 4394 3033 4448 in
3073 4409 3290 4450 sensum
3311 4395 3533 4460 eadunt,
3565 4393 3733 4448 inhiat.

2163 4485 2235 4541 At
2261 4502 2360 4544 nos
2379 4500 2571 4542 secus:
2597 4486 2842 4542 videmus
2869 4487 3012 4541 enim
3041 4486 3253 4552 caelum,
3283 4496 3334 4542 et
3360 4487 3480 4556 ejus
3507 4487 3734 4557 opiﬁcem

2164 4579 2492 4634 admiramur
2521 4597 2534 4633 :
2563 4579 2736 4648 ipsum
2765 4578 2959 4649 quippe
2998 4593 3105 4634 non
3131 4578 3310 4642 deum,
3338 4581 3436 4635 sed
3479 4580 3570 4636 Dei
3601 4577 3732 4650 opiﬁ-

2164 4672 2305 4726 cium
2342 4685 2462 4726 esse
2491 4670 2780 4727 credimus.
2827 4669 2999 4725 Video
3031 4671 3287 4725 mundum
3329 4672 3654 4736 universum,
3683 4684 3732 4724 ac

2164 4778 2260 4833 per
2283 4763 2432 4817 illum
2459 4761 2696 4816 deducor
2749 4761 2816 4816 ad
2853 4771 3170 4817 creatorem.
3201 4761 3358 4817 Videt
3401 4763 3494 4819 ille
3519 4763 3734 4828 divitias,

2164 4855 2401 4927 ipsisque
2430 4855 2598 4909 inhiat
2635 4863 2691 4911 et
2715 4855 3040 4925 obstupescit
3068 4873 3081 4909 :
3107 4855 3264 4910 video
3310 4865 3364 4911 et
3389 4872 3492 4928 ego
3519 4857 3736 4920 divitias,

2163 4955 2219 5004 et
2247 4947 2463 5002 irrideo.
2492 4946 2650 5001 Videt
2690 4946 2778 5001 ille
2808 4955 3197 5016 paupertatem.
3216 4956 3270 5000 et
3297 4947 3600 5017 ingemiscit
3625 4964 3638 4999 :
3668 4947 3737 4999 vi.

2165 5038 2267 5092 deo
2293 5048 2346 5092 et
2373 5053 2472 5108 ego
2497 5045 2884 5106 paupertatem,
2913 5046 2967 5090 et
2988 5036 3214 5091 cxsulto.
3243 5037 3363 5092 Alio
3378 5053 3501 5108 ego,
3528 5037 3631 5092 alio
3659 5031 3736 5090 ille

2165 5130 2327 5185 modo
2353 5145 2439 5184 res
2467 5129 2802 5198 inspicimus.
2844 5128 2934 5184 Sic
2967 5138 3020 5182 et
3063 5129 3114 5182 in
3147 5141 3319 5185 morte
3349 5146 3444 5184 nos
3470 5131 3733 5200 gerimus;

2165 5222 2314 5276 videt
2356 5221 2447 5275 ille
2488 5231 2782 5285 mortuum,
2823 5229 2878 5275 et
2915 5230 3183 5275 mortuum
3231 5228 3423 5290 putat:
3455 5221 3609 5276 video
3648 5232 3737 5288 ego

2166 5325 2459 5381 mortuum,
2483 5323 2537 5369 et
2556 5329 2803 5368 somnum
2835 5329 2931 5384 pro
2973 5323 3147 5369 morte
3175 5315 3350 5370 video.
3393 5316 3469 5368 Ac
3494 5311 3735 5384 quemad-

2166 5407 2384 5463 modum
2415 5407 2468 5460 in
2499 5407 2666 5461 literis
2703 5406 2916 5469 acetdit,
2958 5416 3018 5461 ut
3045 5407 3232 5462 iisdem
3263 5407 3429 5462 oculis
3456 5407 3598 5476 ipsas
3629 5417 3734 5458 cer-

2167 5515 2375 5564 namus,
2405 5498 2544 5553 docti
2589 5505 2644 5552 et
2681 5497 2902 5563 indocti,
2952 5513 3052 5553 nec
3091 5499 3277 5554 eadem
3323 5509 3497 5553 tamen
3543 5505 3730 5557 mente;

2166 5591 2260 5646 sed
2277 5591 2366 5661 qui
2394 5591 2576 5645 literas
2605 5604 2710 5643 non
2738 5597 2954 5656 norunt,
2985 5604 3079 5644 cas
3107 5589 3278 5644 solum
3305 5604 3401 5660 pro
3426 5588 3615 5642 litteris
3649 5586 3730 5636 lia-

2169 5687 2354 5753 beant,
2390 5684 2476 5755 qui
2505 5697 2630 5738 vero
2673 5690 2895 5750 norunt,
2936 5696 3126 5753 magna
3159 5691 3273 5737 arte
3316 5694 3527 5738 sensum
3558 5680 3608 5733 iu
3639 5673 3730 5732 illis
