4030 6136
240 255 383 317 1019

241 374 355 428 Καὶ
391 373 518 436 τούς
559 371 920 442 ἐκϐληθέντας
957 371 1018 425 ού
1065 369 1227 424 λυπεῖ
1254 367 1316 422 τὸ
1346 367 1653 438 γινόμενον,
1690 365 1826 420 ἀλλά

241 457 342 512 καὶ
377 455 657 525 εὐφραίνει
702 455 884 508 πλέον’
935 454 996 508 οὐ
1041 450 1149 524 γὰρ
1190 455 1255 523 τῇ
1292 450 1610 522 καθαιρέσει
1656 465 1830 520 προσ-

239 540 427 612 έχουσι
448 541 512 609 τῇ
533 537 861 608 βλεπομένῃ,
893 535 1032 590 άλλά
1055 536 1153 606 τὴν
1178 535 1477 604 μέλλουσαν
1503 533 1831 603 οἰκοδομὴνι

241 623 610 692 φαντάζονται
642 622 744 692 τὴν
780 623 842 674 οὐ
869 621 1226 692 βλεπομένην.
1261 618 1418 672 Οὕτω
1441 617 1506 688 δὴ
1537 619 1630 670 καὶ
1654 615 1833 679 όΘεδς

241 709 422 762 ποιεῖν
485 705 696 778 μέλλων
736 704 996 759 καταλύει
1040 704 1200 775 ἡμῶν
1247 702 1310 755 τὸ
1343 701 1537 772 σῶμα,
1586 702 1681 755 καὶ
1735 700 1831 771 τὴν

243 789 563 844 ἐνοικοῦσαν
593 791 650 842 ἐν
677 789 826 859 αὐτῷ
857 789 1034 860 ψυχὴν
1061 787 1243 856 ἐξάγει
1270 787 1556 858 πρότερον,
1576 785 1830 856 καθάπερ

247 875 305 942 ἐξ
331 875 508 937 οἰκίας
529 873 694 938 τινὸς,
725 874 809 927 ἵνα
832 873 1220 944 λαμπροτέραν
1246 872 1416 940 αὐτὴν
1441 870 1828 940 οἰκοδομήσας,

246 957 390 1029 μετά
405 957 650 1019 πλείονος
687 956 857 1026 αὐτὴν
870 957 1028 1025 δόξης
1045 955 1314 1026 εἰσαγάγῃ
1338 953 1520 1007 πάλιν.
1541 954 1632 1022 Μὴ
1648 953 1829 1006 τοίνυν

241 1045 311 1112 τῇ
349 1039 669 1110 καθαιρέσει
707 1039 1083 1112 προσέχωμεν,
1104 1037 1240 1092 ἀλλά
1275 1040 1342 1108 τῇ
1387 1035 1656 1108 μελλούσῃ
1687 1037 1832 1107 λαμ-

242 1124 494 1195 πρότητι.

316 1208 384 1279 β’.
402 1207 572 1261 Πάλιν
593 1207 884 1279 ἀνδριάντα
913 1224 996 1271 τις
1024 1206 1163 1278 ἔχων
1187 1205 1250 1276 ίῷ
1265 1206 1356 1260 καὶ
1374 1205 1552 1276 χρόνῳ
1571 1205 1830 1277 διεφθαρ-

247 1293 434 1363 μένον,
485 1293 578 1345 καὶ
611 1291 783 1345 πολλὰ
807 1292 916 1345 τῶν
950 1291 1132 1362 μερῶν
1172 1290 1664 1360 ἀποτεθλασμένον,
1699 1306 1830 1342 συν-

242 1375 443 1445 τρίψας
479 1375 642 1429 αὐτὸν
671 1377 752 1438 εἰς
804 1375 1169 1446 χωνευτὴριον
1213 1372 1493 1443 ἐμϐάλλει,
1525 1374 1621 1427 καὶ
1661 1373 1830 1444 τήξας

245 1460 413 1514 αὐτὸν
478 1457 754 1530 ἀκριϐῶς,
817 1457 960 1510 οὕτω
1030 1457 1412 1528 λαμπρότερον
1479 1455 1828 1510 ἀποδίδωσιν.

248 1541 463 1614 Ὠσπερ
484 1539 576 1595 οὖν
603 1543 636 1612 ἡ
675 1543 732 1596 ἐν
769 1541 846 1612 τῷ
886 1541 1236 1612 χωνευτηρίῳ
1275 1540 1534 1610 συντριϐῇ
1562 1542 1662 1594 οὐκ
1691 1541 1832 1610 ἀφα-

245 1626 460 1697 νισμδς,
488 1625 623 1678 ἀλλά
652 1625 1048 1694 ἀνακαινισμός
1100 1624 1182 1688 τίς
1216 1625 1331 1677 ἐστι
1372 1621 1467 1676 τοῦ
1516 1622 1830 1695 ἀνδριάντος

244 1709 482 1763 ἐκείνου·
508 1706 650 1760 οὕτω
674 1706 899 1760 καὶτῶν
932 1705 1218 1776 ἡμετέρων
1246 1708 1514 1776 σωμάτων
1545 1707 1571 1757 6
1600 1705 1833 1770 θάνατος

245 1792 346 1845 οὐκ
368 1789 617 1845 ἀπώλειά
642 1790 725 1853 τίς
748 1790 916 1852 ἐστιν,
935 1788 1070 1842 ἀλλά
1104 1789 1427 1852 ἀνανέωσις.
1454 1789 1623 1842 Ὅταν
1650 1784 1832 1843 τοίνυν

248 1874 386 1947 ῐδῃς,
429 1873 682 1944 καθάπερ
729 1874 789 1926 ἐν
821 1871 1193 1943 χωνευτηρίῳ,
1227 1872 1642 1944 καταρρέουσαν
1674 1872 1830 1942 ἡμῶν

243 1957 346 2026 τὴν
383 1957 562 2027 σάρκα
587 1957 682 2009 καὶ
711 1955 1050 2026 σηπομένην,
1072 1955 1146 2026 μὴ
1177 1951 1308 2024 στῇς
1338 1954 1501 2025 μέχρι
1527 1953 1628 2023 τῆς
1655 1952 1832 2022 ὅψεως

245 2039 471 2110 ταύτης,
503 2037 639 2091 ἀλλά
663 2039 763 2110 τὴν
792 2037 1164 2108 ἀναχώνευσιν
1191 2037 1448 2107 ἀνάμενε·
1469 2037 1566 2090 καὶ¹
1591 2037 1724 2107 μηδὲ
1752 2035 1830 2106 τῷ

251 2121 440 2192 μέτρῳ
469 2120 563 2173 τοῦ
606 2121 1050 2192 παραδείγματος
1081 2120 1358 2192 ἀρκεσθῇς
1383 2120 1579 2191 τούτῳ,
1607 2120 1722 2174 ἀλλ’
1739 2121 1832 2173 ἐπὶ

245 2205 309 2257 τὸ
337 2205 601 2276 πρότερον
635 2203 865 2274 πρόελθε
894 2203 972 2275 τῷ
1004 2204 1169 2274 λόγῳ.
1219 2203 1276 2256 Ὀ
1309 2202 1409 2273 μὲν
1445 2201 1554 2273 γὰρ
1580 2202 1830 2273 ἀνδριαν-

246 2288 468 2350 τοποιὸς
525 2287 758 2357 χαλκοῦν
812 2285 1066 2356 ἐμϐαλὼν
1120 2285 1308 2356 σῶμα,
1361 2286 1420 2338 οὐ
1469 2284 1705 2356 χρυσοῦν
1738 2285 1833 2338 καὶ

248 2371 522 2425 ἀθάνατόν
545 2387 627 2423 σοι
650 2369 945 2423 ἀποδίδωσι
970 2369 1062 2422 τὸν
1091 2370 1405 2442 ἀνδριάντα,
1433 2369 1570 2423 ἀλλά
1597 2368 1833 2439 χαλκοῦν

249 2451 543 2526 ἐργάζεται
580 2453 760 2507 πάλιν·
790 2453 818 2504 6
849 2451 905 2505 δέ
925 2451 1056 2516 Θεὸς
1089 2453 1188 2522 οὐχ
1211 2451 1402 2514 οὕτως,
1445 2451 1582 2506 ἀλλά
1611 2452 1835 2522 πήλινον

249 2537 348 2590 καὶ
399 2535 590 2605 θνητὸν
635 2533 892 2604 ἐμϐαλὼν
926 2535 1104 2605 σῶμα,
1157 2534 1413 2604 χρυσοῦν
1440 2537 1537 2588 καὶ
1568 2535 1835 2589 ἀθάνατον

249 2618 549 2672 ἀποδίδωσί
605 2634 686 2670 σοι
739 2618 832 2672 τὸν
889 2617 1216 2688 ἀνδριάντα·
1264 2617 1505 2688 φθαρτὸν
1554 2617 1725 2689 γὰρὴ
1760 2617 1835 2688 γῆ

247 2700 518 2770 δεξαμένη
551 2700 612 2753 τὺ
640 2700 797 2770 σῶμα
829 2703 918 2754 καὶ
945 2701 1231 2770 ἐπίκηρον,
1271 2699 1546 2771 ἄφθαρτον
1580 2701 1675 2753 καὶ
1701 2701 1837 2770 ἀκή-

249 2802 416 2856 ρατον
447 2783 738 2838 ἀποδίδωσι
766 2784 827 2836 τὸ
852 2783 1004 2837 αὐτό.
1035 2784 1128 2854 Μὴ
1174 2785 1354 2837 τοίνυν
1379 2783 1494 2855 ἴδῃς
1514 2786 1718 2837 ἐκεῖνον
1743 2783 1836 2836 τὸν

252 2869 542 2941 μεμυκότα
593 2870 718 2932 τοὺς
769 2867 1104 2938 ὀφθαλμοὺς,
1138 2867 1231 2921 τὸν
1285 2868 1500 2936 ἄφωνον
1548 2869 1832 2940 κείμενον,

251 2952 390 3006 ἀλλά
446 2953 537 3006 τὸν
586 2951 980 3022 ἀνιστάμενον,
1020 2951 1114 3004 τὸν
1168 2951 1626 3022 ἀπολαμϐάνοντα
1674 2953 1834 3019 δόξαν

247 3037 493 3110 ἄρρητον
521 3037 615 3090 κιιί¹
657 3035 903 3106 φρικώδη
952 3036 1048 3089 καὶ
1093 3035 1434 3107 θαυμαστὴν,
1470 3037 1566 3090 καὶ
1603 3035 1712 3090 ἀπὸ
1737 3037 1838 3108 τῆς

249 3119 537 3191 παρούσης
568 3119 744 3188 ὅψεως
794 3120 932 3188 πρὸς
988 3119 1087 3188 τὴν
1137 3119 1439 3189 μέλλουσαν
1483 3119 1678 3174 ἐλπίδα
1709 3137 1837 3190 μετ-

249 3204 428 3272 ἀγαγε
461 3205 586 3266 τοὺς
617 3202 936 3272 λογισμούς.
988 3202 1149 3254 Ἀλλά
1201 3202 1488 3272 συνήθειαν
1533 3202 1834 3273 ἐπιζητεῖς,

249 3289 350 3342 καὶ
376 3287 466 3341 διὰ
503 3286 664 3339 τοῦτο
685 3286 851 3357 ὀδύρῃ
885 3286 981 3337 καὶ
1009 3285 1266 3357 θρηνεῖς’;
1304 3286 1414 3338 Καὶ
1437 3284 1555 3349 πῶς
1579 3286 1682 3338 οὐκ
1709 3287 1836 3340 ἄτο-

250 3389 378 3436 πον,
409 3373 460 3424 εἰ
499 3371 595 3441 μὲν
622 3371 839 3440 νυμφίῳ
868 3369 928 3421 τὸ
970 3368 1264 3438 θυγάτριον
1285 3365 1456 3439 δοίης,
1498 3364 1618 3422 εἶτα
1655 3370 1837 3425 λαϐὼν

249 3458 332 3518 εἰς
367 3454 584 3524 μακρὰν
608 3455 812 3516 ἐκεῖνος
838 3452 1066 3506 ἀπέλθοι
1089 3452 1295 3523 χώραν,
1324 3453 1420 3506 καὶ
1449 3453 1629 3518 καλῶς
1660 3455 1837 3526 πράτ-

248 3555 361 3593 των
388 3536 679 3606 διατελοίη.
702 3536 868 3607 μηδὲν
894 3535 1144 3606 ἡγεῖσθαι
1179 3535 1352 3588 δεινὸν
1368 3537 1428 3588 τὸ
1444 3538 1835 3609 γεγενημένον,

247 3625 320 3694 τῇ
349 3621 450 3690 τῆς
478 3621 788 3690 εὐπραγίαις
824 3621 982 3691 φήμῃ
1017 3619 1456 3690 παραμυθεῖσθαι
1500 3620 1600 3690 τῆς
1632 3621 1849 3691 ἀποδη.

253 3706 386 3777 μίας
421 3703 522 3757 τὶν
558 3701 816 3772 ἀθυμίαν·
848 3700 1081 3755 ἐνταῦθα
1112 3701 1168 3755 δὲ
1215 3703 1316 3755 οὐκ
1367 3702 1678 3772 ἀνθρώπου,
1714 3705 1839 3758 ούδέ

253 3785 544 3842 συνδούλου
571 3787 735 3850 τινὸς,
771 3785 886 3838 ἀλλ’
917 3784 1083 3838 αὐτοῦ
1116 3784 1212 3837 τοῦ
1257 3786 1531 3838 Δεσπότου
1583 3786 1838 3852 λαϐόντος

251 3871 346 3923 τὸν
376 3870 716 3940 προσήκοντα
737 3909 751 3931 ,
777 3869 965 3936 ἀλγεῖν
1005 3871 1098 3922 καὶ
1119 3867 1207 3922 όδύ
1218 3869 1436 3940 ρεσθαι;

327 3953 437 4004 Καὶ
461 3951 578 4015 πῶς
607 3951 717 4008 οἶόν
743 3969 824 4016 τε,
861 3952 1017 4022 φησὶ,
1052 3952 1126 4024 μὴ
1157 3951 1340 4022 ἀλγεῖν
1367 3952 1651 4024 ἄνθρωπον
1675 3953 1834 4021 δντα;

254 4035 392 4089 Οὐδὲ
421 4034 532 4102 ἐγὼ
574 4035 732 4087 τοῦτο
762 4034 906 4103 λέγω
928 4052 942 4066 ·
979 4035 1100 4087 οὐδέ
1133 4034 1234 4104 τὴν
1263 4033 1520 4104 ἀθυμίαν,
1565 4034 1702 4089 ἀλλά
1735 4038 1836 4109 τὴν

254 4123 504 4176 ἐπίτασιν
533 4122 632 4191 τῆς
675 4119 912 4189 ἀθυμίας
946 4119 1188 4190 ἀναιρῶ·
1221 4119 1284 4172 τὸ
1327 4119 1428 4191 μὲν
1461 4119 1572 4193 γὰρ
1607 4121 1837 4193 ἀθυμεῖν

253 4209 356 4278 τῆς
399 4205 645 4276 φύσεως,
689 4203 750 4256 τὸ
788 4203 844 4255 δέ
887 4203 1028 4273 πέρα
1069 4202 1163 4255 τοῦ
1203 4203 1401 4275 μέτρου
1450 4204 1606 4258 τοῦτο
1661 4208 1838 4260 ποιεῖν

205 4287 224 4306 ¹
261 4289 457 4356 μανίας
497 4288 592 4340 καὶ¹
630 4287 1050 4358 παραφροσύνης
1091 4288 1184 4341 καὶ
1229 4286 1597 4355 γυναικώδους
1632 4289 1834 4361 ψυχῆς.

260 4373 556 4441 Sumam,
601 4370 890 4440 δάκρυσον,
937 4369 1071 4421 ἁλλά
1116 4370 1190 4442 μὴ
1238 4371 1709 4445 ἀποδυσπετήσῃς,
1762 4376 1836 4446 μὴ

254 4455 631 4527 δυσχεράνῃς,
695 4453 770 4524 μή
835 4453 1255 4526 ἀγανακτήσῃς·
1313 4454 1706 4526 εὐχαρίστησον
1758 4459 1838 4530 τῷ

255 4540 609 4608 λαμϐάνοντι,
640 4537 725 4590 ἵνα
762 4535 912 4608 [765]
946 4537 1233 4609 κοσμήσῃς
1264 4536 1356 4590 τὸν
1388 4537 1711 4605 ἀπελθόντα,
1743 4543 1837 4593 καὶ

255 4621 488 4693 λαμπρά
536 4618 710 4672 ταῦτα
757 4619 908 4688 αὐτῷ
957 4619 1263 4690 συμπέμψῃ
1310 4620 1559 4689 ἐντάφια.
1589 4623 1688 4674 Ἂν
1736 4623 1836 4693 μὲν

254 4707 369 4776 γὰρ
401 4703 754 4776 δυσχεράνῃς,
790 4704 1043 4757 κάκεῖνον
1081 4702 1450 4774 καθύϐρισας,
1491 4705 1586 4758 καὶ
1623 4705 1715 4761 τὸν
1741 4707 1837 4762 λα-

256 4791 424 4845 ϐόντα
467 4787 825 4859 παρώξυνας,
873 4789 966 4842 καὶ
1016 4788 1214 4842 σαυτὸν
1266 4788 1641 4859 κατέϐλαψαςο
1685 4793 1751 4846 ἂν
1782 4794 1838 4849 δέ

258 4875 680 4944 αὐχαριστήσῃς,
717 4873 968 4926 κάκεῖνον
1001 4871 1334 4942 ἐκόσμησας,
1366 4872 1460 4925 καὶ
1487 4874 1579 4926 τὸν
1605 4873 1839 4932 λαϐόντα

257 4959 551 5024 ἐδόξασας,
600 4959 692 5010 καὶ
735 4958 932 5010 σαυτὸν
980 4956 1290 5028 ὠφέλησας.
1347 4957 1627 5028 Δάκρυσον
1683 4960 1759 5025 ὡς
1809 4965 1838 5018 ὁ

257 5045 535 5111 Δεσπότης
579 5058 673 5093 σου
723 5041 988 5110 ἐδάκρυσε
1031 5041 1121 5093 τὸν
1147 5039 1421 5110 Λάζαρον,
1458 5041 1632 5114 μέτρα
1670 5045 1839 5110 τιθεὶς

258 5129 392 5198 ἡμῖν
425 5129 518 5179 καὶ
561 5125 790 5188 κανόνας
824 5126 917 5178 καὶ
952 5127 1112 5196 ὄρους
1159 5127 1419 5198 ἀθυμίας,
1449 5124 1544 5190 οὓς
1577 5129 1838 5202 ὑπερϐαί-

257 5211 376 5265 νειν
413 5211 474 5263 οὐ
520 5210 620 5262 δεῖ.
658 5207 814 5262 Οὕτω
848 5209 942 5262 καὶ
993 5209 1205 5275 Παῦλος
1250 5207 1402 5264 εἷπε·
1435 5213 1575 5282 Περὶ
1609 5212 1678 5266 δὲ
1721 5213 1840 5268 τῶν

258 5293 723 5364 κεκοιμημένων,
753 5293 933 5363 φησὶν,
963 5295 1034 5346 οὐ
1064 5294 1216 5349 θέλω
1257 5295 1412 5365 ὑμᾶς
1443 5299 1703 5367 ἀγνοεῖν,
1736 5300 1838 5356 ἵνα

254 5378 341 5449 μὴ
388 5377 700 5447 λυπῆσθε,
743 5378 824 5444 ὡς
869 5377 965 5431 καὶ
1017 5380 1071 5431 al
1122 5379 1324 5433 λοιποὶ
1375 5383 1430 5434 οἱ
1468 5381 1554 5450 μὴ
1594 5382 1840 5452 ἔχοντες

257 5463 498 5520 ἐλπίδα.
521 5461 728 5527 Λυποῦ,
747 5462 931 5532 φησὶν,
957 5461 1092 5514 ἀλλὰ
1111 5461 1184 5533 μὴ
1201 5463 1276 5525 ὡς
1294 5463 1492 5535 Ἕλλην
1518 5467 1545 5516 6
1561 5466 1838 5533 ἀπογινώ-

261 5563 408 5600 σκων
435 5545 806 5610 ἀναστάσεως,
829 5547 857 5598 6
878 5544 1191 5610 ἀπελπίζων
1213 5546 1313 5617 τὴν
1339 5546 1636 5617 μέλλουσαν
1665 5548 1811 5623 ζωήν

343 5676 360 5700 ⁸
381 5680 516 5731 Unus
538 5681 811 5744 οἴκοδομὴν,
838 5681 962 5731 alius
991 5683 1370 5746 οἰκοδομηθῆναι,
1397 5684 1520 5736 alius
1539 5685 1826 5748 οἰκοδομεῖν.

1481 249 1570 306 DE
1608 249 1886 306 LAZARO
1923 247 2172 306 CONCIO
2211 251 2274 307 ν.

3386 255 3526 315 ιοεω

1939 365 2298 436 Αἰσχύνομαι,
2340 365 2684 434 πιστεύσατε,
2724 370 2819 425 καὶ
2854 367 3112 440 ἐρυθριῶ,
3144 368 3230 424 διά
3262 370 3361 442 τῆς
3389 373 3522 440 ἀγο-

1937 450 2034 518 ρᾶς
2073 450 2268 521 χοροὺς
2298 450 2575 518 γυναικῶν
2623 451 2766 524 ὁρῶν
2818 451 3286 523 ἀσχημονοῦντας,
3331 455 3520 524 τρίχας

1931 532 2269 602 τιλλομένας,
2305 533 2598 612 βραχίονας
2625 552 2683 588 τε
2694 536 2987 607 μνομένας,
3019 537 3250 608 παρειὰς
3279 555 3525 612 σπαρατ-

1931 615 2186 684 τομένας,
2242 610 2346 668 ὑπὸ
2396 619 2510 680 τοῖς
2543 616 2844 691 ὀφθαλμοῖς
2893 618 3001 672 τῶν
3035 617 3302 688 Ἑλλήνων
3347 610 3524 675 ταῦτα

1931 699 2212 768 γινόμενα.
2263 699 2328 751 Τί
2384 699 2492 771 γὰρ
2551 701 2650 752 οὐκ
2702 701 2920 771 ἐροῦσιν
2975 704 3206 768 ἐκεῖνοι;
3253 701 3305 755 τί
3355 703 3413 755 δέ
3459 703 3523 758 οὐ

1932 780 2254 850 φθέγξονται
2298 783 2428 852 περὶ
2461 782 2647 854 ἡμῶνς
2681 778 2840 836 Οὗτοί
2875 785 3014 837 εἰσιν
3047 786 3094 837 οί
3135 785 3264 856 περὶ
3296 785 3524 840 ἀναστά-

1934 880 2072 926 σεως
2107 864 2562 933 φιλοσοφοῦντες;
2621 866 2767 919 Πάνυ
2822 883 2903 934 γε.
2941 869 3016 920 Οὐ
3067 866 3174 936 γάρ
3233 865 3520 939 συμϐαίνει

1929 950 2042 1011 τοῖς
2071 947 2304 1018 δόγμασι
2349 948 2418 1001 τὰ
2449 959 2748 1020 γινόμεναι
2781 951 2838 1003 ἐν
2867 952 3074 1022 ῥήμασι
3118 950 3187 1004 τά
3219 952 3348 1022 περὶ
3389 953 3522 1006 ἀνα-

1934 1031 2176 1095 στάσεως
2212 1031 2584 1101 φιλοσοφοῦσι,
2615 1034 2710 1086 καὶ
2750 1037 2808 1086 ἐν
2843 1037 2953 1098 τοῖς
2988 1035 3277 1106 πράγμασι
3307 1035 3374 1088 τὰ
3415 1037 3524 1089 τῶν

1867 1117 1896 1177 ’δ
1931 1115 2328 1182 ἀπεγνωκότων
2373 1116 2650 1170 ποιοῦσιν·
2690 1117 2739 1169 εἰ
2771 1117 3035 1189 ἐθάρρουν
3079 1113 3242 1182 οὗτοι,
3276 1119 3357 1172 ὅτι
3391 1118 3525 1173 ἀνά-

1933 1196 2122 1258 στασίς
2169 1199 2352 1263 ἐστιν,
2405 1198 2507 1251 οὐκ
2557 1197 2623 1251 ἂν
2669 1197 2842 1252 ταῦτα
2891 1199 3184 1269 ἐποίησαν·
3234 1201 3283 1253 εἰ
3331 1217 3524 1253 πεπει-

1932 1279 2088 1344 κότες
2113 1275 2254 1351 ἦσαν
2282 1282 2526 1346 ἑαυτοὺς,
2554 1282 2636 1335 ὅτι
2666 1282 2802 1354 πρὸς
2834 1281 3079 1351 βελτίονα
3107 1283 3256 1354 λῆξιν
3280 1283 3524 1354 ἀπῆλθεν

1932 1359 2117 1426 οὕτος,
2161 1363 2262 1416 οὐκ
2295 1363 2362 1417 ἂν
2403 1364 2735 1436 ἐθρὴνησαν.
2777 1365 2966 1418 Ταῦτα
3013 1365 3106 1418 καὶ
3146 1364 3368 1418 πλείονα
3397 1364 3523 1418 τού-

1931 1463 2040 1500 των
2070 1445 2318 1515 λέγουσιν
2344 1447 2394 1500 οἱ
2419 1447 2636 1501 ἄπιστοι
2661 1448 2768 1501 τῶν
2806 1448 3020 1519 θρήνων
3051 1448 3274 1501 ἐκείνων
3301 1447 3524 1501 ἀκούον-

1931 1544 2043 1592 τες.
2078 1527 2476 1600 Αἰσχυνώμεθα
2508 1530 2706 1596 τοίνυν,
2738 1531 2834 1584 καὶ
2889 1530 3281 1602 σοφρωνῶμεν,
3313 1530 3409 1583 καὶ⁹
3443 1531 3519 1602 μὴ

1932 1610 2200 1683 τοσαύτην
2246 1613 2341 1666 καὶ
2394 1614 2609 1676 ἑαυτοῖς
2664 1615 2906 1677 καὶτοῖς
2951 1613 3122 1685 ὁρῶσι
3172 1613 3521 1685 προξενῶμεν

1930 1693 2031 1764 τὴν
2087 1693 2316 1763 βλάϐην.
2352 1693 2508 1757 Τίνος
2541 1693 2650 1764 γὰρ
2676 1694 2888 1759 ἕνεκεν,
2923 1696 3045 1748 εἰπέ
3103 1711 3192 1765 μοι
3213 1733 3228 1758 ,
3261 1696 3522 1766 δακρύεις

1933 1775 2074 1830 οὕτω
2105 1778 2197 1830 τὸν
2236 1777 2574 1843 ἀπελθόντα;
2620 1779 2703 1831 ὅτι
2744 1779 2978 1850 πονηρὸς
3027 1774 3131 1850 ἧν;
3179 1777 3387 1832 Οὐκοῦν
3433 1777 3522 1830 ὄιά

1932 1859 2092 1912 τοῦτο
2138 1858 2479 1930 εὐχαριστεῖν
2511 1860 2612 1925 δεῖ,
2660 1860 2744 1913 ὃτι
2785 1861 3020 1930 ἐνεκόπη
3066 1859 3148 1912 .τά
3187 1859 3287 1930 τῆς
3323 1860 3519 1922 κακίας

1933 1941 2103 2012 αύτῷ.
2148 1941 2308 1995 Ἀλλά
2351 1942 2588 2014 χρηστὸς
2619 1943 2713 1995 καί¹
2751 1944 3036 2014 ἐπιεικής;
3074 1943 3186 1996 Καὶ
3228 1943 3315 1996 διά
3364 1943 3522 1996 τοῦτο

1932 2025 2144 2106 χαίρειν
2172 2024 2272 2089 δεῖ,
2315 2026 2398 2078 ὅτι
2445 2015 2654 2095 ταχέως
2694 2025 2940 2095 ἡρπάγη,
2989 2026 3119 2096 πρὶν
3166 2025 3200 2096 ἢ
3239 2028 3304 2095 τῇ
3351 2025 3524 2096 κακίᾳ

1934 2106 2140 2178 ἀλλάξῃ
2185 2107 2423 2170 σύνεσιν,
2473 2108 2566 2160 καὶ
2602 2107 2846 2176 ἀπῆλθεν
2879 2109 2958 2172 είς
3008 2108 3208 2178 χωρίον
3251 2108 3380 2161 ἔνθα
3432 2110 3520 2161 ἐπ’

1935 2190 2236 2259 ἀσφαλείας
2277 2189 2463 2243 λοιπὸν
2503 2189 2723 2260 ἔστηκε,
2774 2189 2867 2242 καὶ
2904 2190 3205 2260 μεταϐολὴν
3244 2191 3344 2244 οὐκ
3376 2190 3522 2245 ἔστιν

1939 2273 2282 2327 ὑποπτεῦσαι
2316 2291 2460 2328 τινα.
2499 2272 2659 2325 Ἀλλὰ
2692 2272 2810 2336 νέος
2843 2268 2938 2340 ἦν;
2979 2273 3088 2325 Καὶ
3120 2273 3207 2327 διὰ
3247 2273 3407 2326 τοῦτο
3437 2275 3522 2327 δό-

1936 2354 2098 2421 ξασον
2137 2356 2228 2409 τὸν
2254 2355 2508 2418 λαϐόντα,
2534 2357 2617 2408 ὅτι
2654 2355 2863 2425 ταχέως
2907 2355 3066 2409 αὐτὸν
3110 2357 3244 2428 πρὸς
3271 2357 3371 2426 τὴν
3403 2357 3523 2426 βελ-

1934 2437 2085 2492 τίονα
2134 2437 2288 2510 λῆξιν
2329 2437 2610 2492 ἐκάλεσεν.
2653 2437 2814 2491 Ἀλλά
2867 2437 3226 2508 γεγηρακώς
3278 2441 3388 2493 Καὶ
3435 2440 3522 2493 διὰ

1933 2521 2092 2573 τοῦτο
2121 2520 2536 2590 εὐχαρίστησον,
2566 2521 2660 2573 καὶ
2685 2520 2777 2573 τὸν
2810 2520 3044 2574 λαϐόντα
3077 2520 3300 2584 δόξασον
3336 2522 3518 2576 πάλιν.

1933 2601 2264 2672 Αἰσχύνθητι
2303 2601 2366 2654 τὸ
2404 2602 2592 2673 σχῆμα
2636 2603 2735 2672 τῆς
2765 2605 3034 2672 ἐκφορᾶς⁸
3066 2603 3393 2674 ψαλμῳδίαι,
3427 2606 3523 2658 καὶ

1935 2685 2123 2754 εὐχαὶ,
2161 2683 2256 2738 καί⁹
2297 2683 2550 2754 πατέρων
2596 2683 2870 2752 σύλλογος,
2916 2686 3012 2737 καὶ
3044 2684 3246 2754 πλῆθος
3280 2686 3524 2756 ἀδελφῶν

1934 2768 2209 2832 τοσοῦτον,
2253 2766 2351 2836 οὐχ
2385 2766 2473 2819 ἵνα
2515 2767 2708 2838 κλαίῃς
2751 2768 2846 2820 καὶ
2878 2767 3046 2839 ὀδύρῃ
3086 2768 3181 2821 καὶ
3221 2770 3525 2823 ἀποδυσπε-

1934 2854 2056 2922 τῇς,
2089 2849 2205 2904 ἀλλ’
2238 2849 2326 2903 ἵνα
2355 2849 2687 2920 εὐχαριστῇς
2725 2849 2805 2920 τῷ
2832 2849 3072 2904 λαϐόντι.
3116 2852 3384 2925 Καθάπερ
3412 2854 3522 2925 γὰρ

1933 2935 2062 2997 τοὺς
2115 2931 2203 2986 ἐπ’
2231 2931 2406 3003 ἀρχὴν
2461 2932 2832 3002 καλουμένους
2889 2933 3077 2986 πολλοὶ
3135 2936 3522 3006 προπέμπουσι

1934 3019 2056 3080 ταῖς
2089 3016 2410 3086 εὐφημίαις,
2446 3014 2590 3068 οὕτω
2620 3017 2712 3070 καὶ
2745 3016 2853 3070 τῶν
2887 3017 3058 3084 ἁγίων
3085 3019 3210 3080 τοὺς
3240 3019 3522 3083 ἀπιόντας.

1936 3097 2034 3152 ἆτε
2085 3099 2181 3152 ἐπὶ
2239 3097 2460 3168 μείζονα
2513 3097 2815 3168 κληθέντας
2875 3099 3063 3169 τιμὴν,
3119 3101 3258 3169 μετά
3321 3101 3524 3172 πολλῆς

1936 3181 2179 3245 ἅπαντες
2207 3181 2598 3253 προπέμπουσι
2626 3181 2728 3250 τῆς
2757 3181 3058 3251 εὐφημίας.

2020 3264 2350 3328 Ἀνάπαυσίς
2388 3267 2535 3316 ἐστιν
2561 3266 2588 3316 6
2617 3263 2870 3331 θάνατος,
2905 3263 3141 3336 ἱδρώτων
3171 3265 3266 3319 καὶ
3309 3267 3525 3338 φροντί-

1936 3349 2044 3403 δων
2089 3347 2344 3419 βιοτικῶν
2392 3347 2707 3418 ἀπαλλαγή.
2741 3347 2910 3401 Ὅταν
2957 3342 3050 3402 οὖν
3094 3348 3210 3420 ἴδῃς
3246 3349 3369 3402 τινὰ
3415 3351 3526 3404 τῶν

1937 3432 2322 3503 προσηκόντων
2365 3429 2670 3484 ἀπελθόντα
2706 3429 2990 3495 ἐντεῦθεν,
3034 3431 3109 3502 μὴ
3155 3432 3523 3504 δυσχεράνῃς,

1937 3514 2077 3568 ἀλλά
2126 3513 2489 3585 κατανύγηθι,
2527 3513 2664 3586 πρὸς
2712 3514 2937 3568 σεαυτὸν
2972 3515 3252 3578 ἐπάνελθε,
3289 3515 3349 3568 τὸ
3401 3534 3526 3569 συν-

1938 3599 2076 3662 ειδδς
2108 3599 2386 3664 ἐξέτασον,
2421 3600 2695 3670 σκόπησον
2735 3600 2816 3653 ὅτι
2857 3598 2950 3652 καὶ
2981 3599 3042 3652 σέ
3075 3600 3268 3670 μικρὸν
3299 3600 3524 3672 ὕστερον

1937 3681 2096 3735 τοῦτο
2130 3682 2283 3753 μένει
2313 3682 2375 3735 τὸ
2401 3682 2577 3746 τέλος.
2607 3682 2770 3736 Γενοῦ
2803 3683 3240 3754 σωφρονέστερος
3259 3683 3351 3736 καὶ
3377 3685 3526 3748 δέξαι

1939 3764 2105 3833 φόϐον
2148 3765 2256 3817 ἀπὸ
2296 3764 2396 3834 τῆς
2429 3765 2614 3838 ἐτέρου
2653 3765 2936 3836 τελευτῆς,
2968 3765 3064 3819 καὶ
3111 3765 3381 3838 ρᾳθυμίαν
3422 3785 3523 3821 πει

1943 3847 2164 3918 ρίκοψον
2199 3847 2434 3912 ἃπασαν,
2479 3849 2798 3917 ἀναλόγισαι
2834 3849 2904 3901 τά
2955 3849 3338 3919 πεπραγμένα,
3381 3850 3526 3924 διόρ-

1940 3929 2113 4014 θωσον
2131 3931 2220 4014 ετά
2251 3931 2635 4002 ἡμαρτημένα,
2671 3933 2902 4002 ἀρίστην
2936 3932 3160 4003 ποίησον
3197 3933 3520 4007 μεταϐολήν.

1939 4013 2127 4084 Τούτῳ
2144 4013 2522 4085 ίδιεστήκαμεν
2547 4014 2656 4067 τῶν
2688 4014 3060 4084 ἁπίστωνιτῷ
3095 4015 3305 4085 κρίσεις
3321 4017 3525 4088 ¹ἐτέρας

1938 4097 2068 4169 περὶ
2116 4096 2227 4151 τῶν
2286 4098 2628 4168 πραγμάτων
2696 4096 2860 4167 ἔχειν.
2905 4098 3039 4168 Ὀρᾷ
3085 4097 3178 4151 τὸν
3221 4099 3448 4169 ούραιὸν
3492 4103 3524 4155 6

1939 4181 2198 4244 ἄπιστος,
2250 4181 2346 4232 καὶ
2393 4181 2727 4250 προσκυνεῖ⁹
2777 4179 2896 4234 θεὸν
2929 4181 3038 4251 γάρ
3097 4177 3236 4234 εἶναι
3280 4181 3520 4252 νομίζεν

1939 4264 2042 4335 ὁρᾷ
2097 4263 2196 4333 τὴν
2243 4263 2369 4334 γῆν,
2418 4262 2569 4334 [766]
2609 4264 2706 4318 καὶ
2758 4263 3068 4335 θεραπεύει,
3122 4265 3215 4317 καὶ
3271 4265 3406 4336 πρὸς
3453 4269 3522 4322 τά

1940 4347 2174 4417 αἰσθητά
2206 4348 2454 4418 κέχηνεν.
2494 4347 2634 4400 Ἀλλ’
2667 4350 2827 4420 ἡμεῖς
2859 4350 2957 4420 οὐχ
2999 4349 3172 4415 οὕτως
3191 4367 3205 4380 ·
3235 4352 3352 4405 ἀλλ’
3383 4354 3522 4426 όρῶ-

1944 4450 2042 4502 μεν
2068 4431 2159 4484 τὸν
2187 4430 2436 4501 οὐρανὸν,
2476 4432 2571 4484 καὶ
2600 4431 2692 4484 τὸν
2726 4433 3062 4503 πεποιηκότα
3103 4434 3265 4488 αὐτὸν
3305 4435 3521 4508 θαυμά-

1941 4515 2140 4583 ζομεν·
2174 4514 2234 4566 οὐ
2265 4513 2374 4584 γὰρ
2433 4513 2553 4567 θεὸν
2608 4514 2791 4580 αὐτὸν,
2849 4514 2965 4568 ἀλλ’
3017 4515 3177 4587 ἔργον
3215 4513 3354 4572 εἶναι
3383 4520 3518 4574 Θεοῦ

1942 4597 2412 4666 πεπιστεύκαμεν.
2454 4595 2597 4668 Ὀρῶ
2645 4597 2744 4668 τὴν
2795 4599 2972 4652 κτίσιν
3032 4600 3272 4666 ἃπασαν,
3325 4603 3418 4656 καὶ
3451 4603 3520 4656 δι’

1941 4679 2114 4748 αὐτῆς
2171 4680 2618 4751 χειραγωγοῦμαι
2661 4680 2802 4751 πρὸς
2855 4681 2948 4736 τὸν
2995 4683 3347 4755 δημιουργόν.
3387 4686 3520 4757 Ὁρᾷ

1940 4762 2170 4818 πλοῦτον
2199 4765 2426 4827 ἐκεῖνος,
2461 4765 2556 4816 καὶ
2600 4763 2799 4835 κέχηνε
2836 4766 2930 4819 καὶ
2955 4766 3369 4840 ἐκπέπληκται·
3408 4770 3520 4840 ὁρῶ

1941 4845 2172 4901 πλοῦτον
2215 4845 2348 4914 ἐγὼ,
2388 4845 2484 4900 καὶ
2515 4847 2825 4916 καταγελῶ.
2859 4849 2993 4920 Ὁρᾷ
3043 4851 3232 4905 πενίαν
3278 4853 3482 4916 ἐκεῖνος
3500 4891 3518 4917 ,

1940 4929 2037 4983 καὶ
2070 4928 2350 5001 όδύρεται”
2385 4929 2498 5002 ὁρῶ
2530 4931 2720 4985 πενίαν
2745 4930 2878 5001 ἐγὼ,
2907 4931 3000 4986 καὶ
3027 4933 3348 5006 ἀγάλλομαι.
3381 4936 3523 4990 Ἑτέ·

1945 5030 2052 5083 ρως
2080 5011 2193 5082 ἐγὼ
2227 5012 2410 5082 βλέπω
2436 5012 2508 5066 τά
2545 5014 2868 5085 πράγματα,
2911 5016 3005 5070 καὶ
3046 5017 3248 5089 ἑτέρως
3288 5020 3514 5082 ἐκεῖνος.

1940 5094 2101 5151 Οὕτω
2149 5098 2244 5150 καὶ
2289 5098 2381 5151 ἐπὶ
2424 5095 2519 5151 τοῦ
2571 5098 2802 5153 θανάτου
2849 5097 3144 5168 ποιοῦμενο
3193 5101 3296 5171 ὁρᾷ
3326 5102 3520 5174 νεκρὸν

1942 5179 2167 5246 ἐκεῖνος,
2213 5181 2308 5234 καὶ
2347 5180 2556 5252 νομίζει
2585 5183 2778 5252 νεκρὸν
2806 5178 2943 5237 εἶναι
2969 5201 2984 5214 ο
3018 5184 3130 5255 όρῶ
3167 5185 3358 5256 νεκρὸν
3386 5186 3518 5257 ἐγὼ,

1942 5265 2036 5318 καὶ
2079 5263 2246 5319 ὕπνον
2279 5265 2401 5318 ἀντὶ
2448 5265 2678 5320 θανάτου
2717 5265 2919 5336 βλέπω.
2963 5269 3074 5322 Καὶ
3121 5268 3375 5341 καθάπερ
3424 5272 3514 5326 ἐπὶ

1942 5348 2049 5402 τῶν
2075 5350 2418 5421 γραμμάτων
2443 5352 2556 5414 τοῖς
2591 5349 2692 5421 μὲν
2718 5350 2901 5414 αὐτοῖς
2929 5351 3143 5423 ὁρῶμεν
3165 5352 3302 5407 αὐτὰ
3327 5353 3521 5423 ὀφθαλ-

1945 5435 2073 5503 μοῖς·
2104 5433 2157 5484 οἵ
2190 5450 2249 5485 τε
2283 5432 2507 5497 εἰδότες,
2536 5432 2590 5485 οἵ
2620 5448 2680 5484 τε
2730 5433 3051 5500 ἀγνοοῦντες
3091 5435 3161 5490 τά
3193 5436 3519 5510 γράμματα,

1941 5516 2000 5568 οὐ
2026 5518 2092 5587 τῇ
2119 5515 2261 5586 αὐτῇ
2287 5515 2345 5568 δὲ
2371 5515 2602 5586 διανοίᾳ,
2629 5515 2745 5569 ἀλλ’
2777 5517 2826 5569 οἱ
2860 5518 2960 5589 μὲν
2985 5519 3086 5573 οὐκ
3110 5519 3312 5584 εἰδότες
3342 5523 3518 5594 γράμ-

1947 5616 2112 5668 ματα,
2139 5599 2328 5666 ἁπλῶς
2365 5595 2508 5654 εἷναι
2546 5599 2828 5669 νομίζουσι
2871 5600 2942 5654 τὰ
2998 5602 3324 5675 βλεπόμενα,
3365 5607 3414 5658 οί
3462 5604 3521 5657 δὲ

1948 5683 2296 5755 ἐπιστάμενοι
2329 5685 2468 5756 μετὰ
2511 5684 2714 5756 πολλῆς
2749 5685 2945 5758 τέχνης
2977 5687 3070 5743 τὸν
3101 5689 3515 5759 ἐναποκείμενιν
