4030 6136
543 257 672 316 1021

540 371 665 427 νοῦν
689 367 1066 437 ἀναλέγονται·
1098 365 1242 421 οῦτω
1265 367 1329 436 δὴ
1373 366 1469 418 καὶ
1502 366 1594 418 ἐπὶ
1621 369 1732 420 τῶν
1768 368 2110 436 πραγμάτων

541 456 656 517 τοῖς
693 453 792 523 μὲν
821 452 1006 513 αὐτοῖς
1050 448 1345 519 ὀφθαλμοῖς
1374 448 1588 520 ὁρῶμεν
1621 447 1690 501 τά
1723 446 2110 516 συμϐαίνοντα,

543 537 605 589 οὑ
653 537 719 606 τῇ
755 535 894 604 αὺτῇ
927 532 983 586 δὲ
1037 531 1244 602 διανοίᾳ
1288 532 1380 584 καὶ
1422 530 1636 602 γνώμῃ.
1688 531 1751 584 Οί
1791 529 1970 584 τοίνυν
2017 529 2112 581 ἐπὶ

519 616 648 690 ,τῶν
702 616 877 670 ἄλλων
927 614 1179 668 ἁπάντων
1226 613 1568 685 διεστηκότες
1612 613 1812 678 αὐτῶν,
1865 613 1924 666 ἐν
1989 614 2111 676 ταῖς

541 701 668 770 περὶ
697 698 790 752 τοῦ
823 697 1052 753 θανάτου
1085 698 1450 768 συμπέσωμεν
1484 694 1712 767 ψήφοις,

610 791 681 853 γ’.
711 783 992 854 Ἐννόησον
1025 778 1162 848 πρὸς
1184 780 1306 833 τίνα
1321 779 1554 850 ἀπῆλθε,
1587 780 1679 832 καὶ
1695 778 1826 832 λαϐὲ
1855 794 2114 848 παραμυ-

540 866 695 921 θίανο
751 866 880 920 ἔνθα
929 863 1138 927 Παῦλός
1171 865 1340 928 ἐστιν,
1392 862 1522 915 ἔνθα
1569 862 1794 932 Πέτρος,
1825 860 1954 915 ἔνθα
2003 861 2112 913 τῶν

542 952 711 1019 ἁγίων
736 951 764 1002 6
781 948 940 1022 χορὸς
960 948 1135 1011 ἅπας·
1166 947 1418 1018 ἐννόησον
1441 945 1558 1008 πῶς
1585 945 1963 1014 ἀναστήσεται,
1989 943 2110 1012 μεθ’

539 1034 671 1102 ὅσης
696 1032 854 1101 δόξης
901 1032 996 1084 καὶ
1042 1029 1426 1100 λαμπρότητος
1445 1044 1459 1058 ·
1513 1027 1764 1096 ἐννόησον
1788 1027 1871 1079 ὅτι
1901 1025 2112 1078 πενθῶν

539 1117 634 1170 καὶ
664 1115 988 1184 ὀδυρόμενος
1017 1111 1140 1166 οὔτε
1168 1113 1228 1165 16
1260 1110 1623 1182 γεγενημένον
1653 1109 1860 1179 δυνήσῃ
1889 1107 2110 1180 διορθώ·

541 1197 738 1250 σασθαι
768 1198 881 1260 τοῖς
924 1197 1198 1267 ὀδυρμοῖς,
1257 1195 1352 1246 καὶ
1386 1192 1581 1246 σαυτὸν
1629 1191 1998 1260 καταϐλάψεις
2041 1189 2112 1245 τὰ

537 1281 771 1351 ἔσχατα⁹
803 1279 1054 1350 ἐννόησον
1076 1278 1227 1340 τίνας
1259 1279 1396 1348 μιμῇ
1418 1276 1576 1329 τοῦτο
1604 1275 1792 1338 ποιῶν,
1817 1275 1913 1329 καὶ
1943 1274 2111 1344 φεῦγε

538 1366 638 1433 τὴν
655 1363 937 1418 κοινωνίαν
958 1365 1058 1432 τῆς
1083 1360 1372 1432 ἁμαρτίας.
1398 1360 1561 1422 Τίνας
1588 1357 1682 1412 οὖν
1719 1360 1858 1430 μιμῇ
1898 1358 1992 1410 καὶ
2015 1358 2112 1428 ζη-

537 1450 649 1511 λοῖς
675 1465 691 1513 ;
725 1447 864 1510 Τοὺς
896 1443 1159 1507 ἀπίστους
1185 1455 1233 1509 ι,
1259 1445 1384 1506 τοὺς
1418 1443 1518 1496 οὐκ
1539 1443 1761 1513 ἔχοντας
1785 1441 1995 1506 ἐλπίδα,
2013 1458 2112 1494 κα-

539 1530 715 1601 θάπερ
739 1530 834 1583 καὶ
857 1529 886 1580 6
916 1527 1128 1590 Παῦλος
1169 1521 1354 1580 εἶπεν·
1389 1525 1524 1580 Ἵνα
1573 1525 1650 1592 μὴ
1691 1524 1993 1592 λυπῆσθε,
2030 1523 2112 1590 ὡς

537 1614 637 1667 καί
669 1615 724 1666 οἱ
749 1610 950 1666 λοιποί
979 1613 1033 1664 οί
1053 1609 1140 1679 μὴ
1168 1609 1414 1678 ἔχοντες
1438 1609 1676 1664 ἐλπίδα.
1735 1609 1844 1662 Καὶ
1877 1608 2112 1678 πρόσεχε

533 1700 604 1766 τῇ
633 1695 727 1750 τοῦ
762 1695 1001 1766 ῥήματος
1025 1693 1310 1764 ἀκριϐείᾳ·
1337 1694 1398 1745 οὐ
1423 1693 1531 1763 γὰρ
1563 1690 1736 1755 εἶπεν,
1767 1693 1830 1746 Οἱ
1863 1691 1937 1763 μὴ
1963 1692 2111 1761 ἕχον-

495 1809 500 1814 -
536 1800 629 1846 τες
657 1769 848 1835 ἐλπίδα
872 1782 1240 1844 ἀναστάσεως,
1266 1779 1381 1832 ἀλλ’
1414 1779 1621 1843 ἁπλῶς,
1659 1783 1721 1832 οι
1747 1777 1832 1848 μὴ
1865 1778 2111 1846 ἔχοντες

533 1865 772 1920 ἐλπίδα.
815 1866 872 1918 '0
893 1865 1002 1935 γὰρ
1037 1864 1227 1916 ἐλπίδα
1254 1863 1354 1933 τῆς
1402 1864 1519 1916 ἐκεῖ
1564 1863 1795 1933 κρίσεως
1826 1861 1900 1934 μὴ
1932 1861 2071 1932 έχων
2094 1900 2109 1925 ,

535 1948 791 2018 οὐδεμίαν
817 1947 1008 2001 ἐλπίδα
1047 1945 1181 2017 ἔχει,
1214 1947 1321 1999 οὐδ’
1346 1947 1431 1999 ὅτι
1455 1945 1585 2008 Θεός
1612 1947 1761 1998 ἐστιν
1789 1941 1931 1998 οἶδεν
1950 1985 1965 2007 ,
2001 1945 2110 1999 οὐδ’

536 2033 619 2086 ὅτι
651 2033 957 2102 προνοεῖται
986 2031 1096 2083 τῶν
1135 2031 1417 2100 παρόντων
1467 2030 1837 2100 πραγμάτων,
1889 2029 1998 2080 οὐδ’
2027 2029 2110 2081 ὅτι

535 2116 604 2170 τὰ
634 2115 813 2170 πάντα
841 2115 962 2168 θεία
984 2132 1068 2178 τις
1091 2115 1262 2184 ἐφορᾷ
1291 2114 1436 2184 δίκη.
1480 2114 1538 2166 '0
1557 2112 1728 2164 ταῦτα
1753 2111 1810 2164 δὲ
1836 2112 1935 2164 οὐκ
1956 2112 2112 2176 εἰδὼς

536 2199 659 2253 οὐδὲ
689 2199 948 2270 νομίζων,
985 2198 1176 2268 θηρίου
1210 2197 1409 2257 παντός
1445 2197 1592 2248 ἐστιν
1623 2193 1980 2266 ἀλογώτερος,
2018 2198 2112 2250 καὶ

536 2284 736 2352 νόμους
757 2284 853 2335 καὶ
875 2283 1196 2353 δικαστήρια
1225 2280 1321 2334 καὶ
1343 2280 1576 2348 θεσμοὺς
1605 2280 1700 2333 καὶ
1716 2279 1894 2332 πάντα
1926 2279 2111 2344 ἁπλῶς

536 2367 607 2420 τά
629 2365 808 2434 ἀγαθά
837 2365 944 2419 ἀπὸ
973 2365 1074 2433 τῆς
1095 2365 1301 2428 οίκείας
1329 2363 1579 2436 ἐξορίσας
1601 2363 1808 2433 ψυχῆς·
1838 2365 1867 2416 ὁ
1893 2362 2001 2433 γὰρ
2035 2365 2109 2434 μὴ

536 2449 853 2522 προσδοκῶν
870 2449 1097 2512 εὐθύνας
1115 2449 1331 2518 ὑφέξειν
1354 2451 1462 2503 τῶν
1486 2451 1911 2522 πεπραγμένων,
1931 2451 2112 2519 πάσης

539 2535 639 2605 μὲν
671 2534 872 2606 ἀρετῆς
917 2531 1197 2601 ἀφέξεται,
1241 2535 1417 2603 πάσης
1450 2533 1506 2585 δὲ
1557 2532 1757 2595 κακίας
1810 2531 2107 2594 ἀνθέξεται.

537 2617 705 2671 Ταῦτ’
726 2611 819 2670 οὖν
841 2618 1208 2686 ἐννοήσαντες,
1232 2616 1326 2667 καὶ
1349 2615 1447 2684 τὴν
1477 2614 1662 2666 ἄνοιαν
1691 2615 1784 2666 καὶ
1813 2614 1909 2684 τὴν
1931 2631 2111 2683 παρα-

537 2701 770 2772 πληξίαν
789 2699 898 2753 τῶν
926 2699 1210 2768 Ἑλλήνων,
1237 2693 1320 2760 οἷς
1346 2696 1707 2766 κοινωνοῦμεν
1732 2696 1818 2748 διά
1847 2697 1953 2748 τῶν
1979 2696 2112 2767 θρή-

537 2804 664 2849 νων,
701 2782 1070 2853 λογισάμενοι,
1117 2780 1406 2850 φεύγωμεν
1451 2779 1548 2850 τὴν
1581 2779 1714 2850 πρὸς
1749 2779 1946 2842 αὐτοὺς
1977 2795 2110 2849 συμ-

535 2867 764 2938 φωνίαν.
800 2865 900 2919 Διά
915 2864 1024 2936 γὰρ
1049 2863 1206 2917 τοῦτο
1223 2864 1316 2917 καὶ
1345 2861 1555 2926 Παῦλος
1577 2863 1755 2916 αὐτῶν
1773 2861 2106 2934 ἀνεμνήσθη,

539 2953 626 3006 ἵνα
663 2950 764 3022 τὴν
793 2947 1017 3014 ἀτιμίαν
1051 2946 1310 3016 ἐννοήσας
1342 2945 1478 3016 πρὸς
1508 2945 1575 3016 ἢν
1623 2944 2009 3008 καταπίπτεις,
2044 2947 2110 2998 ἐκ

535 3035 634 3106 τῆς
663 3033 799 3104 πρὸς
820 3031 1061 3094 ἐκείνους
1081 3029 1396 3100 συμφωνίας
1411 3027 1707 3099 ἀνανήψῃς,
1733 3028 1826 3081 καὶ
1851 3027 1988 3098 πρὸς
2011 3027 2110 3099 τὴν

531 3116 742 3171 οἰκείαν
775 3113 1052 3182 εὐγένειαν
1081 3111 1400 3184 ἐπανέλθῃς.
1443 3110 1553 3164 Καὶ¹
1595 3111 1696 3163 οὑκ
1740 3109 1971 3162 ἐνταῦθα
2013 3111 2111 3180 μό-

535 3217 647 3266 νον,
681 3199 818 3254 ἀλλά
843 3196 1110 3266 πολλαχοῦ
1137 3196 1296 3249 τοῦτο
1316 3197 1458 3248 ποιεῖ
1485 3195 1580 3248 καὶ
1602 3194 1842 3264 συνεχῶς
1873 3197 1901 3247 6
1933 3193 2110 3263 μακά-

538 3301 654 3355 ριος
683 3281 913 3344 Παῦλος.
946 3281 1116 3333 Ὅταν
1144 3278 1256 3349 γὰρ
1289 3278 1596 3345 ἀπαγαγεῖν
1627 3277 1736 3329 τῶν
1777 3277 2110 3346 ἁμαρτημά-

531 3384 643 3423 των
680 3364 954 3436 βούληται.
1006 3363 1246 3434 δείκνυσι
1296 3361 1406 3412 τίσι
1448 3357 1812 3428 κοινωνοῦμεν
1867 3359 1957 3412 διά
2001 3359 2109 3413 τῶν

535 3449 970 3523 ἁμαρτημάτων,
986 3447 1072 3499 ἵνα
1087 3449 1151 3516 τῇ
1177 3443 1421 3513 ποιότητι
1447 3442 1539 3496 τοῦ
1561 3443 1852 3514 προσώπου
1869 3442 2108 3514 δηχθεὶς,

534 3535 633 3605 τὴν
661 3531 945 3586 κοινωνίαν
970 3529 1168 3599 φύγῃς.
1203 3524 1660 3579 Θεσσαλονικεῦσι
1693 3525 1823 3593 γοῦν
1859 3526 2106 3597 γράφων,

534 3616 707 3678 οὕτως
730 3615 916 3683 ἔλεγεν
935 3631 948 3644 ·
982 3611 1275 3674 Ἕκαστος
1298 3607 1365 3660 τὸ
1388 3607 1603 3661 ἑαυτοῦ
1627 3606 1798 3675 σῶμα
1831 3608 1858 3648 1³
1887 3608 2108 3663 κτᾶσθε

535 3698 607 3750 ἐν
641 3693 913 3764 ἁγιασμῷ
941 3693 1040 3746 καὶ
1070 3690 1228 3760 τιμῇ,
1257 3687 1341 3757 μὴ
1370 3689 1440 3741 ἐν
1461 3687 1631 3741 πάθει
1654 3689 1907 3758 ἀτιμίας,
1930 3691 2110 3744 καθά-

536 3803 649 3856 περ
669 3787 812 3853 ἔθνη
845 3783 916 3838 τὰ
926 3783 1011 3852 μὴ
1028 3782 1224 3836 εἰδότα
1255 3781 1420 3835 Θεόν.
1454 3779 1566 3831 Καὶ
1593 3779 1780 3832 πάλιν·
1801 3781 1894 3848 Μὴ
1915 3783 2110 3846 καθὼς

535 3872 611 3925 τὰ
656 3870 840 3925 λοιπὰ
886 3868 1031 3935 ἔθνη
1084 3864 1233 3938 [767]
1309 3861 1679 3932 περιπατεῖτε
1751 3864 1818 3917 ἐν
1863 3867 2108 3932 ματαιό-

535 3971 667 4022 τητι
714 3952 819 4006 τοῦ
872 3951 1014 4018 νοὸς
1047 3947 1263 4004 αὐτῶν.
1309 3947 1468 4000 υῦτω
1505 3946 1570 4016 δὴ
1610 3947 1705 3999 καὶ
1730 3945 1990 4000 ἐνταῦθα’
2025 3950 2108 4002 Οὐ

536 4036 690 4093 θέλω
717 4035 788 4089 δὲ
816 4033 970 4104 ὑμᾶς
997 4031 1257 4102 ἀγνοεῖν,
1283 4028 1555 4098 ἀδελφοὶ,
1595 4028 1729 4096 περὶ
1769 4029 1888 4082 τῶν
1921 4047 2110 4083 κεκοι-

533 4123 834 4194 μημένων,
865 4122 966 4173 ἵνα
982 4119 1069 4188 μὴ
1100 4116 1401 4186 λυπῆσθε,
1433 4111 1626 4179 καθὼς
1669 4113 1766 4167 καί
1809 4116 1864 4168 οί
1909 4115 2110 4168 λοιποί

535 4209 591 4260 οι
609 4207 694 4275 μὴ
713 4206 957 4274 ἔχοντες
992 4202 1232 4256 ἐλπίδα.
1251 4201 1325 4253 Οὐ
1346 4199 1453 4268 γὰρ
1481 4201 1515 4270 ή
1537 4197 1696 4266 φύσις
1719 4197 1827 4250 τῶν
1852 4200 2111 4269 πραγμά-

535 4308 670 4353 των,
709 4289 823 4342 ἀλλ’
845 4289 879 4358 ἡ
917 4285 1231 4357 προαίρεσις
1257 4287 1288 4354 ὴ
1321 4283 1566 4354 ἡμετέρα
1597 4280 1786 4335 λυπεῖν
1811 4283 1957 4351 ἡμᾶς
1983 4281 2110 4335 είω-

538 4369 786 4443 θεν-ὀὺχ
819 4375 847 4425 ὁ
882 4371 1106 4433 θάνατος
1124 4367 1216 4421 τοῦ
1240 4367 1584 4430 ἀπελθόντος,
1626 4364 1741 4418 ἀλλ’
1781 4367 1815 4436 ἡ
1856 4365 2110 4420 ἀσθένεια

535 4457 648 4510 τῶν
677 4454 1032 4525 θρηνούντων.
1059 4453 1162 4506 Τὸν
1183 4451 1313 4521 γοῦν
1343 4450 1532 4504 πιστὸν
1569 4449 1721 4503 οὐδὲν
1755 4450 1865 4503 τῶν
1908 4451 2110 4522 παρόν-

535 4557 647 4593 των
685 4539 924 4607 λυπῆσαι
975 4536 1281 4608 δυνήσεται,
1329 4533 1468 4588 ἀλλά
1521 4533 1628 4604 πρὸ
1662 4533 1771 4586 τῶν
1807 4533 2107 4604 μελλόντων

535 4621 755 4691 ἀγαθῶν
783 4621 878 4673 καὶ
902 4621 959 4672 ἐν
981 4619 1060 4689 τῷ
1091 4618 1316 4689 παρόντι
1345 4617 1595 4687 διέστηκε
1617 4617 1725 4671 τῶν
1749 4618 2012 4682 ἀπίστων,
2046 4619 2106 4672 οὐ

541 4705 712 4777 μικρά
729 4701 1128 4774 ἀπολαμϐάνων
1157 4703 1222 4753 ἐκ
1246 4699 1347 4769 τῆς
1371 4699 1513 4752 κατά
1539 4699 1771 4771 Χριστὸν
1791 4699 2107 4769 φιλοσοφίας

450 4826 465 4841 ρ
536 4788 736 4856 ἀγαθὰ,
773 4787 868 4840 καὶ
900 4785 1160 4857 μεγίστην
1191 4785 1255 4837 ἐκ
1297 4783 1490 4837 τούτου
1529 4781 1910 4854 καρπούμενος
1946 4783 2106 4836 εὐθυ-

540 4875 668 4943 μίαν
688 4873 784 4926 κα)⁸
813 4869 1035 4941 διηνεκῆ
1058 4868 1252 4939 χαράν.
1274 4866 1365 4920 Διὸ
1393 4869 1487 4921 καὶ
1502 4868 1530 4919 ὀ
1553 4867 1764 4930 Παῦλός
1781 4885 1913 4939 φησι
1933 4883 1946 4897 ·
1969 4869 2108 4921 Χαί-

545 4973 668 5024 ρετε
689 4956 758 5008 ἐν
778 4954 974 5021 Κυρίῳ
995 4952 1252 5006 πάντοτε
1269 4967 1282 4981 ⁸
1315 4950 1500 5005 πάλιν
1515 4950 1650 5020 ἐρῶ,
1679 4952 1930 5018 χαίρετε.
1948 4950 2109 5005 ’Ὥστε

539 5043 632 5094 καὶ
651 5039 760 5111 πρὸ
791 5038 891 5107 τῆς
918 5037 1265 5098 ἀναστάσεως
1284 5036 1344 5088 οὐ
1376 5035 1577 5106 μικράν
1609 5033 1813 5103 ταύτην
1845 5035 2109 5105 ἐλάϐομεν

521 5125 793 5195 ἀμοιϐὴν,
821 5121 901 5192 τῷ
933 5122 1008 5192 μὴ
1042 5120 1403 5174 καταπίπτειν
1435 5121 1528 5172 ἐπὶ
1555 5118 1745 5188 μηδενὶ
1771 5117 1879 5171 τῶν
1912 5137 2110 5189 συμπιο

539 5209 779 5263 πτόντων
810 5205 1018 5269 δεινῶν,
1049 5204 1182 5258 ἀλλά
1217 5207 1282 5274 τῇ
1319 5203 1428 5256 τῶν
1459 5203 1760 5272 μελλόντων
1793 5202 1967 5255 ἐλπίδι
2002 5221 2108 5256 πα-

540 5291 812 5365 ραμυθίας
839 5288 1131 5343 ἀπολαύειν
1161 5286 1383 5356 πολλῆς.
1418 5286 1629 5356 Ὥσπερ
1651 5279 1743 5337 οὖν
1770 5286 2109 5355 ἑκατέρωθεν

539 5376 697 5446 ἡμεῖς
726 5373 1100 5444 κερδαίνομεν,
1133 5369 1304 5432 οὕτως
1326 5371 1354 5422 6
1383 5366 1610 5431 άπιστος
1636 5367 1976 5439 ἑκατέρωθεν
2011 5387 2108 5423 κα-

601 5559 628 5586 ι
652 5556 735 5605 Sic
754 5568 870 5602 mss.
889 5552 946 5602 In
970 5551 1116 5600 editis
1139 5551 1247 5605 τοὺς
1264 5549 1490 5605 ἀπίστους
1508 5551 1672 5598 deest.

603 5617 632 5656 b
657 5617 767 5665 Mss.
789 5617 846 5663 τὸ
868 5614 1036 5663 ἑαυτοῦ
1061 5611 1249 5675 σκεῦος,
1273 5622 1326 5660 ει
1350 5614 1418 5660 sic
1441 5612 1591 5662 Savil.
1637 5615 1688 5661 in
1713 5625 1865 5675 marg.
1888 5614 1940 5664 in
1967 5619 2106 5663 textu

547 5692 659 5728 vero
680 5691 790 5727 cum
813 5677 931 5726 Mor.
955 5675 1011 5723 16
1041 5673 1211 5724 ἑαυτοῦ
1230 5675 1389 5735 σῶμα.

1261 256 1322 315 S.
1356 254 1647 313 JOANNIS
1675 255 2161 316 CIIRYSOSTOMI
2199 257 2517 316 ARCHIEP.
2558 260 3116 318 CONSTANTINOP.

3638 261 3774 316 1029.

2218 364 2608 433 ταϐλάπτεται,
2650 369 2742 422 καὶ
2763 369 2841 440 τῷ
2866 357 3190 432 κολάζεσθαι
3213 367 3337 422 ῦστε
3347 385 3438 440 ρον
3463 367 3549 423 διὰ
3574 371 3674 442 τὴν
3693 374 3785 441 τῆς

2219 447 2568 513 ἀναστάσεως
2595 451 2876 516 ἀπιστίαν,
2908 453 3003 506 καὶ
3035 450 3113 522 τῷ
3146 452 3509 505 καταπίπτειν
3549 453 3644 504 ἐπὶ
3677 457 3784 518 τοῖς

2218 532 2455 602 παροῦσι
2503 533 2810 605 πράγμασι,
2865 536 2954 590 διά
2981 537 3043 589 τὸ
3090 535 3258 607 μηδὲν
3289 536 3594 607 προσδοκεῖν
3653 539 3786 607 μετά

2216 615 2389 668 ταῦτα
2424 616 2678 687 χρηστόν.
2729 619 2803 671 Οὐ
2837 617 3018 670 τοίνυν
3045 617 3134 671 διά
3171 616 3270 688 τὴν
3305 618 3599 672 ἀνάστασιν
3636 619 3784 688 μόνον

2215 697 2503 768 ὀφείλομεν
2527 699 2868 770 εὐχαριστεῖν
2893 699 2970 772 τῷ
3001 701 3140 772 Θεῷ,
3172 701 3308 754 ἀλλά
3335 701 3428 754 καὶ
3465 701 3552 754 διά
3578 701 3680 772 τὴν
3706 702 3790 754 ἐλο

2218 780 2470 849 πίδαιτῆς
2501 783 2870 848 ἀναστάσεως,
2896 785 2930 856 ἢ
2954 785 3048 838 καὶ
3077 785 3178 856 τὴν
3196 785 3540 855 ὀδυνωμένην
3570 784 3785 840 δύναται

2218 864 2721 935 παραμυθήσασθαι
2749 867 2948 938 ψυχὴν,
2985 869 3080 920 καὶ
3117 870 3302 922 πεῖσαι
3334 865 3462 936 περὶ
3495 867 3605 920 τῶν
3635 869 3786 921 ἀπελ-

2219 945 2420 999 θόντων
2454 946 2700 1019 θαρρεῖν,
2729 949 2805 1012 ὡς
2847 951 3303 1020 ἀναστησομένων
3358 950 3520 1002 πάλιν
3553 951 3647 1002 καὶ
3679 969 3784 1005 συν-

2221 1029 2494 1099 εεομένων
2523 1032 2676 1100 ήμῖν.
2701 1031 2764 1083 Εἰ
2793 1031 2899 1103 γὰρ
2925 1031 3109 1100 ἀλγεῖν
3139 1033 3244 1103 χρὴ
3283 1032 3376 1085 καὶ
3403 1033 3643 1097 πενθεῖν,
3671 1035 3786 1097 τοὺς

2217 1112 2276 1164 ἐν
2307 1113 2602 1183 ἁμαρτίαις
2645 1113 2854 1179 ζῶντας
2895 1115 3108 1169 πενθεῖν
3139 1115 3222 1168 δεῖ
3260 1116 3354 1168 καὶ
3381 1115 3669 1187 ὀδύρεσθαι
3688 1156 3701 1176 ,
3729 1117 3783 1170 οὐ

2217 1195 2364 1271 τοὺς.
2405 1196 2741 1262 ἀπελθόντας
2792 1197 2909 1269 μετ’
2962 1199 3188 1271 ἀρετῆς.
3246 1199 3404 1252 Οὓτω
3447 1201 3542 1254 καὶ
3585 1199 3786 1265 Παῦλος

2219 1269 2391 1331 ποιεῖ·
2425 1279 2733 1351 Κορινθίοις
2786 1281 2895 1351 γάρ
2952 1269 3282 1334 ἐπιστέλλων
3312 1281 3478 1352 φησί·
3525 1281 3625 1347 Μή
3675 1299 3788 1350 πως

2216 1361 2476 1414 ἐλθόντα
2492 1378 2564 1429 με
2579 1363 2726 1430 πρὸς
2753 1361 2910 1430 ὑμᾶς
2923 1362 3261 1431 ταπεινώσῃ
3291 1367 3324 1417 ό
3345 1363 3509 1428 Θεὸς,
3531 1365 3632 1417 καί
3659 1381 3788 1417 πεν-

2219 1443 2385 1509 θήσω
2429 1446 2718 1510 πολλούς.
2778 1441 3059 1500 Οὒκυεῖπε
3090 1447 3197 1502 τῶν
3224 1447 3627 1512 ἀποθανόντων,
3663 1449 3793 1503 ἀλλά

2218 1525 2329 1579 τῶν
2359 1527 2889 1599 προημαρτηκότων,
2937 1528 3034 1581 καὶ
3091 1529 3166 1600 μὴ
3202 1531 3660 1600 μετανοησάντων
3704 1532 3789 1582 ἐπὶ

2219 1611 2284 1680 τῇ
2320 1609 2578 1681 ἀσελγείᾳ
2611 1611 2705 1664 καὶ
2734 1611 3050 1683 ἀκαθαρσία
3139 1613 3383 1683 ἔπραξαν
3407 1629 3421 1643 ·
3465 1613 3691 1676 τούτους
3716 1616 3791 1668 δεῖ

2220 1693 2452 1748 πενθεῖν.
2468 1694 2622 1747 οὕτω
2650 1694 2743 1748 καὶ
2773 1693 3214 1767 ἄλλος’παραινεί
3250 1697 3424 1765 λέγων
3445 1713 3460 1731 ⁶
3505 1698 3789 1754 Κλαῦσον

2218 1774 2316 1828 ἐπὶ
2347 1774 2558 1843 νεκρῷ,
2577 1776 2817 1840 ἐξέλιπε
2842 1779 2948 1848 γὰρ
2967 1777 3094 1846 φῶς
3113 1795 3127 1809 ·
3157 1779 3253 1832 καὶ
3283 1779 3381 1832 ἐπὶ
3401 1780 3579 1850 μωρῷ
3606 1781 3776 1834 κλαῦ-

2219 1875 2356 1924 σον,
2396 1859 2636 1924 ἐξέλιπε
2683 1862 2792 1930 γὰρ
2839 1862 3114 1927 σύνεσις.
3165 1862 3372 1931 Ὀλίγον
3431 1863 3670 1917 κλαῦσον
3705 1864 3791 1919 ἐπὶ

2219 1941 2418 2012 νεκρῷ,
2447 1943 2530 1995 ὅτι
2561 1943 2965 2007 ἀναπέπαυται,
2995 1945 3087 1997 τοῦ
3118 1945 3176 1996 δὲ
3199 1945 3384 2015 μωροῦ
3415 1945 3558 2016 ὑπὲρ
3586 1947 3678 2001 τὸν
3707 1947 3792 2000 θά-

2219 2041 2376 2078 νατον
2396 2027 2429 2095 ἡ
2457 2025 2572 2095 ζωὴ
2607 2028 2835 2096 πονηρά.
2869 2028 2931 2080 Εί
2960 2028 3016 2080 δέ
3047 2031 3074 2081 6
3102 2029 3371 2092 συνέσεως
3408 2030 3789 2100 ἀπεστερημέ-

2219 2123 2308 2169 νος
2328 2107 2619 2172 διαπαντὸς
2639 2108 2786 2173 ἄξιος
2814 2109 2880 2163 ἂν
2907 2109 2992 2180 εἴη
3018 2111 3355 2181 θρηνεῖσθαι,
3382 2111 3566 2182 πολλῷ
3601 2112 3789 2180 μᾶλλον

2218 2191 2247 2244 ὁ
2282 2189 2627 2262 δικαιοσύνης
2666 2192 2894 2262 ἔρημος,
2949 2194 3044 2245 καὶ
3075 2193 3173 2264 τῆς
3221 2193 3366 2247 κατά
3401 2194 3534 2248 Θεὸν
3585 2195 3791 2258 ἐλπιΈος

2219 2272 2608 2336 ἐκπεπτώκώς.
2666 2275 2903 2338 Τούτους
2938 2269 3032 2328 οῦν
3083 2275 3372 2345 πενθῶμεν
3416 2279 3614 2347 ἡμεῖς·
3641 2275 3803 2332 τοῦτο-

2222 2357 2323 2426 μὲν
2356 2357 2463 2428 γὰρ
2491 2357 2604 2428 ἔχει
2634 2357 2825 2428 κέρδος
2853 2358 2914 2411 τὸ
2951 2358 3168 2420 πένθος.
3200 2359 3468 2424 Πολλάκις
3514 2360 3650 2430 γοῦν
3675 2361 3798 2425 τοὺς

2217 2440 2490 2504 τοιούτους
2519 2441 2842 2512 θρηνοῦντες
2871 2441 3325 2514 διωρθωσάμεθα.

2290 2547 2362 2600 Τὸ
2387 2547 2443 2601 δὲ
2467 2548 2561 2601 ἐπὶ
2588 2551 2701 2612 τοῖς
2731 2548 3076 2613 ἀπελθοῦσιν,
3104 2549 3358 2621 ἀνόνητον
3385 2549 3522 2622 ὁμοῦ
3544 2552 3644 2605 καὶ
3671 2553 3792 2622 βλα-

2218 2629 2398 2701 ϐερόν.
2465 2630 2556 2700 Μὴ
2588 2631 2768 2683 τοίνυν
2828 2630 3278 2701 ἀντιστρέψωμεν
3314 2633 3412 2704 τὴν
3456 2634 3638 2699 τάξιν,
3687 2635 3794 2687 ἀλλ’

2218 2710 2491 2782 ἁμαρτίαν
2515 2711 2804 2782 θρηνῶμεν
2839 2712 2998 2782 μόνον
3019 2730 3034 2744 ο
3073 2713 3144 2766 τά
3169 2713 3226 2766 δέ
3256 2715 3392 2768 ἄλλα
3438 2717 3622 2769 πάντα
3642 2757 3658 2778 ,
3698 2717 3795 2770 κᾶν

2217 2795 2414 2859 πενία,
2437 2794 2539 2848 κᾶν
2567 2796 2741 2860 νόσος,
2778 2795 2880 2848 κᾶν
2921 2795 3153 2861 θάνατος
3195 2798 3394 2868 ἄωρος,
3417 2798 3521 2852 κᾶν
3541 2803 3802 2872 ἐπήρεια,

2217 2877 2323 2929 κᾶν
2359 2877 2714 2945 συκοφαντία,
2743 2878 2848 2931 κᾶν
2877 2878 3058 2932 ὁτιοῦν
3090 2881 3408 2953 προσπίπτῃ
3448 2882 3559 2934 τῶν
3589 2883 3796 2954 ἀνθρω·

2217 2958 2386 3011 πίνων
2417 2959 2622 3023 κακῶν,
2658 2959 2836 3013 πάντα
2872 2962 3136 3028 γενναίως
3171 2962 3447 3033 φέρωμεν.
3508 2963 3799 3029 ’Υπόθεσις

2217 3041 2326 3114 γὰρ
2351 3044 2482 3112 ἡμῖν
2508 3042 2578 3096 τὰ
2601 3043 2748 3097 δεινά
2771 3043 2945 3098 ταῦτα
2972 3045 3254 3114 στεφάνων
3279 3045 3388 3100 εἰσ)⁸
3416 3045 3706 3114 πλειόνων,
3736 3048 3798 3102 ἀν

2217 3126 2497 3196 νήφωμεν.

2287 3224 2351 3277 δ’.
2372 3225 2481 3279 Καὶ
2502 3224 2615 3286 πῶς
2636 3225 2780 3278 ἔστιν
2808 3225 3090 3299 ἄνθρωπον
3116 3227 3265 3294 ὅντα,
3288 3229 3442 3297 φησὶ,
3469 3229 3543 3299 μή
3579 3231 3761 3298 ἀλγεῖν
3781 3247 3796 3295 ;

2218 3307 2540 3362 Τούναντίον
2569 3309 2666 3379 μὲν
2696 3305 2787 3362 οὖν
2821 3309 2964 3378 λέγω
2984 3327 2997 3340 ·
3027 3311 3144 3375 πῶς
3176 3311 3324 3365 ἔστιν
3360 3313 3654 3383 ἄνθρωπον
3676 3314 3804 3369 ὄντα

2217 3391 2424 3458 ἀλγεῖν,
2447 3390 2590 3461 λόγῳ
2615 3391 2918 3460 τιμηθέντα
2941 3393 3035 3445 καὶ
3064 3393 3310 3464 λογισμῷ
3335 3433 3350 3459 ,
3386 3396 3480 3446 καὶ
3508 3399 3637 3458 ταῖς
3677 3397 3798 3467 περὶ

2216 3474 2325 3526 τῶν
2365 3473 2665 3544 μελλόντων
2708 3474 2888 3527 ἐλπίσι
2914 3491 2930 3540 ;
2959 3477 3068 3529 Καὶ
3095 3478 3180 3539 τίς
3204 3479 3352 3530 ἐστιν
3372 3517 3388 3542 ,
3425 3478 3486 3539 ὃς
3523 3480 3629 3548 οὐχ
3664 3479 3800 3533 ἑάλω

2217 3557 2292 3626 τῷ
2333 3556 2495 3610 πάθει
2539 3554 2754 3626 τούτῳ;
2797 3557 2954 3627 φησί.
3009 3557 3203 3611 Πολλοὶ
3235 3562 3325 3612 καὶ
3361 3560 3672 3630 πολλαχοῦ,
3709 3564 3795 3614 καὶ

2217 3641 2302 3709 ἐφ’
2335 3639 2492 3710 ἡμῶν
2512 3679 2526 3702 ,
2557 3640 2654 3693 καὶ
2679 3640 2770 3691 ἐπὶ
2798 3641 2905 3693 τῶν
2933 3642 3212 3710 προγόνων
3254 3643 3362 3696 τῶν
3396 3645 3708 3714 ἡμετέρων.
3743 3645 3799 3698 '0

2216 3720 2345 3791 γοῦν
2380 3721 2520 3787 Ἰὼϐ,
2551 3722 2841 3793 ὁλοκλήρου
2888 3723 2982 3775 τοῦ
3025 3725 3188 3794 χοροῦ
3223 3725 3331 3778 τῶν
3378 3727 3592 3779 παίδων
3631 3729 3795 3780 ἀπελ-

2218 3807 2428 3871 θόντος,
2485 3808 2714 3862 ἄκουσον
2769 3808 2823 3861 τί
2877 3824 3070 3876 φησιν·
3115 3808 3168 3860 Ὁ
3226 3810 3440 3877 Κύριος
3484 3809 3736 3872 ἔδωκεν,
3764 3814 3796 3864 ὁ

2219 3893 2434 3957 Κύριος
2465 3890 2742 3958 ἀφείλετο
2763 3906 2778 3920 °
2814 3891 2894 3955 ὡς
2929 3889 3008 3954 τῷ
3027 3892 3222 3958 Κυρίῳ
3249 3892 3481 3956 ἔδοξεν,
3513 3895 3677 3946 οῦτω
3701 3893 3796 3948 καὶ

2220 3973 2369 4046 [768]
2416 3972 2672 4044 ἐγένετο.
2700 3973 3002 4043 Θαυμαστά
3040 3974 3139 4044 μὲν
3167 3971 3259 4028 οῦν
3280 3975 3451 4028 ταῦτα
3481 3977 3582 4029 καὶ
3615 3978 3796 4040 ἁπλῶς

2215 4057 2550 4128 ἀκουόμεναο
2591 4055 2658 4108 ἂν
2685 4055 2741 4108 δὲ
2769 4057 2862 4109 καὶ
2890 4057 3006 4128 μετ’
3030 4058 3314 4128 ἀκριϐείας
3348 4058 3616 4131 ἐξετάσῃς
3640 4061 3796 4124 αὐτὰ,

2216 4141 2337 4192 τότε
2387 4139 2648 4210 μειζόνως
2693 4137 2812 4208 ὄψει
2857 4140 2918 4192 τὸ
2967 4140 3169 4210 θαῦμα.
3224 4141 3506 4211 Ἐννόησον
3546 4143 3680 4212 γὰρ,
3718 4143 3794 4194 ὃτι

2218 4223 2338 4294 οὐχὶ
2374 4223 2498 4286 τοὺς
2543 4222 2760 4292 ἡμίσεις
2788 4221 2979 4277 ἔλαϐεν
3008 4224 3037 4274 6
3079 4222 3342 4285 διάϐολος,
3373 4223 3469 4276 καὶ
3510 4227 3645 4288 τοὺς
3674 4225 3794 4296 ήμί-

2220 4323 2334 4368 σεις
2375 4305 2605 4375 ἀφῆκεν,
2658 4303 2779 4356 οὐδὲ
2821 4305 2948 4368 τοὺς
3001 4305 3253 4369 πλείονας
3301 4305 3495 4370 ἔλαϐε,
3543 4307 3793 4370 καὶτοὺς

2217 4389 2469 4450 ἐλάττους
2535 4388 2779 4457 ἀφῆκενο
2849 4386 2985 4441 ἀλλὰ
3051 4388 3342 4458 ὀλόκληρον
3405 4388 3680 4460 ἐτρύγησε
3709 4391 3792 4441 τὸν

2217 4472 2449 4543 καρπὸν,
2474 4471 2568 4523 καὶ
2599 4471 2659 4523 τὺ
2686 4470 2898 4541 δένδρον
2920 4472 2982 4524 οὐ
3009 4471 3276 4524 κατέϐαλε
3295 4487 3310 4501 ’
3339 4473 3520 4524 πᾶσαν
3547 4474 3791 4542 ἐπήγαγε

2216 4557 2314 4627 τὴν
2353 4556 2620 4610 θάλατταν
2655 4555 2790 4625 μετά
2821 4555 2930 4607 τῶν
2956 4555 3238 4624 κυμάτων,
3285 4556 3378 4610 καὶ
3403 4556 3464 4608 τὺ
3493 4559 3705 4627 σκάφος
3734 4559 3790 4611 οὐ

2217 4639 2634 4694 κατεπόντισενο
2669 4637 2798 4708 ὅλην
2829 4637 2928 4708 τὴν
2976 4637 3206 4708 δύναμιν
3266 4639 3524 4706 ἐκένωσε,
3563 4641 3664 4695 καὶ
3705 4641 3794 4696 τὸν

2217 4723 2426 4794 πύργον
2452 4722 2550 4774 οὐκ
2579 4721 2776 4776 ἔσεισε.

2303 4829 2462 4882 Ἀλλά
2495 4828 2735 4896 εἱστήκει
2762 4825 3024 4879 πάντοθεν
3060 4824 3402 4896 βαλλόμενος,
3433 4827 3528 4880 καὶ
3567 4829 3787 4900 ἀκλινὴς

2219 4912 2416 4984 μένων,
2449 4911 2544 4965 καὶ
2581 4909 2797 4978 νιφάδες
2836 4909 3091 4980 ἐφέροντο
3117 4909 3306 4978 βελῶν,
3331 4910 3424 4962 καὶ
3454 4911 3555 4962 οὐκ
3592 4913 3786 4981 ἐπλήτσ

2215 5012 2368 5049 τετο·
2403 4994 2598 5065 μᾶλλον
2625 4994 2681 5045 δὲ
2713 4993 3023 5062 ἐπέμποντο
3059 4991 3177 5061 μὲν,
3209 4993 3309 5044 οὐκ
3347 4993 3682 5063 ἐτίτρωσκον
3710 4995 3783 5046 δέ.

2229 5079 2508 5148 Ἐννόησον
2539 5079 2661 5131 ὅσον
2699 5077 2835 5142 ἐστὶ,
2869 5075 3154 5138 τοσούτους
3192 5075 3388 5139 παῖδας
3423 5075 3550 5128 ἰδεῖν
3578 5078 3786 5130 ἀπολω-

2216 5162 2392 5226 λότας.
2429 5162 2494 5214 Τί
2543 5162 2651 5232 γάρ
2683 5161 2779 5214 οὐκ
2831 5155 2900 5230 ἦν
2948 5157 3132 5212 ίκακὺν
3179 5158 3426 5225 δάκνειν;
3478 5162 3540 5211 τὸ
3585 5160 3787 5223 πάντας

2216 5244 2648 5316 ἀναρπασθῆναι,
2684 5244 2744 5296 τὸ
2773 5244 2977 5306 πάντας
3009 5241 3200 5312 ἀθρόον
3231 5242 3324 5296 καὶ
3352 5243 3408 5294 ἐν
3450 5243 3634 5314 ἡμέρᾳ
3672 5244 3787 5312 μιᾷ.

2217 5330 2278 5382 16
2313 5333 2370 5382 ἐν
2399 5328 2547 5399 αὺτῷ
2579 5329 2677 5403 τῆς
2713 5327 2930 5398 ἡλικίας
2955 5325 3031 5397 τῷ
3053 5325 3228 5387 ἄνθει,
3257 5325 3320 5378 τὸ
3359 5325 3558 5397 πολλὴν
3588 5327 3788 5397 ἀρετὴν

2218 5410 2708 5480 ἐπιδεδειγμένους,
2741 5409 2802 5462 16
2835 5411 3022 5481 τρόπῳ
3061 5409 3287 5480 τοιούτῳ
3317 5410 3584 5480 τιμωρίας
3621 5427 3788 5462 κατα-

2218 5497 2376 5550 λῦσαι
2414 5495 2505 5549 τὸν
2541 5495 2675 5565 βίον,
2701 5495 2764 5547 τὸ
2807 5494 2945 5563 μετά
2981 5493 3249 5556 τοσαύτας
3290 5493 3504 5564 πληγὰς
3551 5493 3790 5562 ἐσχάτην

2221 5579 2577 5650 ἐπενεχθῆναι
2623 5579 2848 5648 ταύτην,
2886 5578 2946 5631 τὸ
2988 5578 3338 5649 φιλόστοργον
3379 5573 3517 5630 εἶναι
3558 5577 3649 5628 16v
3698 5593 3785 5643 γε-

2220 5665 2554 5735 γεννηκότα,
2607 5665 2667 5718 τὸ
2714 5662 2994 5728 ποθεινοὺς
3047 5658 3185 5716 εἶναι
3236 5664 3359 5727 τοὺς
3416 5660 3786 5726 ἀπελθόντας;
