4030 6136
324 231 457 288 1021

324 357 640 406 contentum
685 345 970 418 colligant;
1017 347 1095 403 sic
1138 356 1190 405 et
1238 349 1290 404 in
1339 349 1469 420 ipsis
1521 351 1681 407 rebus
1724 351 1914 408 iisdem

323 437 496 492 oculis
525 437 766 494 videmus
804 456 867 494 ea
900 443 1027 511 quae
1069 443 1404 512 contingunt,
1454 443 1548 498 sed
1580 459 1686 498 non
1727 445 1913 500 eadem

322 539 505 586 mente
531 538 588 586 et
610 530 813 586 animo.
838 533 920 587 An
951 533 1112 604 igitur
1135 534 1225 604 qui
1253 534 1306 589 in
1337 536 1586 591 omnibus
1613 535 1731 591 aliis
1757 536 1918 591 rebus

321 621 394 676 ab
439 621 544 676 illis
589 622 990 693 discrepamus,
1039 626 1090 680 in
1135 627 1202 682 iis
1249 643 1368 697 qua:
1406 627 1472 683 ad
1514 637 1741 685 mortem
1789 645 1916 701 spe-

323 721 473 768 ctant
499 714 748 770 eumdem
775 731 935 786 quem
973 719 1048 773 illi
1073 719 1336 774 calculum
1367 722 1668 789 ponemus?

392 805 448 860 3.
478 803 665 876 Cogita
690 808 756 862 ad
787 822 944 878 quem
971 808 1162 864 abierit
1187 851 1202 877 ,
1231 818 1285 865 et
1305 813 1725 868 consolationem
1770 814 1912 869 acci-

321 909 390 963 pe
416 911 430 948 :
464 910 530 950 eo
558 897 762 953 scilicet
791 898 876 952 ubi
907 899 1102 954 Paulus
1126 911 1230 967 est,
1256 902 1345 958 ubi
1360 903 1569 970 Petrus,
1592 904 1682 958 ubi
1702 914 1916 960 sancto-

321 1002 444 1041 rum
491 988 690 1044 chorus
734 991 928 1046 omnis.
974 990 1158 1063 Cogita
1207 994 1477 1063 quomodo
1517 1006 1914 1053 resurrecturus

321 1080 432 1146 sit,
460 1095 583 1137 cum
612 1093 807 1152 quanta
834 1085 1000 1154 gloria
1030 1095 1085 1141 et
1112 1086 1418 1156 splendore.
1457 1089 1654 1144 Animo
1679 1098 1868 1158 reputa
1894 1130 1912 1156 ,

325 1180 377 1227 te
406 1171 534 1226 ﬂetu
559 1184 615 1228 et
638 1175 887 1248 lacrymis
913 1177 964 1231 in
1004 1192 1064 1232 re
1093 1178 1180 1233 illa
1221 1179 1353 1232 nihil
1396 1179 1798 1252 immutaturum
1828 1181 1912 1236 vel

325 1264 736 1320 emendaturum
760 1307 776 1334 ,
825 1267 918 1323 sed
963 1269 1053 1324 tibi
1085 1270 1184 1339 ipsi
1225 1270 1478 1326 damnum
1524 1272 1709 1342 ingens
1738 1273 1914 1328 illatu-

323 1368 444 1410 rum
477 1375 491 1411 :
521 1358 692 1428 cogita
723 1376 856 1428 qttos
878 1361 926 1415 id
955 1361 1152 1416 faciens
1178 1363 1400 1419 imiteris
1419 1406 1435 1431 ,
1458 1373 1512 1420 et
1547 1364 1666 1435 fuge
1691 1380 1914 1420 consor-

325 1450 459 1502 tium
508 1449 559 1503 in
610 1454 840 1520 peccatis
895 1453 1218 1522 hujusmodi.
1271 1457 1416 1524 Quos
1475 1473 1605 1528 ergo
1648 1459 1913 1515 imitaris?

325 1555 463 1611 quas
509 1543 810 1600 mmularis?
857 1544 1144 1614 lnfideles,
1177 1548 1266 1618 qui
1322 1563 1472 1620 spem
1518 1566 1624 1604 non
1675 1551 1910 1619 habent,

324 1635 777 1704 quemadmodum
806 1645 860 1691 et
885 1636 1081 1694 Paulus
1106 1638 1240 1694 dixit
1273 1657 1286 1692 :
1321 1639 1388 1696 Ut
1409 1657 1509 1694 non
1530 1642 1911 1711 contristemini,

326 1727 456 1780 sicut
476 1738 522 1782 et
546 1729 714 1782 cancri
736 1769 751 1793 ,
783 1729 872 1798 qui
895 1746 1037 1800 spem
1071 1746 1173 1785 non
1199 1731 1402 1786 habent.
1438 1733 1505 1787 Et
1542 1733 1914 1790 animadverte

328 1814 457 1870 dicti
499 1818 894 1873 accurationcm
923 1837 936 1872 :
971 1834 1078 1874 non
1098 1821 1241 1875 enim
1272 1819 1440 1888 dixit,
1481 1824 1570 1893 qui
1618 1836 1769 1893 Spem
1807 1839 1913 1879 non

332 1907 532 1964 habent
558 1911 966 1967 resurrectionis
990 1953 1005 1978 ,
1035 1911 1130 1967 sed
1156 1912 1470 1984 simpliciter
1488 1954 1504 1981 ,
1531 1914 1634 1982 Qui
1655 1932 1794 1985 spem
1814 1933 1916 1970 non

326 2000 530 2053 habent.
559 2000 690 2055 Nam
719 2002 806 2071 qui
831 2016 980 2072 spem
1023 2017 1130 2057 non
1160 2003 1319 2058 habet
1355 2003 1540 2073 judicii
1569 2003 1676 2059 illic
1704 2005 1866 2060 futuri
1894 2045 1912 2071 ,

325 2090 526 2144 nullam
557 2107 707 2161 spem
737 2092 931 2159 habet,
965 2107 1138 2162 neque
1162 2094 1331 2148 Deum
1373 2109 1494 2150 esse
1523 2095 1709 2160 novit,
1739 2111 1916 2165 neque

331 2184 435 2238 scit
461 2199 582 2239 eum
613 2199 700 2240 res
728 2184 990 2239 humanas
1017 2200 1112 2240 sua
1135 2200 1322 2256 regere
1347 2185 1674 2255 providentia
1700 2227 1716 2251 ,
1741 2201 1915 2255 neque

324 2273 561 2329 divinam
602 2276 884 2346 quamdam
927 2276 1188 2346 justitiam
1232 2275 1348 2332 haec
1391 2277 1570 2331 omnia
1627 2277 1913 2346 inspicere.

324 2364 427 2432 Qui
453 2376 632 2421 autem
662 2366 777 2421 lucc
803 2382 908 2421 non
941 2367 1221 2437 intelligit,
1253 2382 1426 2438 neque
1455 2383 1637 2423 secum
1667 2376 1913 2437 reputat,

323 2456 440 2510 fera
483 2457 669 2527 quavis
711 2457 956 2512 stolidior
995 2465 1118 2524 est,
1149 2457 1238 2527 qui
1277 2457 1422 2528 leges
1445 2498 1462 2525 ,
1510 2458 1708 2528 judicia
1732 2499 1748 2525 ,
1793 2458 1914 2528 jura

326 2545 577 2616 bonaque
619 2546 797 2600 omnia
842 2561 910 2601 ex
941 2547 1120 2601 animo
1159 2561 1260 2602 suo
1297 2547 1608 2602 eliminavit.
1641 2547 1740 2615 Qui
1771 2547 1916 2603 enim

327 2652 438 2691 non
462 2647 737 2708 exspectat
777 2653 838 2694 se
885 2638 1178 2695 facinorum
1227 2641 1488 2695 rationem
1537 2640 1914 2708 redditurum,

328 2729 584 2784 virtutem
612 2745 832 2799 prorsus
879 2730 1128 2798 deseret,
1157 2732 1555 2803 nequitiamque
1583 2746 1798 2788 omnem
1831 2748 1918 2790 se-

327 2821 576 2875 ctabitur.
601 2821 724 2877 llaec
747 2823 1044 2892 cogitantes
1063 2865 1077 2890 ,
1109 2838 1173 2879 ac
1214 2825 1492 2880 stultitiam
1523 2826 1918 2898 amentiamque

327 2910 622 2968 Gentilium
644 2953 659 2974 ,
688 2913 1002 2983 quibuscum
1031 2915 1264 2985 lugendo
1284 2917 1742 2972 eommunicamus
1759 2957 1777 2983 ,
1801 2917 1918 2970 ani-

328 3018 421 3058 mo
452 3011 760 3073 reputantes
783 3047 799 3072 ,
828 3022 896 3062 ne
919 3009 1310 3062 committamus
1335 3016 1395 3062 ut
1419 3024 1539 3063 cum
1558 3008 1665 3064 illis
1691 3024 1918 3064 consen-

331 3094 546 3148 tiamus.
593 3095 718 3151 Ideo
760 3113 989 3168 namque
1025 3098 1222 3154 Paulus
1264 3099 1384 3155 illos
1412 3108 1832 3166 commemorat,
1859 3111 1919 3156 ut

331 3185 566 3242 dedecus
610 3188 664 3242 in
704 3190 844 3259 quod
874 3190 1104 3245 incurris
1132 3200 1386 3260 reputans
1411 3231 1427 3257 ,
1460 3193 1528 3247 ab
1553 3191 1765 3247 illorum
1803 3207 1920 3247 mo—

329 3279 480 3334 ribus
507 3279 694 3348 pedem
731 3280 931 3336 referas
957 3323 969 3346 ,
993 3290 1048 3337 et
1072 3280 1138 3337 ad
1166 3282 1430 3352 propriam
1459 3282 1649 3338 redeas
1674 3283 1920 3338 nobilita-

330 3381 439 3425 tem
465 3413 481 3437 ,
513 3386 689 3441 neque
718 3371 805 3428 hic
842 3373 1011 3428 Solum
1036 3415 1050 3439 ,
1085 3372 1180 3429 sed
1221 3375 1380 3430 etiam
1409 3375 1591 3430 multis
1618 3375 1670 3430 in
1697 3375 1827 3431 locis
1856 3391 1918 3433 ac

328 3462 637 3532 frequenter
656 3464 706 3518 id
733 3466 1040 3535 agitbeatus
1059 3466 1270 3522 Paulus.
1301 3467 1433 3522 Cum
1462 3468 1604 3522 enim
1629 3483 1658 3522 a
1685 3468 1919 3538 peccatis

334 3555 448 3608 vult
468 3555 754 3623 abducere,
774 3557 1005 3613 ostendit
1019 3559 1331 3627 quibuscum
1353 3561 1809 3616 communicemus
1826 3577 1920 3630 per

332 3644 444 3714 ipsa
489 3655 728 3715 peccata,
748 3657 806 3702 ut
830 3664 894 3702 ex
925 3663 1168 3718 personze
1193 3649 1498 3705 conditione
1523 3660 1720 3718 motus,
1749 3653 1920 3709 socie-

335 3736 428 3790 tati
459 3739 748 3792 renunties.
771 3738 1334 3796 Thessalonicensihus
1361 3741 1518 3810 igitur
1537 3741 1780 3798 scribens
1799 3783 1815 3809 ,
1845 3743 1916 3798 ita

334 3829 545 3882 dicebat
575 3847 588 3883 :
626 3830 976 3902 Unusquisque
1019 3842 1236 3887 vestrum
1263 3833 1516 3904 possideat
1552 3850 1736 3902 corpus
1771 3851 1920 3889 suum

334 3921 387 3973 in
418 3922 813 3990 sanctiﬁcatione
852 3933 900 3977 et
931 3924 1148 3985 honore,
1194 3941 1296 3978 non
1342 3926 1394 3978 in
1425 3926 1660 3992 passione
1695 3915 1942 3996 ignomi-I

335 4016 462 4079 nite,
489 4017 615 4068 sicut
663 4026 831 4086 gentes
859 4033 973 4089 qua:
1010 4015 1173 4070 Deum
1213 4033 1315 4070 non
1344 4026 1588 4070 noverunt
1617 4016 1693 4084 (1.
1737 4016 1917 4073 Thess.

335 4110 391 4163 4.
421 4109 474 4162 4.
507 4109 594 4178 5).
636 4111 714 4164 Ac
737 4124 923 4164 rursus
957 4128 971 4164 :
1017 4109 1139 4163 Non
1164 4111 1292 4163 sicut
1313 4117 1505 4164 cwterte
1545 4119 1712 4180 gentes
1737 4109 1920 4163 ambu-

336 4200 447 4251 lant
474 4199 524 4251 in
551 4201 766 4252 vanitate
790 4199 957 4252 cordis
986 4200 1064 4252 sui
1092 4199 1256 4268 (Eph.
1293 4200 1348 4254 4.
1381 4200 1502 4267 17).
1535 4199 1624 4255 Sic
1661 4187 1716 4254 et
1743 4200 1796 4254 in
1819 4200 1926 4257 hoc

338 4293 459 4345 loco
490 4306 504 4342 :
537 4289 674 4342 Nolo
697 4305 780 4344 vos
803 4291 1039 4360 ignorare
1059 4329 1076 4354 ,
1107 4294 1287 4360 fratres
1312 4330 1327 4356 ,
1353 4291 1416 4343 de
1444 4289 1804 4345 dormientibus
1823 4329 1842 4355 ,
1865 4300 1926 4362 ut.

336 4399 440 4437 non
464 4381 824 4436 contristemini
851 4381 978 4435 sicut
1006 4389 1054 4434 et
1081 4381 1249 4435 cancri
1268 4419 1283 4445 ,
1313 4381 1398 4449 qui
1422 4397 1560 4451 spem
1586 4397 1689 4434 non
1714 4381 1919 4436 habent.

337 4474 452 4528 Non
479 4473 623 4527 enim
654 4472 731 4542 rei
763 4471 930 4542 ipsius
955 4483 1140 4526 natura
1161 4513 1176 4538 ,
1205 4471 1297 4526 sed
1325 4471 1486 4525 animi
1513 4472 1681 4526 nostri
1722 4487 1921 4542 pr0po-

337 4568 498 4619 situm
529 4565 768 4620 dolorem
797 4565 948 4619 nobis
969 4563 1158 4618 all‘errc
1179 4563 1343 4618 solet:
1364 4577 1470 4616 non
1500 4577 1644 4618 mors
1664 4562 1919 4631 defuncti,

337 4659 433 4714 sed
464 4659 753 4728 lugentium
784 4658 1084 4711 infirmitas.
1121 4655 1354 4712 Fidelem
1378 4656 1555 4726 itaque
1582 4657 1723 4712 nulla
1740 4672 1919 4712 rerum

341 4752 681 4820 praesentium
727 4749 911 4804 dolore
953 4748 1171 4803 afficere
1213 4748 1442 4818 poterit;
1473 4747 1568 4802 sed
1607 4747 1767 4802 etiam
1799 4759 1922 4804 ante

338 4843 514 4896 futura
548 4841 680 4896 bona
712 4851 768 4896 et
792 4841 844 4895 in
869 4840 1118 4909 precsenti
1145 4839 1251 4894 vita
1271 4839 1340 4892 ab
1362 4837 1659 4892 infidelibus
1685 4846 1924 4892 remotus

336 4946 442 5001 cst,
473 4951 580 4989 non
610 4949 772 5004 parva
817 4949 882 4989 ex
925 4933 1258 5003 philosophia
1300 4931 1597 4987 Christiana
1625 4931 1923 5000 percipiens

338 5027 498 5091 bona,
539 5026 931 5096 maximamque
957 5025 1078 5080 inde
1106 5036 1312 5079 metens
1353 5024 1703 5087 alacritatem,
1734 5037 1924 5092 perpe-

339 5128 598 5189 tuumque
624 5117 896 5188 gaudium.
925 5117 1103 5186 Quare
1132 5117 1323 5172 Paulus
1343 5117 1417 5170 ait
1449 5135 1463 5171 :
1494 5115 1719 5169 Gaudete
1742 5116 1795 5169 in
1819 5115 1923 5168 Do-

339 5212 478 5264 mino
503 5227 729 5279 semper,
774 5211 958 5264 iterum
992 5211 1106 5265 dico
1129 5251 1145 5276 ,
1194 5209 1408 5281 gaudete
1435 5208 1694 5280 (Philipp.
1740 5207 1796 5262 4.
1840 5205 1920 5277 4).

338 5303 524 5370 Itaque
553 5303 713 5356 etiam
752 5311 876 5356 ante
919 5303 1373 5357 resurrectionem
1407 5315 1510 5354 non
1543 5315 1758 5368 parvam
1786 5297 1923 5353 hanc

337 5392 642 5448 mercedem
665 5393 988 5462 accipimus,
1018 5393 1158 5462 quod
1187 5393 1237 5445 in
1267 5391 1409 5446 nulla
1448 5390 1800 5445 accidentium
1830 5404 1921 5443 ca-

339 5480 638 5537 lamitatum
687 5484 868 5538 animo
913 5483 1290 5546 concidamus;
1335 5483 1428 5538 sed
1477 5483 1778 5546 futurorum
1827 5496 1922 5551 spe

340 5575 508 5630 multo
539 5573 774 5628 fruamur
812 5575 1024 5630 solatio.
1053 5575 1506 5643 Quemadmodum
1554 5575 1711 5644 igitur
1749 5573 1918 5628 utrin-

345 5682 451 5736 que
477 5668 680 5722 lucrum
706 5665 928 5722 facimus
948 5709 963 5735 ,
992 5667 1064 5722 ita
1092 5666 1318 5723 infidelis
1349 5666 1595 5738 utrinque
1621 5666 1814 5721 damno
1841 5662 1918 5720 af-

1518 237 1607 294 er:
1644 235 1920 296 LAZARO
1965 238 2210 300 CONCIO
2244 243 2311 299 v.
2391 312 2393 314 η

3469 248 3610 306 1022

2021 354 2230 423 ficitur,
2260 365 2313 412 et
2353 357 2496 429 quod
2531 358 2746 415 demum
2791 362 3073 434 puniatur,
3105 369 3229 437 quia
3253 377 3612 435 resurrectio-

2021 461 2142 499 nem
2184 461 2289 502 non
2337 449 2604 519 credidit,
2634 461 2690 510 et
2718 454 2861 523 quod
2898 456 3078 512 animo
3100 459 3346 515 concidat
3369 461 3423 516 in
3468 478 3610 533 prte-

2019 538 2262 593 sentibus
2312 540 2510 609 rebus,
2557 544 2680 612 quia
2725 544 2856 599 nihil
2888 557 3007 616 post
3049 547 3189 604 hanc
3216 550 3378 605 vitam
3421 569 3610 622 sperat

2023 626 2166 681 boni.
2215 627 2331 683 Non
2361 631 2535 686 solum
2576 647 2706 702 ergo
2735 644 2952 704 propter
2995 640 3443 696 resurrectionem
3491 643 3604 698 Deo

1945 736 2010 815 ιδ
2019 718 2216 787 gratias
2241 734 2401 788 agere
2442 721 2702 778 debemus
2721 763 2736 787 ,
2777 723 2870 780 sed
2900 726 3059 782 etiam
3099 739 3316 798 propter
3336 745 3483 799 spem
3511 747 3602 788 re.-

2017 809 2361 863 surrectionis
2379 850 2394 875 ,
2417 826 2535 880 qua:
2555 821 2607 865 et
2629 815 2942 870 mtereutem
2965 816 3200 872 animum
3220 819 3379 874 solari
3399 831 3596 889 potest,

2015 907 2073 954 et
2101 901 2424 974 persuadere
2453 902 2608 957 nobis
2652 913 2711 959 ut
2738 905 2880 960 circa
2925 905 3206 964 defunctos
3237 909 3602 980 confidamus,

2018 1003 2113 1044 eos
2141 1005 2336 1060 nempe
2365 1003 2762 1050 resurrecturos
2785 1037 2800 1061 ,
2829 1011 2892 1052 ac
2917 999 3194 1055 nobiscum
3225 999 3432 1058 futuros
3457 1017 3600 1061 esse.

2017 1079 2152 1135 Nam
2199 1083 2244 1137 si
2275 1097 2508 1139 moerere
2535 1087 2784 1141 convenit
2821 1103 2885 1142 ac
2921 1088 3100 1159 lugere
3122 1131 3138 1157 ,
3161 1092 3375 1162 lugendi
3407 1094 3480 1162 ii,
3513 1097 3602 1165 qui

2019 1173 2074 1227 in
2105 1175 2338 1243 peccatis
2358 1175 2573 1242 vivunt,
2605 1191 2711 1231 non
2761 1177 2798 1231 ii
2847 1179 3084 1248 quicum
3131 1183 3328 1238 virtute
3371 1184 3603 1240 defuncti

2018 1273 2160 1318 sunt.
2187 1265 2276 1320 Sic
2295 1275 2351 1320 et
2379 1266 2574 1322 Paulus
2599 1267 2726 1323 facit
2754 1285 2769 1324 :
2799 1268 3090 1326 Corinthiis
3116 1275 3311 1344 quippe
3340 1277 3604 1346 scribens,

2016 1355 2090 1408 ait
2114 1372 2126 1408 :
2155 1353 2440 1426 Nequando
2466 1357 2535 1409 ad
2559 1374 2645 1413 uos
2665 1360 2939 1414 venientem
2971 1377 3048 1415 me
3090 1361 3231 1416 Deus
3261 1365 3490 1420 humiliet
3514 1410 3528 1433 ,
3558 1377 3610 1426 et

2018 1449 2208 1502 multos
2240 1448 2441 1520 lugeam
2470 1449 2547 1520 (2.
2578 1449 2698 1504 Cor.
2729 1450 2816 1507 12.
2845 1451 2958 1522 21).
2987 1452 3102 1507 Νοη
3131 1455 3328 1511 multos
3359 1473 3423 1512 cx
3454 1474 3605 1513 mor-

2021 1539 2126 1594 tuis
2155 1539 2327 1604 dixit;
2356 1540 2448 1594 scd
2479 1557 2544 1595 cx
2568 1541 2632 1596 iis
2654 1583 2670 1609 ,
2701 1542 2789 1612 qui
2813 1557 2932 1597 cum
2958 1553 3083 1599 ante
3103 1547 3488 1614 peccavissent,
3512 1565 3606 1604 eos

2019 1637 2198 1684 tamen
2241 1631 2472 1685 lascivia
2501 1631 2835 1702 impuneque
2859 1634 2983 1688 vitae
3011 1649 3115 1689 non
3148 1637 3432 1706 paeniteret
3461 1656 3476 1696 :
3508 1638 3608 1695 hos

2017 1721 2202 1791 lugere
2226 1724 2496 1776 convenit.
2526 1723 2614 1778 Sic
2639 1723 2777 1778 alius
2802 1735 2983 1779 monet
3014 1726 3096 1781 his
3135 1727 3312 1782 verbis
3345 1746 3358 1782 :
3396 1728 3491 1783 Fle
3514 1747 3606 1784 su-

2016 1831 2107 1879 per
2135 1824 2333 1869 mortuo
2367 1831 2386 1869 :
2415 1818 2598 1887 defecit
2646 1817 2778 1871 enim
2809 1818 3020 1885 lumen;
3063 1829 3109 1874 et
3128 1837 3280 1888 super
3301 1822 3455 1876 stulto
3491 1824 3560 1892 ﬂe
3585 1838 3608 1880 :

2019 1905 2204 1977 defecit
2249 1907 2383 1960 enim
2410 1907 2745 1976 intelligentia
2773 1908 2958 1979 (Eccli.
2986 1909 3078 1964 92.
3115 1910 3228 1983 10).
3262 1910 3452 1964 Parum
3478 1911 3605 1967 ﬂeas

2017 2011 2179 2067 super
2207 2007 2418 2052 mortuo
2439 2039 2453 2063 ,
2483 2001 2733 2068 quoniam
2758 2001 3054 2071 requievit;
3087 2004 3234 2059 stulti
3263 2010 3439 2059 autem
3467 2019 3610 2058 mor-

2019 2097 2072 2142 te
2098 2087 2204 2141 vita
2230 2096 2313 2142 est
2335 2088 2589 2143 deterior.
2611 2089 2762 2157 Quod
2789 2094 2832 2144 si
2863 2091 3226 2163 intelligentim
3245 2107 3440 2166 expers
3463 2109 3609 2149 sem-

2018 2192 2116 2248 per
2143 2177 2390 2251 lacrymis
2418 2181 2609 2250 dignus
2635 2191 2714 2236 est
2741 2197 2757 2247 ;
2787 2183 2956 2236 multo
2975 2185 3143 2254 magis
3164 2185 3366 2254 justitia
3387 2202 3606 2257 vacuus,

2018 2278 2074 2325 et
2098 2271 2187 2340 qui
2215 2286 2244 2324 a
2274 2285 2370 2341 spe
2395 2271 2446 2324 in
2470 2272 2634 2326 Deum
2666 2273 2882 2328 excidit.
2914 2273 3023 2328 Hos
3053 2275 3231 2345 itaque
3274 2276 3552 2349 lugeamus
3581 2297 3597 2335 :

2019 2361 2108 2417 hic
2155 2364 2330 2419 luctus
2382 2364 2530 2419 lucro
2576 2379 2683 2419 non
2717 2374 2799 2420 est
2834 2365 3121 2422 destitutus
3153 2385 3168 2422 :
3197 2381 3340 2439 saepe
3378 2385 3609 2441 namque

2020 2456 2163 2510 luctu
2197 2465 2380 2510 nostro
2411 2457 2532 2510 illos
2557 2457 2978 2514 emendavimus.

2089 2547 2363 2602 Peccatum
2391 2549 2556 2602 solum
2584 2549 2877 2620 lugendum.
2904 2580 2977 2591 —
2997 2549 3283 2607 Defunctos
3309 2561 3487 2608 autem
3525 2554 3608 2609 lu-

2022 2653 2150 2708 gere
2171 2654 2294 2694 cum
2329 2640 2514 2695 inutile
2536 2680 2552 2708 ,
2584 2649 2695 2694 tum
2722 2640 3039 2696 damnosum
3069 2650 3170 2696 cst.
3217 2642 3296 2698 Ne
3326 2642 3484 2714 igitur
3514 2660 3608 2701 or-

2019 2731 2198 2786 dinem
2225 2732 2555 2788 invertamus
2579 2773 2596 2799 ,
2647 2732 2744 2787 sed
2773 2743 3048 2802 peccatum
3081 2733 3252 2788 Solum
3282 2734 3557 2805 lugeamus
3587 2753 3604 2794 :

2019 2824 2223 2893 reliqua
2245 2839 2374 2878 vero
2397 2825 2576 2878 omnia
2600 2865 2616 2890 ,
2639 2825 2753 2880 sive
2773 2834 3137 2895 paupertatem
3161 2866 3175 2890 ,
3199 2826 3311 2882 sive
3333 2827 3599 2893 morbum,

2019 2915 2132 2968 sive
2179 2913 2514 2968 immaturam
2563 2922 2826 2978 mortem,
2873 2915 2986 2970 sive
3025 2915 3275 2970 damnum
3301 2957 3336 2979 ,,
3359 2917 3477 2972 sive
3519 2932 3609 2971 ca-

2020 3004 2313 3071 lumniam,
2369 3005 2480 3058 sive
2529 3003 2672 3058 aliud
2709 3004 2977 3075 quidpiam
3021 3004 3312 3059 humanum
3365 3006 3604 3075 malum,

2021 3095 2230 3150 fortiter
2255 3095 2513 3151 feramus.
2547 3095 2673 3150 Haec
2700 3097 2896 3166 quippe
2940 3096 3080 3150 mala
3104 3137 3120 3164 ,
3148 3097 3192 3151 si
3239 3104 3602 3168 temperantes

2020 3185 2281 3242 fuerimus
2305 3227 2320 3255 ,
2350 3187 2534 3256 plures
2558 3186 2712 3241 nobis
2739 3201 2967 3242 coronas
2995 3197 3300 3256 procurant.

2090 3279 2145 3332 4.
2176 3279 2247 3334 At
2275 3278 2362 3347 qui
2387 3319 2402 3343 ,
2451 3277 2693 3348 inquies,
2725 3277 2841 3332 fieri
2871 3278 3074 3347 possit,
3105 3287 3166 3333 ut
3210 3279 3458 3335 homines
3481 3295 3603 3338 cum

2021 3369 2188 3424 simus
2209 3410 2223 3435 ,
2253 3368 2438 3423 dolore
2463 3383 2569 3423 non
2599 3367 2932 3424 afficiamur?
2952 3372 3021 3422 At
3043 3383 3142 3438 ego
3173 3379 3357 3424 contra
3383 3385 3604 3440 quaero:

2022 3463 2113 3533 qui
2143 3461 2256 3518 ﬁeri
2283 3462 2450 3532 possit
2470 3471 2526 3516 ut
2552 3462 2730 3531 lugeat
2751 3460 2931 3528 homo,
2950 3461 3040 3531 qui
3067 3461 3288 3516 rationis
3311 3462 3608 3533 particeps,

2020 3562 2075 3606 et
2098 3554 2393 3606 futurorum
2423 3566 2519 3622 spe
2548 3550 2706 3605 fultus
2725 3551 2844 3606 est?
2866 3549 3083 3620 Ecquis,
3114 3551 3354 3622 'inquies,
3378 3568 3609 3622 unquam

2021 3645 2140 3712 fuit,
2156 3645 2244 3716 qui
2276 3643 2376 3700 hac
2391 3644 2705 3714 aegritudine
2730 3658 2836 3698 non
2858 3652 3045 3714 captus
3073 3643 3183 3698 sit?
3209 3643 3354 3698 Multi
3371 3652 3422 3699 et
3445 3644 3612 3714 pluri-

2020 3738 2122 3793 bus
2146 3739 2198 3792 in
2231 3738 2358 3792 locis
2377 3779 2393 3804 ,
2427 3746 2537 3791 tum
2567 3747 2754 3790 nostro
2773 3777 2788 3802 ,
2819 3745 2929 3790 tum
2959 3735 3357 3806 progenitorum
3391 3746 3608 3792 nostro-

2023 3843 2143 3882 rum
2163 3842 2298 3883 :evo.
2331 3827 2541 3881 Etenim
2571 3826 2697 3880 audi
2723 3825 2848 3895 quid
2874 3824 2996 3890 Job,
3017 3824 3215 3880 amisso
3242 3834 3353 3880 toto
3375 3825 3606 3882 filiorum

2021 3927 2165 3976 cestu
2191 3960 2207 3984 ,
2248 3918 2393 3974 dicat
2423 3935 2437 3972 :
2464 3917 2712 3971 Dominus
2740 3916 2910 3982 dedit,
2943 3915 3188 3969 Dominus
3217 3914 3425 3969 abstulit
3453 3931 3473 3970 :
3501 3919 3605 3973 sic-

2020 4019 2076 4064 ut
2111 4009 2330 4064 Domino
2353 4008 2562 4079 placuit,
2590 4007 2662 4060 ita
2687 4007 2876 4076 factum
2902 4013 2976 4058 est
3021 4003 3142 4075 (Job
3168 4005 3220 4058 1.
3244 4003 3360 4072 21).
3391 4004 3484 4058 Vel
3511 4020 3609 4058 au-

2027 4101 2140 4157 ditu
2165 4099 2383 4170 quidem
2412 4099 2526 4152 hmc
2567 4095 2830 4151 mirabilia
2861 4103 2984 4150 sunt
3009 4113 3022 4149 :
3047 4103 3105 4149 at
3147 4095 3192 4149 si
3224 4095 3312 4149 illa
3359 4105 3613 4152 accurate

2021 4190 2495 4259 expenderis,tunc
2511 4187 2681 4257 majus
2695 4199 2884 4242 cernes
2902 4184 3239 4240 miraculum.
3254 4183 3438 4254 Cogita
3459 4200 3612 4240 nam-

2021 4297 2125 4353 que
2141 4281 2433 4346 diabolum,
2453 4295 2561 4334 non
2577 4280 2864 4334 liberorum
2883 4276 3162 4332 dimidium
3183 4277 3486 4341 abstulisse;
3513 4293 3611 4332 ne-

2021 4388 2126 4443 que
2155 4372 2338 4441 plures
2362 4371 2645 4425 abstulisse
2663 4411 2680 4437 ,
2713 4368 2989 4439 pauciores
3005 4367 3308 4438 reliquisse;
3327 4366 3420 4422 sed
3447 4377 3614 4422 totum

2023 4463 2252 4519 fructum
2281 4461 2637 4532 demessuissc
2657 4499 2674 4527 ,
2720 4474 2820 4514 nec
2845 4458 3090 4514 arborem
3103 4457 3363 4528 dejecisse
3391 4475 3406 4513 :
3445 4465 3616 4512 totum

2023 4571 2172 4611 mare
2191 4569 2312 4610 cum
2329 4553 2573 4609 ﬂuctibus
2600 4551 2838 4618 induxit,
2858 4565 3030 4622 neque
3053 4557 3228 4604 tamen
3247 4551 3496 4621 scapham
3517 4549 3616 4605 de-

2024 4648 2210 4703 mersit
2232 4665 2244 4700 :
2265 4653 2428 4700 totam
2457 4648 2562 4698 vim
2592 4642 2861 4704 adhibuit.
2887 4656 3062 4711 neque
3088 4643 3273 4697 turrim
3301 4643 3616 4698 commovit.

2091 4736 2193 4791 Job
2220 4735 2505 4806 exemplum
2534 4733 2807 4805 patientiae.
2827 4731 3021 4787 —Sed
3063 4733 3212 4786 stetit
3249 4732 3339 4786 ille
3383 4731 3617 4798 undique

2026 4831 2145 4885 telis
2161 4829 2453 4899 impetitus,
2473 4826 2864 4896 immobilisque
2891 4838 3146 4878 manens:
3171 4822 3272 4878 tela
3295 4823 3462 4878 instar
3480 4817 3622 4877 niVis

2024 4922 2077 4975 in
2100 4937 2220 4977 eum
2241 4920 2518 4977 confertim
2541 4918 2868 4982 ferebantur;
2896 4930 3068 4985 neque
3092 4915 3181 4969 ille
3204 4914 3612 4984 percellebatur;

2025 5015 2132 5068 imo
2155 5012 2502 5068 mittebantur
2541 5010 2756 5080 quidem
2783 5049 2798 5074 ,
2827 5015 2882 5060 at
2904 5021 3008 5061 non
3037 5004 3402 5060 vulnerabant.
3434 5004 3620 5074 Cogita

2025 5116 2278 5176 quantum
2302 5107 2370 5161 sit
2391 5115 2467 5160 tot
2494 5104 2629 5158 filios
2652 5111 2888 5156 mortuos
2913 5113 3155 5154 cernere.
3183 5094 3318 5162 Quid
3345 5095 3484 5150 enim
3511 5111 3621 5150 non

2025 5197 2268 5253 dolorem
2321 5193 2622 5250 inferebat?
2656 5191 2807 5260 Quod
2853 5203 3042 5244 omnes
3084 5196 3398 5258 raperentur
3421 5228 3437 5252 ,
3468 5186 3610 5257 quod

2026 5303 2214 5344 omnes
2239 5288 2394 5344 simul
2421 5301 2526 5340 uno
2545 5285 2632 5340 die
2651 5325 2666 5348 ,
2697 5281 2838 5351 quod
2865 5281 2916 5335 iu
2948 5281 3062 5349 ipso
3090 5279 3262 5334 aetatis
3290 5278 3442 5346 flore,
3472 5281 3614 5350 quod

2027 5398 2147 5438 cum
2175 5385 2282 5449 jam
2309 5381 2576 5450 egregium
2606 5375 2876 5431 dedissent
2904 5371 3110 5427 virtutis
3129 5371 3400 5441 specimen
3425 5412 3439 5436 ,
3462 5373 3603 5441 quod

2027 5473 2268 5544 supplicii
2315 5485 2464 5526 more
2502 5469 2666 5524 vitam
2709 5465 2961 5528 ﬁnirent,
2988 5461 3131 5533 quod
3162 5470 3281 5532 post
3309 5471 3388 5516 tot
3428 5464 3611 5533 plagas

2028 5566 2144 5622 haec
2167 5571 2429 5633 postrema
2453 5561 2754 5623 inferretur,
2782 5555 2922 5628 quod
2949 5564 3095 5626 pater
3135 5561 3277 5610 esset
3327 5555 3610 5610 liberorum

2030 5675 2213 5718 amans
2237 5699 2254 5728 ,
2286 5656 2426 5730 quod
2453 5654 2689 5712 defuncti
2715 5651 2990 5710 amabiles.
3013 5648 3146 5708 Cum
3172 5647 3314 5706 enim
3339 5643 3616 5720 improbos
