4030 6136
414 252 554 325 103?!

410 365 672 436 quispiam
698 361 891 416 liberos
920 358 1145 423 amittit,
1173 356 1239 412 de
1259 357 1463 425 jactura
1484 352 1694 423 quidem
1716 349 1880 414 dolet,
1909 344 2002 399 sed

411 472 521 512 non
541 469 661 509 cum
687 461 826 506 tanta
851 447 1184 504 vehementia
1211 462 1225 499 :
1257 444 1625 500 defunctorum
1651 443 1792 497 enim
1813 441 2004 508 impro-

403 547 550 597 bitas
582 557 688 597 non
727 541 800 595 ita
827 554 1004 594 aerem
1029 538 1156 592 sinit
1195 550 1313 590 esse
1339 533 1601 590 dolorem.
1646 532 1780 588 Cum
1826 541 2002 586 autem

409 627 609 687 virtute
640 632 844 702 praediti
875 638 1033 696 sunt,
1061 629 1253 682 vulnus
1295 627 1384 681 diu
1411 625 1665 696 perdurat
1690 666 1704 688 ,
1745 624 2001 678 memoria

414 725 528 793 ejus
555 737 660 776 non
682 722 937 776 amittitur
959 738 972 772 :
997 719 1194 773 malum
1215 733 1427 772 omnem
1449 716 1864 771 consolationem
1888 715 2006 770 vin-

415 817 508 880 cit,
541 815 735 885 duplex
758 813 1001 869 stimulus
1021 819 1122 877 est,
1149 810 1280 863 alter
1309 825 1340 863 a
1367 817 1576 874 natura,
1607 808 1742 862 alter
1761 822 1790 860 a
1812 807 2005 863 virtute

418 907 808 964 defunctorum.
836 903 988 972 Quod
1015 911 1192 958 autem
1231 903 1304 956 illi
1334 903 1526 956 virtute
1572 902 1744 955 ornati
1785 911 1964 955 essent
1988 941 2003 966 ,

419 1000 544 1054 hinc
568 999 740 1068 palam
765 1038 780 1063 ,
809 997 948 1066 quod
977 1005 1124 1065 pater
1160 1010 1402 1065 magnam
1429 1009 1613 1048 eorum
1641 1009 1820 1047 curam
1845 993 2006 1048 habe-

419 1089 776 1160 ret,quodque
797 1089 997 1142 hostias
1020 1102 1115 1157 pro
1143 1086 1250 1141 illis
1275 1085 1583 1150 ofl'erret,de
1603 1085 1825 1140 occultis
1843 1085 2004 1140 etiam

421 1198 608 1238 eorum
661 1182 897 1252 peccatis
937 1179 1229 1244 sollicitus,
1270 1177 1510 1247 nihilque
1551 1176 1650 1246 ipsi
1700 1177 1816 1244 plus
1857 1174 2008 1229 cerdi

426 1283 563 1329 erat.
607 1274 661 1328 ld
689 1288 817 1327 vero
847 1286 950 1326 non
973 1271 1132 1326 modo
1179 1269 1430 1323 virtutem
1458 1268 1684 1322 filiorum
1732 1267 2004 1333 declarat,

422 1365 518 1420 sed
543 1366 701 1421 etiam
731 1365 897 1434 patris
921 1378 1176 1418 amorem.
1208 1362 1340 1416 Cum
1371 1361 1530 1431 igitur
1574 1369 1628 1416 et
1654 1368 1802 1429 pater
1825 1368 2008 1425 esset,

424 1467 480 1511 et
522 1472 687 1526 usque
706 1457 840 1511 adeo
863 1457 1026 1524 prolis
1051 1469 1254 1518 amans,
1281 1455 1368 1524 qui
1398 1469 1502 1508 non
1534 1453 1828 1508 naturalem
1851 1452 2011 1507 modo

423 1547 692 1614 allectum,
724 1548 816 1603 sed
847 1549 1003 1602 etiam
1034 1563 1177 1612 eum,
1207 1547 1296 1616 qui
1323 1562 1388 1600 ex
1414 1546 1605 1616 pietate
1632 1545 2008 1615 proficisceba-

426 1648 546 1705 tur,
575 1639 887 1703 exhiberet;
914 1653 1032 1692 cum
1063 1639 1221 1692 etiam
1261 1636 1488 1693 defuncti
1533 1645 1693 1691 tanta:
1730 1635 2008 1705 probitatis

426 1739 638 1796 essent,
669 1730 790 1786 hinc
820 1730 1012 1800 triplex
1050 1731 1298 1785 mceroris
1336 1730 1470 1800 ignis
1504 1730 1835 1800 gignebatur.
1867 1729 2013 1784 Prte-

423 1831 569 1878 terea
598 1838 717 1877 cum
749 1824 938 1893 partim
965 1831 1167 1878 tantum
1189 1822 1542 1891 abripiuntur,
1561 1822 1790 1891 aliquam
1819 1835 2014 1876 conso-

426 1914 675 1970 lationem
697 1915 798 1971 hoc
815 1915 1010 1970 malum
1036 1915 1212 1970 habet.
1251 1914 1384 1970 Nam
1413 1914 1610 1969 residui
1654 1913 1746 1967 filii
1771 1912 2011 1967 dolorem

426 2006 494 2061 de
517 2007 738 2061 aliorum
770 2015 939 2062 morte
969 2007 1253 2061 obscurant
1291 2015 1344 2061 et
1369 2007 1628 2076 mitigant.
1658 2007 1728 2059 At
1755 2020 1874 2059 cum
1907 2019 2012 2057 uno

426 2105 670 2164 tempore
698 2097 927 2151 universi
958 2097 1255 2150 moriuntur
1277 2137 1293 2159 ,
1336 2097 1400 2150 ad
1429 2111 1586 2165 quem
1615 2094 1883 2163 respicere
1913 2109 2011 2163 po-

429 2188 555 2242 terit
599 2187 720 2252 ille,
771 2189 858 2257 qui
898 2190 1184 2243 multorum
1225 2188 1452 2242 filiorum
1480 2197 1630 2256 pater
1663 2186 1771 2256 jam
1803 2186 2014 2256 penitus

425 2280 588 2334 orbus
613 2281 737 2334 est?
767 2281 844 2334 Ad
884 2281 998 2335 hinc
1025 2281 1260 2350 quintam
1289 2281 1444 2336 etiam
1476 2280 1679 2350 plagam
1729 2293 2009 2334 recensere

428 2370 572 2424 licet.
597 2371 850 2438 Qumnam
883 2373 968 2426 illa
999 2372 1122 2426 est?
1146 2372 1296 2441 Quod
1326 2373 1615 2442 derepente
1642 2387 1830 2427 omnes
1875 2371 2016 2425 inte~

427 2461 634 2515 rierint.
671 2461 802 2515 Nam
838 2462 884 2516 si
911 2478 1032 2518 cum
1073 2463 1210 2517 intra
1256 2473 1363 2519 tres
1392 2473 1482 2517 aut
1515 2463 1746 2532 quinque
1771 2462 1886 2517 dies
1913 2462 2019 2514 vita

428 2550 720 2619 funguntur
739 2553 922 2622 aliqui,
951 2563 1074 2607 tunc
1094 2555 1343 2608 mulieres
1366 2563 1422 2608 et
1447 2554 1655 2622 cognati
1678 2567 1864 2606 omnes
1891 2551 2019 2606 illud

429 2643 660 2698 maxime
695 2643 972 2712 deplorant
995 2684 1009 2708 ,
1044 2644 1182 2714 quod
1207 2645 1315 2699 cito
1343 2653 1398 2698 et
1425 2645 1716 2714 derepente
1740 2643 2021 2698 defunctus

429 2731 498 2784 ab
523 2747 705 2786 eorum
751 2734 918 2788 oculis
945 2735 1195 2803 abreptus
1233 2735 1336 2800 sit;
1379 2743 1578 2805 quanto
1623 2735 1791 2804 magis
1819 2733 1903 2788 hic
1941 2733 2022 2787 in-

431 2821 617 2889 doluit,
640 2823 728 2892 qui
751 2839 854 2877 non
881 2825 1015 2879 intra
1042 2835 1148 2881 tres
1171 2827 1251 2882 vel
1279 2827 1433 2892 duos,
1456 2827 1536 2881 vel
1563 2843 1724 2881 unum
1742 2827 1910 2894 diem,
1927 2824 2022 2880 sed

431 2912 562 2966 hora
595 2929 699 2968 una
727 2929 914 2970 omnes
956 2919 1034 2971 sic
1061 2918 1258 2972 amisit.
1301 2917 1493 2972 Malum
1538 2916 1862 2987 aliquamdiu
1897 2925 2022 2972 ante

431 3005 750 3072 prtevisum,
801 3008 1006 3062 etiamsi
1052 3009 1336 3064 admodum
1383 3010 1714 3065 intolerabile
1753 3011 1858 3077 sit,
1908 3009 2020 3080 ipsa

431 3105 608 3150 tamen
639 3101 1034 3168 exspectatione
1073 3102 1226 3157 facile
1252 3103 1484 3157 lenitur:
1516 3102 1658 3171 quod
1687 3111 1862 3156 autem
1901 3101 2021 3156 ino-

430 3185 664 3254 piuatum
691 3189 899 3254 accidit,
934 3190 1321 3248 intolerandum
1361 3201 1463 3249 est.
1485 3191 1616 3248 Cum
1645 3192 1802 3262 igitur
1825 3191 2022 3262 aliquid

431 3287 527 3344 per
573 3288 630 3328 se
655 3290 846 3345 grave,
877 3280 1204 3349 inopinatum
1233 3293 1497 3354 praeterea
1526 3283 1815 3353 contingit,
1849 3285 2022 3354 cogita

432 3385 590 3438 quam
616 3367 949 3428 intolerabile
976 3373 1064 3436 sit,
1095 3385 1271 3429 utnec
1292 3375 1419 3429 satis
1446 3375 1624 3430 verbis
1649 3373 1874 3444 exprimi
1901 3389 2023 3443 pos-

432 3463 522 3516 sit.
568 3463 659 3518 Vis
685 3474 888 3521 sextam
935 3463 1142 3532 plagam
1187 3466 1409 3522 audire?
1440 3465 1496 3520 ln
1541 3467 1658 3536 ipso
1695 3466 1864 3522 aetatis
1889 3465 2024 3521 flore

433 3566 620 3608 Omnes
663 3556 910 3621 perdidit.
945 3551 1102 3612 Scitis
1145 3564 1399 3624 quantum
1438 3571 1722 3613 maerorem
1766 3564 1823 3615 et
1863 3570 2024 3631 quam

434 3643 638 3696 varium
661 3644 854 3698 luctum
878 3645 1101 3701 inferant
1118 3655 1458 3716 praematura:
1469 3658 1690 3706 mortes.
1718 3651 1843 3706 ll:cc
1866 3665 2024 3721 porro

435 3746 582 3784 mors
609 3747 712 3786 non
743 3745 1053 3802 pravmalnra
1084 3748 1306 3804 tantum,
1331 3740 1425 3794 sed
1451 3741 1610 3794 etiam
1633 3741 1860 3794 violenta
1883 3750 2020 3808 erat,

437 3821 507 3874 ita
536 3832 594 3875 ut
624 3822 736 3877 huic
765 3826 989 3894 septima
1019 3829 1166 3899 plaga
1194 3839 1352 3885 esset.
1387 3830 1503 3884 Non
1524 3831 1664 3885 enim
1694 3831 1745 3884 in
1770 3832 1904 3885 lecto
1927 3846 2023 3887 eos

436 3912 712 3980 exspirare
753 3916 1089 3988 animamque
1118 3919 1300 3974 efflare
1328 3921 1492 3989 vidit,
1534 3921 1629 3976 sed
1653 3921 1843 3976 domus
1871 3923 2023 3975 ruina

436 4002 656 4058 obrutos
683 4020 887 4061 omnes.
921 4008 1197 4080 Perpende
1239 4012 1424 4082 igitur,
1465 4027 1569 4082 quo
1595 4012 1773 4066 animo
1807 4022 1950 4067 esset
1980 4012 2025 4068 is

435 4095 525 4163 qui
555 4099 822 4152 cumulum
868 4100 1018 4154 illum
1049 4102 1306 4158 effodiens
1331 4144 1346 4169 ,
1393 4120 1532 4159 nunc
1563 4103 1790 4173 lapidem
1818 4146 1833 4171 ,
1880 4118 2024 4160 nunc

437 4186 734 4240 membrum
762 4189 986 4260 alicujus
1011 4193 1194 4246 eliis
1221 4195 1547 4260 extraheret,
1573 4195 1662 4265 qui
1699 4211 1910 4249 manum
1939 4196 2023 4249 vi-

436 4274 587 4331 deret
614 4277 789 4334 adhuc
816 4283 1062 4351 poculum
1095 4293 1383 4354 tenentem,
1413 4302 1641 4357 moxque
1664 4287 1903 4342 dextram
1933 4302 2027 4357 pa-

439 4367 567 4420 tina:
598 4369 896 4439 impositam
918 4417 933 4440 ,
963 4384 1236 4448 totumque
1260 4394 1455 4449 corpus
1479 4379 1832 4436 deformatum
1852 4423 1867 4448 ,
1897 4397 2026 4436 cun-

439 4459 566 4512 trito
598 4475 748 4526 naso,
776 4465 1049 4522 confracto
1075 4472 1266 4538 capite,
1290 4472 1565 4526 exstinctis
1589 4473 1774 4536 oculis.
1803 4472 2026 4527 cerebro

437 4545 544 4602 huc
562 4558 615 4604 et
639 4550 762 4607 illuc
789 4554 1032 4624 disjecto,
1066 4566 1195 4627 tota,
1221 4568 1280 4614 ut
1303 4576 1410 4616 uno
1440 4563 1602 4617 verbo
1623 4563 1816 4629 dicam,
1845 4562 2026 4630 specie

439 4637 770 4708 labefactata,
794 4646 863 4700 ita
883 4657 940 4701 ut
961 4663 1055 4717 per
1074 4649 1348 4706 vulnerum
1371 4655 1678 4710 varietatem
1707 4671 1809 4709 non
1841 4655 2030 4713 liceret

437 4733 798 4790 amantissimo
818 4739 1024 4807 parenti
1051 4741 1224 4797 vultus
1248 4743 1628 4800 internoscere.
1654 4746 1779 4802 Haec
1811 4747 2030 4802 audien-

440 4835 523 4882 tes
569 4831 958 4889 conturbamiui
1001 4847 1064 4888 ac
1107 4832 1269 4890 fletis.
1319 4837 1512 4893 Animo
1537 4850 1778 4910 reputate
1824 4841 2025 4912 igitur,

440 4919 562 4989 quis
597 4920 686 4976 ille
727 4932 908 4987 esset,
947 4923 1037 4993 qui
1073 4923 1190 4981 hate
1229 4929 1610 4997 conspiciebat.
1656 4931 1714 4987 Si
1758 4932 1897 4988 enim
1929 4947 2027 4985 nos

445 5019 567 5078 post
597 5019 798 5068 tantum
830 5016 1084 5084 temporis
1115 5017 1447 5073 intervallum
1476 5036 1580 5074 non
1606 5037 1889 5091 possumus
1916 5032 2025 5077 tra-

442 5104 669 5174 goediam
697 5106 842 5160 illam
873 5107 988 5163 sine
1015 5108 1264 5182 lacrymis
1290 5112 1374 5167 vel
1399 5114 1580 5168 auditu
1626 5114 1785 5179 ferre,
1819 5115 2026 5169 etiamsi

443 5196 632 5251 aliena:
655 5198 984 5254 calamitates
1013 5211 1334 5270 narrentur;
1367 5205 1486 5276 quis
1516 5217 1630 5260 erat
1657 5207 2028 5261 adamantinus

445 5285 556 5350 ille,
588 5293 678 5357 qui
709 5288 810 5344 hoc
836 5290 1011 5346 oblato
1038 5294 1361 5363 spectaculo,
1401 5312 1504 5349 non
1532 5298 1583 5350 in
1613 5298 1820 5363 alienis,
1853 5297 1946 5352 sed
1973 5299 2025 5352 in

445 5377 556 5432 suis
576 5379 728 5434 malis
739 5379 1206 5454 philosophabatur
1256 5386 1279 5440 ?
1297 5386 1475 5458 Neque
1495 5389 1635 5443 enim
1656 5388 1868 5459 indigne
1882 5389 2025 5452 tulit,

447 5537 618 5609 nihil!
647 5549 861 5609 uno-pls.
884 5543 955 5591 sic
976 5544 1261 5594 terminatur
1297 5545 1402 5609 base
1445 5547 1648 5597 Homilia~
1667 5559 1690 5609 7:
1719 5543 2030 5609 nequeenim

440 5589 641 5671 inatque
661 5669 678 5671 _
693 5601 801 5671 tulit
821 5589 1252 5671 magna;

439 5656 573 5708 dixit
606 5672 626 5712 .-
650 5661 877 5716 Dominus
900 5656 1062 5726 'dediz;
1088 5656 1316 5720 Dominus
1341 5656 1550 5720 abstuli}.
1570 5656 1732 5733 suos
1765 5656 1844 5735 si,"
1864 5656 2026 5724 esse.

1123 243 1180 299 S.
1219 239 1494 300 JOANNIS
1534 227 2006 294 CllRYSOSTOMI
2045 226 2367 287 ARCHIEP.
2409 231 2939 288 CONSTANTlNOP.

3566 234 3701 292 Im

2109 358 2283 414 neque
2309 347 2484 402 simile
2510 348 2778 420 quidpiam
2813 349 2942 404 dixit
2969 367 2983 405 :
3011 349 3145 418 Quid
3173 350 3275 407 hoc
3302 353 3426 407 est?
3462 353 3706 412 lltecciue

2109 437 2450 508 benignitatis
2493 454 2625 495 mea:
2666 442 3070 496 remuneratio?
3099 441 3234 497 Num
3257 443 3379 500 ideo
3409 443 3710 517 hospitibus

2109 529 2327 584 domum
2356 545 2527 584 meam
2557 532 2738 600 aperui
2760 573 2776 598 ,
2803 543 2861 588 ut
2883 549 2999 589 eam
3033 535 3321 591 liberorum
3345 538 3605 591 tumulum
3629 555 3714 597 v1-

2111 622 2336 678 derem?
2378 623 2572 680 ldeone
2603 635 2801 681 tantam
2843 642 2967 698 erga
3009 628 3126 682 illos
3167 629 3420 683 virtutem
3447 628 3707 697 exhibui,

2111 716 2296 771 uthac
2340 728 2516 771 morte
2564 718 2980 774 occumberent?
3006 719 3149 775 Nihil
3176 723 3365 774 horum
3405 720 3490 774 vel
3535 720 3712 786 dixit,

2111 807 2198 860 vel
2227 807 2514 877 cogitavit;
2543 809 2638 864 sed
2660 810 2835 863 omnia
2859 809 3068 865 fortiter
3097 811 3246 875 tulit,
3283 811 3407 865 licet
3437 819 3558 880 post
3589 822 3714 864 tart-

2111 904 2219 952 tam
2242 913 2424 953 curam
2446 899 2628 954 orbus.
2651 899 2800 956 Sicut
2821 904 2963 956 enim
2988 902 3191 972 peritus
3212 904 3499 956 statuarius
3520 915 3716 955 aureas

2114 992 2372 1061 imagines
2397 992 2660 1062 efngens
2679 1033 2695 1060 ,
2725 1008 2920 1063 magno
2945 1008 3038 1048 eas
3067 994 3244 1049 studio
3271 1003 3533 1057 exornat;
3565 995 3632 1047 ita
3661 1004 3719 1049 et

2113 1083 2203 1139 ille
2231 1099 2416 1139 eorum
2454 1085 2662 1140 animos
2701 1085 3053 1154 componebat
3075 1125 3091 1150 ,
3123 1085 3440 1139 informabat
3462 1085 3719 1139 ornabat-

2114 1191 2238 1247 que.
2267 1179 2345 1234 Ac
2369 1178 2814 1247 quemadmodum
2838 1179 3136 1234 laboriosus
3158 1179 3387 1250 agricola
3413 1181 3718 1252 palmarum

2072 1298 2087 1304 -
2114 1268 2200 1322 vel
2225 1268 2463 1324 olearum
2511 1270 2704 1340 stirpes
2748 1270 2922 1340 rigat,
2970 1271 3216 1327 munitet
3243 1274 3414 1342 sepit,
3459 1274 3721 1344 omnique

2113 1358 2318 1413 ratione
2337 1359 2513 1414 colere
2534 1375 2640 1415 non
2674 1370 2878 1425 cessat;
2907 1361 2978 1414 ita
3004 1370 3058 1416 et
3080 1361 3166 1416 ille
3197 1377 3299 1416 non
3328 1363 3576 1417 cessabat
3599 1365 3718 1417 sin-

2114 1449 2360 1519 gulorum
2378 1450 2629 1517 animam,
2657 1451 2807 1520 quasi
2834 1451 3024 1506 olivam
3047 1453 3392 1518 fructiferam,
3417 1455 3483 1507 ad
3507 1455 3714 1522 majora

2115 1540 2326 1594 virtutis
2371 1541 2695 1596 incrementa
2726 1542 3014 1598 deducere.
3057 1542 3161 1598 Sed
3207 1545 3340 1598 vidit
3365 1547 3560 1615 stirpes
3593 1561 3714 1599 ma-

2117 1631 2243 1701 ligni
2267 1632 2482 1703 spiritus
2503 1633 2696 1702 impetu
2719 1635 2951 1700 avulsas,
2982 1643 3139 1704 atque
3165 1635 3215 1688 in
3245 1646 3439 1690 terram
3463 1648 3706 1706 prostra-

2121 1731 2220 1786 tas,
2254 1723 2718 1794 miserabilemque
2745 1727 2868 1779 vita:
2889 1727 3086 1780 exitum
3111 1741 3392 1797 perpessas
3413 1770 3428 1794 ,
3460 1728 3594 1782 nihil
3627 1738 3708 1782 ta-

2118 1828 2240 1867 men
2269 1813 2533 1869 maledicti
2565 1816 2800 1883 protulit,
2829 1817 2924 1870 sed
2953 1817 3062 1873 Deo
3090 1819 3286 1888 gratias
3311 1834 3498 1888 agens,
3532 1819 3714 1874 letha-

2119 1904 2224 1958 lcm
2251 1903 2465 1959 diabolo
2489 1905 2693 1975 plagam
2723 1906 2943 1962 inflixit.

2191 1996 2244 2050 5.
2287 1995 2340 2052 Si
2370 2011 2496 2052 vero
2524 1997 2721 2052 dixeris
2747 2040 2760 2056 .
2793 1999 2986 2052 multos
3025 1999 3112 2054 ille
3153 2000 3289 2055 filios
3326 2000 3546 2056 habuit:
3573 2003 3713 2059 alius

2121 2102 2250 2142 vero
2279 2103 2422 2158 smpe
2449 2089 2661 2144 unicum
2690 2090 2917 2160 perdidit
2953 2091 3116 2146 filium
3139 2133 3152 2157 ,
3185 2109 3358 2162 neque
3385 2095 3497 2163 pari
3525 2094 3728 2155 dolore

2120 2180 2340 2236 affectus
2360 2190 2462 2250 est,
2487 2181 2685 2252 optime
2707 2183 2941 2253 loqueris
2971 2203 2985 2239 :
3014 2194 3171 2254 atque
3203 2186 3253 2239 in
3281 2185 3380 2241 hoc
3407 2187 3498 2241 tibi
3525 2203 3715 2241 assen-

2123 2273 2244 2338 tior,
2269 2275 2409 2342 quod
2432 2289 2535 2327 non
2563 2290 2658 2344 par
2681 2274 2834 2328 fuerit
2859 2275 3030 2339 dolor,
3058 2276 3151 2331 sed
3172 2276 3291 2332 Jobi
3323 2279 3491 2331 multo
3520 2279 3715 2348 major.

2122 2367 2250 2435 Qum
2290 2369 2430 2422 enim
2460 2368 2533 2422 illi
2573 2384 2638 2424 ex
2681 2384 2963 2424 numerosa
3002 2370 3186 2425 sobole
3212 2371 3449 2426 utilitas?
3477 2371 3723 2426 Eviden--

2125 2461 2314 2515 tiorem
2343 2461 2440 2530 ipsi
2470 2470 2628 2531 atque
2657 2462 2985 2518 acerbiorem
3016 2463 3256 2519 dolorem
3289 2464 3483 2519 vulnus
3513 2464 3713 2531 intulit,

2123 2551 2177 2606 in
2200 2553 2438 2621 pluribus
2462 2554 2775 2623 corporibus
2796 2564 3096 2624 acceptum.

2195 2642 2470 2698 Abrahami
2497 2645 2800 2714 exemplum.
2914 2645 3064 2711 Quod
3093 2644 3138 2699 si
3169 2644 3316 2700 lubet
3341 2645 3505 2700 alium
3536 2647 3718 2702 videre

2124 2742 2386 2798 sanctum,
2411 2736 2495 2790 cui
2521 2735 2706 2791 unicus
2728 2745 2843 2792 erat
2869 2737 3028 2805 filius,
3057 2737 3189 2808 pari,
3222 2737 3329 2792 imo
3348 2737 3535 2806 majori
3554 2737 3717 2792 animi

2125 2827 2485 2897 magnitudine
2511 2844 2665 2884 usum
2686 2870 2701 2894 ,
2729 2828 3018 2886 recordare
3043 2831 3329 2886 Abrahami
3359 2831 3677 2900 patriarcha:
3699 2873 3714 2896 ,

2123 2919 2213 2987 qui
2243 2917 2477 2973 lsaacum
2504 2918 2718 2989 quidem
2765 2922 3080 2976 morientem
3123 2937 3230 2976 non
3263 2922 3418 2987 vidit;
3450 2922 3546 2976 sed
3575 2922 3726 2992 quod

2124 3010 2279 3080 longe
2299 3011 2542 3066 acerbius
2563 3011 2899 3082 amariusque
2923 3020 3057 3078 erat,
3078 3013 3192 3084 ipse
3215 3029 3337 3069 eum
3359 3015 3722 3090 mactarejus~

2127 3119 2218 3159 sus
2238 3114 2354 3170 est;
2385 3120 2484 3161 nec
2509 3107 2760 3161 mandato
2786 3109 3115 3178 repugnabat
3142 3109 3250 3174 ille,
3273 3123 3378 3168 non
3401 3108 3718 3185 indignaha-

2126 3205 2248 3263 tur,
2281 3212 2453 3267 neque
2479 3197 2654 3252 simile
2693 3199 2963 3268 quidpiam
3004 3199 3213 3260 dicebat
3241 3222 3255 3259 :
3288 3206 3478 3261 ideone
3507 3223 3591 3261 me
3619 3221 3715 3276 pa-

2127 3295 2262 3341 trem
2285 3286 2472 3352 fecisti,
2509 3294 2569 3341 ut
2592 3287 2685 3341 filii
2707 3287 3026 3349 homicidam
3049 3293 3284 3349 faceres?
3322 3295 3506 3349 Melius
3533 3295 3724 3351 fuisset

2125 3379 2345 3434 omnino
2365 3395 2471 3434 non
2493 3379 2725 3453 dedisse,
2744 3401 2901 3456 quam
2923 3386 3102 3440 datutn
3125 3387 3216 3440 tali
3238 3388 3395 3442 modo
3410 3389 3714 3443 sustulisse.

2127 3469 2261 3530 Eum
2301 3486 2516 3546 prorsus
2555 3477 2636 3531 vis
2679 3477 2911 3532 habere?
2957 3477 3064 3532 Cur
3112 3494 3234 3533 eum
3290 3494 3321 3533 a
3366 3495 3453 3534 me
3495 3482 3716 3536 mactari

2125 3565 2357 3636 imperas
2377 3606 2394 3632 ,
2419 3581 2698 3636 meamque
2722 3566 2994 3622 dexteram
3026 3570 3277 3637 sanguine
3309 3569 3428 3638 ejus
3453 3571 3717 3624 contami-

2125 3657 2280 3712 nari?
2322 3659 2518 3712 Annon
2564 3659 2830 3728 pollicitus
2878 3675 2998 3715 eras
3048 3675 3134 3715 me
3178 3676 3273 3730 per
3307 3661 3448 3716 hunc
3491 3678 3716 3731 puerum

2125 3758 2294 3804 totum
2333 3751 2519 3805 orbem
2566 3751 2714 3819 prole
2751 3766 2868 3805 mea
2914 3752 3299 3820 impleturum?
3339 3752 3438 3820 Qui
3485 3753 3718 3808 fructum

2125 3840 2278 3895 dabis
2298 3841 2476 3896 avulsa
2499 3841 2710 3896 radice?
2737 3841 3015 3908 Quomodo
3047 3843 3249 3912 prolem
3279 3843 3564 3913 promittis,
3592 3860 3716 3899 cum

2127 3932 2294 3986 filium
2343 3942 2577 3987 mactare
2613 3929 2838 4001 jubeas?
2876 3932 3004 3999 Quis
3047 3933 3168 3987 talia
3212 3933 3340 3987 vidit
3365 3933 3451 3988 vel
3477 3933 3716 3989 audivit?

2128 4022 2390 4092 Deceptus
2417 4037 2535 4076 sum
2561 4037 2625 4076 ac
2655 4022 3066 4077 circumventus.
3097 4023 3235 4076 Nihil
3265 4024 3440 4078 simile
3467 4024 3603 4078 dixit
3625 4035 3717 4080 aut

2125 4114 2395 4182 cogitavit,
2419 4128 2524 4168 non
2551 4115 2746 4168 restitit
2766 4113 3066 4183 imperanti,
3082 4130 3187 4168 non
3209 4115 3460 4183 expetivit
3481 4114 3600 4170 facti
3631 4132 3717 4169 ra.-

2129 4206 2349 4270 tionem,
2377 4203 2474 4258 sed
2495 4204 2578 4259 his
2603 4205 2798 4260 auditis
2825 4226 2838 4258 :
2867 4205 3050 4275 Accipe
3074 4207 3237 4276 lium
3265 4216 3403 4260 tuum
3422 4249 3436 4273 ,
3465 4225 3611 4278 quem
3637 4209 3716 4261 di-

2129 4297 2263 4368 ligis,
2291 4295 2464 4363 Isaac,
2489 4305 2534 4350 et
2563 4297 2730 4350 adduc
2759 4313 2878 4351 eum
2913 4298 2964 4351 in
2991 4314 3146 4351 unum
3172 4299 3435 4364 montium,
3458 4316 3605 4368 quem
3635 4301 3715 4352 di-

2127 4403 2248 4444 xero
2269 4387 2357 4440 tibi
2383 4387 2545 4456 (Gen.
2576 4385 2666 4440 2'2.
2688 4385 2781 4458 2),
2809 4402 2929 4442 cum
2962 4395 3105 4442 tanta
3131 4387 3403 4443 alacritate
3432 4389 3626 4457 paruit,
3658 4398 3714 4443 ut

2131 4483 2249 4552 plus
2267 4481 2448 4547 etiam,
2470 4497 2627 4552 quam
2652 4481 2968 4550 imperatum
2995 4490 3157 4546 esset,
3181 4481 3399 4536 faceret.
3426 4481 3558 4535 Nam
3583 4498 3713 4536 uxo-

2130 4589 2242 4628 rem
2272 4573 2374 4628 hoc
2398 4572 2588 4628 celavit
2615 4581 2670 4628 et
2695 4587 2905 4639 servos,
2937 4573 3167 4642 ipsisque
3198 4573 3249 4626 in
3288 4574 3486 4628 montis
3533 4572 3716 4628 radice

2130 4667 2364 4723 dimissis
2384 4708 2400 4735 ,
2431 4667 2542 4722 sola
2570 4681 2749 4722 secum
2779 4667 2937 4738 ducta
2965 4667 3180 4721 victima
3207 4666 3467 4722 ascendit.
3499 4665 3573 4720 Ita
3605 4682 3716 4722 non

2133 4759 2348 4826 invitus,
2370 4759 2464 4813 sed
2491 4773 2610 4812 cum
2640 4759 2910 4812 alacritate
2938 4758 3103 4813 multa
3125 4759 3273 4828 jussa
3299 4758 3713 4829 exsequebatur.

2131 4850 2314 4921 Cogita
2343 4865 2472 4920 ergo
2497 4858 2750 4919 quantmn
2779 4849 2904 4903 illud
2935 4860 3082 4914 erat,
3113 4850 3282 4904 solum
3308 4864 3428 4904 cum
3456 4849 3575 4904 solo
3608 4848 3716 4903 lilio

2130 4944 2380 5015 colloqui,
2403 4954 2664 5014 prmsente
2690 4944 2920 5008 nemine,
2943 4959 3062 4998 cum
3087 4943 3291 4997 viscera
3314 4943 3544 4996 maxime
3566 4957 3714 4996 com-

2132 5047 2430 5104 moventur,
2460 5037 2763 5107 amorisque
2786 5038 2864 5090 vis
2892 5036 3060 5105 major
3088 5043 3202 5101 est,
3229 5034 3389 5104 idque
3419 5049 3526 5088 non
3557 5033 3712 5087 unius

2132 5131 2214 5187 vel
2239 5131 2464 5185 duorum
2484 5170 2500 5194 ,
2531 5129 2624 5184 sed
2653 5130 2882 5198 plurium
2909 5129 3114 5182 dierum
3154 5127 3345 5196 spatio.
3375 5124 3506 5179 Nam
3534 5126 3577 5179 si
3605 5134 3711 5178 sta-

2133 5224 2228 5281 tim
2253 5224 2465 5278 fecisset
2493 5221 2631 5293 quod
2656 5222 2970 5292 imperatum
2998 5227 3132 5287 erat,
3163 5233 3410 5288 magnum
3440 5217 3709 5272 mirabile-

2131 5359 2264 5424 plum
2285 5359 2352 5408 ad
2373 5370 2459 5408 nos
2480 5355 2734 5424 ectentes,
2762 5355 2886 5424 beat:
2913 5355 3025 5424 Job;
3055 5355 3232 5424 aqemft
3269 5361 3504 5424 rationem
3539 5353 3710 5403 imum

2129 5416 2380 5485 lerunus,
2395 5416 2489 5468 non'
2509 5419 2651 5485 modo
2692 5418 2744 5468 in
2761 5416 3108 5485 afflictionibus,
3135 5417 3220 5467 sed
3256 5430 3306 5468 tn
3337 5417 3708 5485 quamquam

2123 5479 2238 5537 aliis
2258 5479 2587 5550 incommodis,
2620 5493 2730 5550 cum
2768 5479 3166 5550 puriubomjnum
3191 5479 3422 5550 nostrum
3445 5479 3707 5550 adibimus,

2131 5551 2231 5595 tum
2270 5543 2498 5594 stabimus
2517 5541 2677 5592 securi
2697 5549 2806 5592 ante
2831 5541 3041 5592 tribunal
3083 5540 3261 5591 Christi
3297 5553 3314 5590 :
3351 5553 3461 5602 qua:
3478 5540 3710 5602 securitas

2131 5603 2505 5675 nobis_onmibu._s
2531 5603 2671 5675 detur
2691 5616 2779 5675 per
2802 5602 3008 5669 gratiam
3029 5609 3075 5655 ct
3097 5598 3479 5655 misericordiam
3518 5598 3714 5656 Domini

2134 5671 2284 5724 nostri
2304 5678 2416 5722 .rcsu
2439 5669 2632 5729 Christi,
2659 5673 2754 5717 cte.
