4030 6136
206 278 346 334 10%

197 395 369 451 Ὅταν
412 392 520 462 γάρ
549 394 816 465 πονηροὺς
861 391 1107 462 ἀποϐάλῃ
1141 407 1224 455 τις
1253 393 1470 457 παῖδας,
1511 393 1767 446 δάκνεται

198 481 298 551 μὲν
331 477 410 548 τῷ
448 477 629 539 πάθει,
671 477 810 548 πλὴν
856 477 970 530 ἀλλ’
999 477 1060 528 οὐ
1094 476 1231 546 μετὰ
1260 476 1461 546 πολλῆς
1491 477 1590 548 τῆς
1639 493 1770 544 σφο-

195 564 485 634 δρότητοςο
528 561 560 629 ή
608 558 716 631 γάρ
758 559 989 630 πονηρία
1032 559 1140 613 τῶν
1183 557 1524 612 ἀπελθόντων
1571 557 1768 628 δριμυ-

193 647 360 720 τέραν
389 646 487 698 οὑκ
521 644 713 714 ἀφίησι
747 643 996 712 γενέσθαι
1024 643 1120 714 τὴν
1152 642 1344 713 ὀδύνην
1364 658 1377 670 ·
1411 643 1540 694 ὅταν
1573 641 1629 693 δέ
1675 641 1769 692 καὶ

195 730 442 799 ἐνάρετοι
471 720 596 789 ὦσι,
629 726 853 796 μόνιμον
877 725 938 778 τὸ
965 724 1184 796 τραῦμα
1212 724 1440 792 γίνεται,
1476 723 1706 793 ἄληστος
1734 725 1768 794 ἡ

199 811 410 880 μνήμη,
440 807 867 879 ἀπαραμύθητον
888 808 948 860 τὸ
981 808 1167 869 κακὸν,
1193 807 1410 860 διπλοῦν
1437 808 1497 860 τὸ
1521 807 1765 876 κέντρον,

193 893 258 945 τὸ
301 893 398 962 μέν
426 893 532 944 ἀπὸ
582 892 680 960 τῆς
713 889 947 959 φύσεως,
979 890 1041 942 τὸ
1066 891 1122 942 δέ
1153 890 1260 943 ἀπὸ
1291 890 1393 960 τῆς
1429 889 1632 960 ἀρετῆς
1659 889 1768 942 τῶν

195 974 558 1028 ἀπελθόντων.
588 975 708 1027 Ὅτι
735 973 792 1026 δέ
837 969 976 1043 ἦσαν
1010 973 1252 1042 ἐνάρετοι
1271 1014 1286 1038 ,
1318 973 1475 1044 δῆλον
1520 971 1727 1025 ἐκεῖθεν
1750 987 1763 999 ·

197 1059 404 1128 Πολλὴν
442 1057 617 1110 αὑτῶν
645 1059 674 1110 ὀ
705 1056 884 1127 πατὴρ
913 1057 1146 1110 ἐποιεῖτο
1173 1056 1272 1127 τὴν
1311 1056 1646 1127 ἐπιμέλειαν,
1679 1055 1769 1108 καὶ

195 1140 554 1211 ἀνιστάμενος
603 1139 792 1200 θυσίας
851 1139 1188 1210 προσέφερεν
1238 1139 1379 1211 ὑπὲρ
1429 1138 1629 1202 αὑτῶν,
1677 1137 1770 1190 καὶ

196 1223 338 1293 ὑπὲρ
365 1220 475 1274 τῶν
505 1220 712 1292 ἀδήλων
742 1223 1154 1292 ἁμαρτημάτων
1183 1221 1456 1285 δεδοικὼς,
1488 1222 1584 1275 καὶ
1615 1220 1769 1273 οὐδὲν

194 1305 348 1375 αὑτῷ
375 1303 562 1358 τούτου
595 1303 982 1374 προτιμότερον
1014 1300 1101 1374 ἦν.
1130 1303 1300 1357 Τοῦτο
1329 1305 1384 1357 δὲ
1414 1305 1474 1357 οὑ
1505 1303 1614 1357 τῶν
1645 1301 1770 1357 παίο

195 1387 303 1440 δων
332 1387 431 1459 τὴν
481 1387 680 1457 ἀρετὴν
719 1386 956 1440 δείκνυσι
1014 1388 1193 1457 μόνον,
1225 1386 1361 1440 ἀλλά
1407 1387 1502 1439 καὶ
1533 1384 1629 1456 τὴν
1673 1381 1767 1437 τοῦ

197 1470 404 1540 πατρὸς
442 1469 838 1540 φιλοστοργίαν.
871 1469 1050 1522 Ὅταν·
1073 1465 1166 1522 οὖν
1209 1471 1303 1522 καὶ
1339 1467 1519 1540 πατὴρ
1550 1464 1638 1539 ἦν,
1673 1465 1769 1520 καὶ⁵

195 1551 340 1604 οὑτω
389 1551 759 1622 φιλόστοργος,
794 1551 868 1622 μὴ
914 1551 1005 1604 τὸν
1055 1552 1162 1605 ἀπὸ
1192 1552 1289 1620 τῆς
1337 1551 1552 1620 φύσεως
1605 1547 1772 1603 πόθον

196 1633 602 1704 ἐνδεικνύμενος
637 1633 817 1704 μόνον,
868 1633 1004 1686 ἀλλά
1036 1635 1130 1687 καὶ
1180 1634 1270 1686 τὸν
1311 1634 1417 1687 ἀπὸ
1461 1633 1559 1703 τῆς
1608 1632 1770 1686 εὑλα-

198 1719 369 1781 ϐείας,
410 1717 544 1770 ἀλλά
575 1718 668 1770 καὶ
696 1718 745 1769 οἱ
785 1716 1108 1779 ἀπελθόντες
1137 1716 1310 1779 οὕτως
1355 1716 1619 1786 ἐνάρετοι,
1652 1731 1773 1786 τρι-

197 1801 306 1871 πλῆ
337 1791 544 1867 γίνεται
581 1800 678 1870 τῆς
711 1799 947 1870 ἀθυμίας
976 1801 1010 1870 ή
1047 1799 1213 1869 πυρά.
1243 1799 1431 1860 Πάλιν,
1462 1800 1591 1851 ὅταν
1627 1797 1772 1852 κατὰ

201 1883 366 1954 μέρος
404 1883 843 1955 ἁναρπάξωνται,
874 1881 986 1952 ἔχει
1013 1883 1136 1935 τινά
1184 1881 1535 1953 παραμυθίαν
1576 1881 1638 1934 τὸ
1665 1879 1772 1934 πά-

198 1967 321 2028 θοςο
355 1966 404 2016 οἰ
451 1966 559 2037 γάρ
595 1964 997 2034 ἐπιλειπόμενοι
1037 1967 1135 2037 τὴν
1181 1967 1273 2018 ἐπὶ⁹
1316 1968 1428 2028 τοῖς
1475 1961 1773 2021 ἀπελθοῦσι

199 2047 584 2111 συσκιάζουσιν
631 2047 895 2119 ἀθυμίαν·
939 2049 1065 2102 ὅταν
1105 2048 1162 2102 δὲ
1211 2047 1502 2117 ὁλόκληρος
1551 2047 1579 2098 ὀ
1612 2045 1772 2116 χορὸς

201 2132 432 2206 ἀπέλθῃ,
457 2131 590 2200 πρὸς
614 2132 734 2184 τίνα
771 2132 1054 2203 δυνήσεται
1086 2132 1210 2184 ἰδεῖν
1231 2133 1258 2184 ὀ
1285 2130 1551 2192 πολύπαις
1579 2129 1772 2196 ἀθρόον

198 2216 369 2279 ἄπαις
401 2215 719 2285 γενόμενος;
749 2215 915 2268 ’Μετά
942 2214 1145 2267 τούτων
1177 2213 1334 2266 πάλιν
1361 2213 1477 2265 ἐστι
1508 2215 1599 2265 καὶ
1630 2213 1768 2282 πέμ-

198 2316 342 2370 πτην
381 2301 551 2350 εἰπεῖν
586 2298 820 2369 πληγήν.
868 2296 1032 2350 Ποίαν
1079 2297 1143 2366 δὴ
1178 2295 1416 2366 ταύτην;
1466 2297 1526 2348 τὸ
1579 2294 1772 2365 ἀθρόον

195 2382 394 2444 αὐτοὺς
434 2381 848 2452 ἀναρπασθῆναι
889 2380 1111 2442 πάντας.
1145 2380 1207 2432 Εἰ
1255 2379 1364 2448 γὰρ
1397 2379 1454 2430 ἐν
1500 2377 1699 2448 τρισὶν,
1735 2377 1769 2448 ἢ

197 2467 363 2518 πέντε
408 2465 642 2535 ἡμέραις
677 2463 1020 2518 ἀπελθόντων
1065 2463 1249 2526 τινῶν,
1286 2463 1341 2514 αἰ
1375 2463 1634 2528 γυναῖκες
1679 2462 1774 2513 καὶ

197 2551 250 2601 οἰ
313 2549 682 2621 προσήκοντες
753 2546 991 2608 ἅπαντες
1047 2543 1205 2597 τοῦτο
1265 2544 1498 2614 μάλιστα
1555 2543 1774 2597 πάντων

189 2632 586 2700 -ὀλοφύρονται,
636 2631 718 2683 ὅτι
772 2629 978 2699 ταχέως
1037 2627 1132 2680 καὶ
1180 2626 1438 2698 ἐξαίφνης
1481 2627 1772 2698 ἀνηρπάγη

199 2715 303 2784 τῆς
349 2713 566 2767 ἐκείνων
609 2713 784 2782 ὅψεως
814 2716 842 2766 ὀ
879 2711 1282 2782 τετελευτηκώς
1302 2729 1316 2741 ο
1361 2710 1540 2781 πολλῷ
1575 2710 1775 2781 μᾶλλον

188 2793 353 2860 οὗτος
390 2797 456 2850 ἂν
483 2795 718 2866 ήλγησεν
743 2797 844 2848 οὑκ
870 2796 928 2849 ἐν
962 2795 1196 2866 ἡμέραις
1233 2795 1379 2866 τρισὶ
1410 2796 1502 2848 καὶ
1531 2793 1652 2846 δυσὶ
1682 2793 1776 2845 καὶ

205 2881 342 2949 μιᾷ,
388 2879 502 2930 ἀλλ’
548 2881 608 2932 ἐν
657 2877 778 2949 ῶρᾳ
830 2880 928 2949 μιᾷ
975 2879 1181 2942 πάντας
1213 2878 1386 2940 οὕτως
1435 2875 1774 2946 ἀφαιρεθείς.

205 2963 279 3014 Τὸ
313 2963 410 3031 μὲν
443 2962 550 3033 γάρ
583 2961 872 3033 μελετηθέν
902 2960 979 3031 τῷ
1007 2961 1182 3032 χρόνῳ
1211 2961 1402 3025 δεινὸν,
1434 2960 1538 3014 κᾶν
1567 2959 1778 3030 σφόδρα

201 3046 478 3115 ἀφόρητον
518 3043 585 3118 ᾗ,
631 3046 698 3115 τῇ
750 3045 1041 3115 προσδοκίᾳ
1091 3044 1291 3112 κοῦφον
1330 3044 1396 3096 ἂν
1427 3042 1634 3112 γένοιτο
1676 3044 1778 3112 ρᾳ-

197 3129 329 3191 δίως
348 3145 361 3158 ·
392 3129 456 3181 τὸ
481 3128 538 3180 δέ
582 3129 708 3198 παρ’
739 3127 928 3180 ἐλπίδα
957 3125 1172 3197 συμϐὰν
1206 3126 1300 3178 καὶ
1333 3124 1592 3196 ἐξαίφνης
1640 3123 1779 3192 ἀφό-

210 3229 371 3283 ρητον
420 3211 648 3281 γίνεται.
675 3207 838 3263 Ὅταν
869 3206 962 3262 οὖν
1012 3225 1063 3261 τι
1108 3209 1228 3262 καθ’
1258 3208 1418 3261 ἐαυτδ
1452 3207 1683 3279 χαλεπὸν
1710 3201 1774 3277 ᾖ,

206 3297 303 3347 καὶ
333 3294 428 3364 τὴν
453 3295 516 3346 ἐκ
541 3292 634 3345 τοῦ
663 3292 790 3362 παρ’
817 3291 1006 3344 ἐλπίδα
1034 3291 1306 3361 συμϐῆναι
1337 3291 1587 3364 λαμϐάνῃ
1616 3307 1781 3360 προσ-

208 3377 402 3447 θήκην,
449 3376 698 3447 ἐννόησον
732 3373 847 3436 πῶς
879 3375 1150 3444 ἀφόρητον
1196 3374 1438 3441 γίνεται,
1474 3373 1566 3426 καλ¹
1603 3373 1780 3427 πάντα

207 3459 523 3529 ὑπερϐαίνει
567 3458 740 3524 λόγον.
785 3455 972 3509 Βούλει
1011 3458 1104 3509 καὶ
1147 3457 1311 3528 ἕκτην
1355 3456 1584 3510 ἀκοῦσαι
1640 3457 1780 3528 πλη-

214 3545 354 3612 γήν;
416 3541 503 3593 Ἐν
535 3539 682 3609 αὑτῷ
720 3540 818 3610 τῆς
850 3539 1064 3610 ἡλικίας
1109 3538 1186 3609 τῷ
1226 3539 1376 3593 ἀνθει
1418 3540 1630 3603 πάντας
1677 3541 1782 3595 ἁπ-

207 3625 585 3678 ώλεσεν.”1στε
613 3624 669 3676 δέ
693 3623 837 3686 ὅπως
862 3625 910 3675 οἱ
943 3624 1110 3695 ἄωροι
1139 3625 1390 3678 δάκνουσι
1418 3623 1655 3688 θάνατοι,
1689 3623 1782 3677 καὶ

212 3708 456 3762 ποικίλον
504 3706 716 3760 ποιοῦσι
764 3707 826 3758 τὸ
860 3706 1068 3768 πένθος.
1125 3702 1295 3770 Οὗτος
1348 3709 1405 3760 δέ
1452 3708 1552 3761 οὑκ
1604 3709 1782 3779 ἄωρος

207 3793 372 3864 μόνον
410 3787 498 3863 ἦν,
530 3791 676 3863 [769]
720 3790 856 3844 ἀλλά
901 3791 992 3845 καὶ
1023 3791 1214 3862 βίαιος,
1245 3792 1320 3855 ὼς
1351 3787 1492 3846 εἶναι
1530 3793 1624 3845 καὶ
1655 3790 1784 3845 ταύ-

209 3893 311 3945 την
355 3875 587 3944 ἐϐδόμην
617 3874 830 3945 πληγήν
853 3889 866 3903 ·
904 3874 965 3926 οὑ
1007 3875 1114 3946 γάρ
1153 3875 1246 3927 ἐπὶ
1290 3876 1479 3946 κλίνης
1507 3870 1645 3928 εἶδεν
1682 3875 1781 3927 αὑ-

164 3993 168 3996 -
213 3959 342 4020 τοὺς
392 3957 757 4020 ἀποπνέοντας
805 3957 900 4010 καὶ
953 3956 1468 4028 ψυχορῤαγοῦντας,
1522 3957 1659 4010 ἀλλά
1713 3961 1782 4030 τῇ

215 4041 365 4113 οἰκίᾳ
393 4042 833 4111 καταχωσθέντας
866 4040 1130 4103 ἅπαντας.
1169 4041 1450 4114 Ἐννόησον
1471 4045 1668 4110 τοίνυν,
1699 4044 1783 4106 τίς

209 4123 280 4197 ἦν
323 4123 627 4194 ἀνορύττων
660 4126 834 4177 ἐκεῖνο
883 4123 943 4176 τὸ
991 4125 1173 4194 χῶμα,
1216 4127 1310 4179 καὶ
1342 4126 1436 4180 νῦν
1471 4127 1570 4198 μὲν
1611 4128 1778 4193 λίθον,

213 4211 310 4262 νῦν
348 4208 405 4261 δέ
455 4207 611 4277 μέλος
640 4208 880 4260 ἀνέλκων
915 4207 1150 4271 παιδίου,
1183 4210 1276 4262 καὶ
1325 4213 1480 4282 χεῖρα
1511 4209 1654 4282 ὀρῶν
1700 4211 1782 4264 ἐτι

215 4291 414 4361 φιάλην
443 4290 797 4359 κατέχουσαν,
825 4290 919 4341 καὶ
965 4289 1142 4354 δεξιάν
1188 4290 1381 4360 ἑτέραν
1430 4293 1782 4365 ἐπικειμένην

213 4373 291 4444 τῷ
345 4373 556 4435 πίνακι,
605 4372 698 4424 καὶ
735 4371 894 4424 αὑτὸν
941 4369 1034 4422 τοῦ
1083 4370 1333 4440 σώματος
1387 4373 1780 4444 διεφθαρμένον

214 4459 307 4510 τὸν
365 4456 553 4518 τύπον,
607 4453 750 4525 ῥινὸς
807 4453 1218 4524 συντριϐείσης,
1271 4455 1511 4526 κεφαλῆς
1560 4457 1784 4510 διαθλα-

215 4541 474 4611 σθείσης,
521 4537 812 4608 ὀφθαλμῶν
868 4535 1302 4605 ἀφανισθέντων.
1351 4538 1651 4607 ἐγκεφάλου
1707 4541 1786 4592 δι·-

213 4621 580 4693 εσπαρμένου,
608 4621 788 4691 πάσης
804 4618 988 4682 ἁπλῶς
1006 4619 1104 4690 τῆς
1129 4619 1343 4690 μορφῆς
1364 4619 1783 4693 διεφθαρμένης,

213 4705 311 4760 καὶ
358 4705 451 4774 τῆς
481 4703 589 4757 τῶν
617 4703 944 4774 τραυμάτων
977 4701 1247 4766 ποικιλίας
1284 4703 1385 4755 οὑκ
1411 4703 1666 4776 ἀφιείσης
1693 4710 1784 4758 τὸν

215 4785 430 4856 πατέρα
471 4785 578 4839 τῶν
617 4784 962 4854 ποθουμένων
1006 4784 1182 4854 ὄψεων
1236 4783 1533 4856 ἐπιγνῶναι
1564 4787 1654 4841 τὸν
1690 4789 1784 4842 τύ-

217 4888 342 4924 πον.
387 4868 722 4940 Συνεχύθητε
773 4869 946 4922 ταῦτα
993 4869 1300 4933 ἀκούοντες,
1356 4871 1450 4924 καὶ
1480 4870 1780 4939 δακρύετε·

213 4953 508 5024 ἐννοήσατε
541 4951 738 5014 τοίνυν,
765 4950 849 5013 τίς
879 4947 946 5021 ἦν
974 4953 1178 5015 ἐκεῖνος
1202 4952 1372 5008 ταῦτα
1396 4953 1557 5024 ὀρῶν.
1602 4955 1663 5009 Εἰ
1683 4955 1786 5028 γὰρ

215 5040 380 5111 ἡμεῖς
413 5036 550 5107 μετά
574 5035 824 5088 τοσοῦτον
851 5035 1040 5107 χρόνον
1085 5036 1148 5089 οὑ
1197 5036 1470 5108 δυνάμεθα
1520 5039 1785 5112 ἀδακρυτὶ

213 5121 316 5190 τῆς
337 5118 637 5190 τραγῳδίας
663 5117 872 5189 ἐκείνης
897 5120 995 5188 τὴν
1020 5119 1187 5188 ἀκοὴν
1207 5120 1469 5188 ἐνεγκεῖν,
1498 5123 1592 5175 καὶ
1613 5125 1786 5178 ταῦτα

214 5202 501 5271 ἀλλοτρίας
551 5201 838 5263 ἀκούοντες
878 5201 1196 5272 συμφοράς,
1253 5203 1335 5264 τίς
1383 5199 1451 5274 ἦν
1499 5207 1527 5256 ὀ
1573 5206 1786 5276 ἀδάμας

214 5287 422 5348 ἐκεῖνος
449 5284 547 5356 θέᾳ
567 5283 738 5337 ταῦτα
768 5284 1228 5354 παραλαμϐάνων,
1259 5288 1359 5339 οὑκ
1383 5288 1440 5340 ἐν
1460 5287 1780 5360 ἀλλοτρίοις,

215 5367 329 5420 ἀλλ’
358 5368 417 5418 ἐν
448 5367 668 5429 οἰκείοις
698 5366 1002 5437 φιλοσοφῶν
1028 5370 1250 5435 κακοίς;
1280 5379 1307 5409 ι
1353 5371 1486 5424 Οὑδέ
1519 5373 1626 5444 γάρ
1674 5375 1786 5426 ἀπ..

213 5449 597 5518 εδυσπέτησεν,
627 5449 746 5502 οὑδέ
772 5450 1009 5502 τοιοῦτον
1031 5449 1181 5502 οὐδὲν
1209 5447 1356 5504 εἷπε’
1381 5453 1446 5505 Τί
1479 5470 1608 5507 ποτε
1631 5456 1786 5508 τοῦτό

215 5533 398 5598 tam;
443 5531 583 5602 αῦτη
632 5548 720 5602 μοι
769 5532 867 5602 τῆς
902 5532 1382 5606 φιλοφροσύνης-εὴ
1421 5537 1663 5608 ἀμοιϐή;
1699 5539 1788 5592 διά

279 5680 310 5713 ⁸
332 5682 458 5734 Οὐδὲ
481 5683 569 5746 γάρ
606 5681 990 5752 ἀπεδυσπέτησεν
1007 5681 1270 5752 ὀύδέποτε,
1311 5684 1420 5734 οὐδὲ
1447 5685 1566 5748 εἶπε,
1592 5688 1650 5738 Τί
1672 5705 1788 5738 ποτε

1433 277 1522 332 DE
1559 277 1837 334 ιΑΖΑιιο
1868 278 2122 340 CONCIU
2158 285 2219 344 ν.

3314 285 3454 340 1028

1877 392 2035 444 τοῦτο
2065 393 2180 454 τοῖς
2219 390 2388 457 ξένοις
2413 391 2628 464 ἀνέῳξα-
2663 392 2764 464 τὴν
2801 391 2997 458 οἰκίαν,
3022 392 3106 446 ίνα
3138 391 3306 461 τάφον
3344 394 3454 448 τῶν

1878 475 2083 526 παίδων
2104 474 2396 544 γινομένην
2418 474 2586 546 αὑτὴν
2611 475 2806 541 ἐπίδω;
2831 475 2918 528 διὰ
2944 474 3036 527 τοῦ
3047 493 3101 528 το
3123 477 3302 529 πᾶσαν
3327 478 3455 549 περὶ

1876 558 2070 619 αὐτοὺς
2109 556 2307 628 ἀρετὴν
2342 558 2717 628 ἐπεδειξάμην,
2752 558 2836 611 ἵνα
2859 558 3096 612 τοιοῦτον
3124 559 3455 628 ὑπομείνωσι

1878 638 2140 702 θάνατον;
2191 639 2356 692 υὺδὲν
2403 639 2605 717 τούτων
2645 643 2745 693 οὑκ
2779 636 2951 705 εἶπεν,
2999 641 3097 694 οὑκ
3141 641 3450 710 ἐνενόησεν·

1876 729 1989 782 ἀλλ’
2019 729 2178 798 ἔφερε
2220 729 2400 783 πάντα
2426 729 2689 797 γενναίως
2721 732 2814 784 καὶ
2848 732 2983 801 μετά
3033 731 3300 800 τοσαύτην
3335 731 3455 783 ἐπι-

1891 812 2108 881 μέλειαν
2146 811 2324 864 αὑτῶν
2376 811 2711 882 ἀφαιρεθείς.
2762 814 3026 885 Καθάπερ
3080 814 3190 883 γάρ
3237 813 3454 886 ἀριστος

1877 893 2285 963 ἀδριαντοποιδς
2318 895 2550 970 χρυσοῦς
2578 894 2915 948 διαπλάττων
2948 896 3285 966 ἀνδριάντας,
3315 896 3455 967 μετά

1878 975 2080 1045 πολλῆς
2101 975 2431 1038 καλλωπίζει
2450 977 2549 1046 τῆς
2567 977 2850 1048 ἀκριϐείας
2867 994 2879 1006 ο
2898 978 3039 1032 οὑτω
3061 980 3154 1032 καὶ
3175 979 3336 1042 αὐτὸς
3357 978 3456 1042 τὰς

1875 1057 2096 1110 ἐκείνων
2121 1058 2418 1130 ἐρῤύθμιζε
2449 1058 2623 1128 ψυχὰς
2659 1059 3030 1126 διαπλάττων,
3067 1061 3450 1132 κατακοσμῶν.

1876 1140 1986 1192 Καὶ
2026 1139 2276 1211 καθάπερ
2319 1157 2403 1203 τις
2448 1139 2692 1211 γεωργὸς
2743 1141 3027 1209 φιλόπονος
3071 1143 3295 1213 στελέχη
3335 1159 3454 1211 φοι-

1875 1220 2041 1274 νίκων
2101 1222 2134 1292 ἢ
2189 1221 2383 1274 ἐλαιῶν
2444 1221 2651 1291 ἄρδων,
2713 1223 2986 1292 τειχίζων,
3045 1227 3452 1296 περιφράττων,

1877 1303 2038 1356 παντὶ
2093 1303 2410 1375 θεραπεύων
2443 1304 2630 1376 τρόπῳ
2675 1305 2934 1358 διατελεῖ·
2987 1307 3129 1360 οὕτω
3167 1309 3260 1360 καὶ
3302 1302 3454 1370 οὗτος

1875 1384 1936 1438 οὑ
1975 1384 2324 1456 διελίμπανε,
2359 1385 2612 1458 καθάπερ
2666 1387 2852 1440 ἐλαίαν
2904 1387 3025 1441 τινὰ
3074 1389 3450 1460 κατάκαρπον,

1875 1467 1975 1536 τὴν
2011 1467 2240 1520 ἑκάστου
2270 1467 2447 1538 ψυχὴν
2489 1471 2569 1531 είς
2616 1469 2834 1523 πλείονα
2864 1471 3066 1541 ἀρετῆς
3108 1469 3286 1536 αὔξων
3336 1471 3454 1523 ἐπί-

1875 1547 2039 1600 δοσιν.
2078 1547 2214 1600 ’Δλλ⁹
2243 1544 2350 1602 εἶδε
2383 1549 2606 1621 στελέχη
2632 1555 2697 1622 τῇ
2729 1551 2822 1605 τοῦ
2865 1552 3101 1622 πονηροῦ
3147 1551 3458 1622 πνεύματος

1876 1630 2147 1701 προσϐολῇ
2203 1631 2651 1697 ἀνασπασθέντα,
2709 1635 2802 1687 καὶ
2851 1636 2942 1687 ἐπὶ
2991 1635 3094 1704 γῆς
3136 1633 3452 1695 ἐκταθέντα,

1877 1714 1970 1766 καὶ
1999 1713 2088 1765 τὸν
2116 1713 2346 1768 ἐλεεινὸν
2390 1715 2486 1784 τῆς
2522 1714 2774 1785 τελευτῆς
2815 1717 3182 1786 ὑπομείναντα
3231 1716 3450 1786 τρόπον,

1877 1795 1969 1847 καὶ
2001 1795 2152 1849 οὑδέν
2193 1795 2511 1866 βλάσφημον
2550 1797 2870 1866 ἐφθέγξατο,
2913 1798 3048 1852 ἀλλά
3093 1799 3185 1851 καὶ
3228 1797 3454 1868 εὑχαρί-
3507 1791 3512 1798 ’

1878 1893 2062 1946 στησε,
2095 1878 2312 1948 καιρίαν
2347 1878 2469 1942 δοὺς
2499 1879 2577 1949 τῷ
2604 1878 2834 1950 διαϐόλῳ
2864 1880 2962 1952 τὴν
2988 1883 3224 1952 πληγήν.

1948 1957 2008 2012 ε’.
2042 1959 2191 2013 Εἰδέ
2229 1959 2434 2027 λέγοις,
2479 1960 2562 2013 ὃτι
2612 1961 2836 2024 πολλοὺς
2887 1959 3030 2033 εἰχεν
3074 1956 3228 2026 οὗτος
3271 1961 3456 2026 υἱοὺς,

1877 2039 2035 2104 ἄλλος
2072 2041 2126 2094 δέ
2168 2042 2430 2106 πολλάκις
2458 2043 2552 2096 ἕνα
2584 2044 2846 2115 μονογενῆ
2889 2044 3026 2114 ἔχων
3059 2043 3328 2107 ἀπώλεσε,
3360 2043 3455 2096 καὶ

1877 2123 1976 2176 οὑκ
2006 2123 2116 2176 ἴσον
2144 2124 2204 2176 τὸ
2231 2124 2443 2188 πένθος,
2473 2124 2654 2188 καλῶς
2685 2125 2885 2192 λέγεις,
2915 2126 3070 2194 κάγώ
3095 2127 3175 2179 σοί
3204 2143 3344 2196 φημι
3374 2127 3454 2178 ὅτι

1879 2205 1978 2258 οὑκ
2022 2205 2134 2260 ἴσον
2174 2207 2233 2260 τὸ
2268 2207 2482 2273 πένθος,
2509 2207 2644 2261 ἀλλά
2673 2207 2849 2278 πολλῷ
2885 2207 3066 2279 μεῖζον
3097 2208 3160 2261 τὸ
3188 2211 3279 2262 τοῦ
3313 2208 3454 2262 Ἰώϐ.

1880 2287 1944 2339 Τί
1981 2287 2088 2358 γὰρ
2129 2287 2276 2358 αὑτῷ
2306 2289 2405 2358 τῆς
2447 2290 2802 2354 πολυπαιδίας
2849 2290 3067 2359 δφελος;
3115 2291 3456 2363 Τρανοτέραν

1880 2371 2029 2441 αὑτῷ
2069 2370 2164 2442 τὴν
2217 2373 2500 2442 συμφορὰν
2553 2375 2774 2442 ἐποίησε
2835 2374 2930 2426 καὶ
2981 2374 3309 2445 πικροτέραν
3360 2372 3456 2443 τὴν

1880 2452 2070 2524 ὀδύνην
2097 2455 2158 2506 τὸ
2198 2456 2255 2508 ἐν
2287 2455 2492 2507 πλείοσι
2523 2453 2737 2526 σώμασι
2771 2455 2830 2508 τὸ
2859 2455 3080 2526 τραῦμα
3111 2455 3384 2520 δέξασθαι.

1952 2537 2014 2588 Εἰ
2051 2536 2108 2588 δέ
2137 2536 2313 2606 βούλει
2340 2539 2433 2590 καὶ
2459 2537 2644 2608 ἕτερον
2677 2537 2804 2590 ἰδεῖν
2828 2537 2982 2605 ἀγιον
3006 2538 3266 2609 μονογενῆ
3289 2539 3457 2592 παῖδα

1882 2617 2092 2688 έχοντα,
2142 2618 2235 2672 καὶ
2269 2620 2368 2683 τὴν
2417 2620 2584 2690 αὑτὴν
2613 2619 2646 2690 ἢ
2680 2621 2774 2673 καὶ
2807 2620 3028 2673 πλείονα
3059 2619 3308 2690 ἀνδρείαν
3340 2623 3458 2674 ἐπι-

1881 2699 2210 2770 δειξάμενον,
2255 2701 2630 2772 ἀναμνήσθητι
2662 2701 2755 2755 τοῦ
2808 2702 3144 2773 πατριάρχου
3185 2702 3455 2774 Ἀϐραὰμ,

1881 2781 1940 2844 ὃς
1975 2783 2075 2835 οὑκ
2125 2779 2230 2835 εἶδε
2268 2784 2357 2835 τὸν
2394 2784 2576 2837 Ἰσαάκ
2622 2785 2980 2848 ἀποθανόντα,
3027 2784 3162 2850 ἀλλ’,
3203 2785 3232 2837 ὃ
3278 2785 3457 2856 πολλῷ

1884 2865 2204 2936 πικρότερον
2247 2861 2314 2936 ἦν
2343 2867 2436 2918 καὶ
2477 2866 2884 2940 ὀδυνηρότερον,
2913 2867 3075 2930 αὑτὸς
3111 2868 3272 2922 αὑτὸν
3299 2886 3459 2922 κατα-

1885 2947 2082 3016 σφάξαι
2131 2947 2473 3012 ἐπετάττετο,
2524 2949 2617 3001 καὶ
2658 2949 2759 3002 οὑκ
2806 2950 3025 3002 ἀντεῖπε
3075 2950 3209 3020 πρὸς
3247 2951 3307 3003 τὸ
3336 2952 3458 3004 ἐπί-

1884 3049 2090 3102 ταγμα,
2124 3031 2244 3084 οὑδὲ
2289 3030 2665 3102 ἐδυσχέρανεν,
2711 3031 2833 3084 οὑδέ
2866 3031 3166 3100 ἐφθέγξατό
3196 3050 3248 3085 τι
3285 3033 3460 3086 τοιοῦ-

1833 3165 1836 3168 .
1885 3131 2009 3168 τονο
2041 3113 2141 3166 Διά
2163 3113 2320 3166 τοῦτό
2352 3130 2418 3184 με
2448 3113 2659 3184 πατέρα
2688 3114 2969 3184 ἐποίησας,
2999 3114 3087 3168 ἵνα
3111 3115 3460 3169 παιδοκτόνον

1886 3198 2199 3270 ἀπεργάσῃ;
2237 3195 2442 3265 βέλτιον
2471 3191 2539 3266 ἦν
2567 3195 2641 3266 μὴ
2670 3195 2851 3248 δοῦναι
2880 3195 2977 3266 τὴν
3003 3196 3198 3268 ἀρχὴν,
3232 3198 3264 3269 ἢ
3294 3198 3454 3251 δόντα

1885 3279 2121 3349 τοιούτῳ
2152 3277 2302 3351 [770]
2349 3277 2536 3348 τρόπῳ
2584 3277 2746 3331 αὑτὸν
2783 3277 3096 3346 ἀφελέσθαι.
3147 3279 3333 3333 Βούλει
3365 3281 3461 3334 λα-

1885 3363 2032 3429 ϐεῖν;
2076 3361 2218 3424 τίνος
2268 3361 2454 3413 ἕνεκεν
2492 3361 2637 3430 κάμὲ
2683 3359 3026 3430 κατασφάξαι
3074 3362 3336 3428 κελεύεις,
3369 3366 3462 3418 καὶ

1886 3445 1984 3516 τὴν
2028 3443 2206 3510 δεξιάν
2265 3444 2453 3514 μιᾶναι
2498 3444 2596 3513 τὴν
2643 3443 2915 3514 ἐμαυτοῦ;
2954 3446 3068 3498 Οὑκ
3116 3445 3224 3498 ἀπὸ
3269 3446 3459 3500 τούτου

1891 3543 1982 3598 μοι
2013 3525 2107 3578 τοῦ
2147 3525 2356 3579 παιδίου
2391 3525 2490 3596 τὴν
2519 3525 2843 3596 οἰκουμένην
2881 3526 3154 3597 ἐμπλῆσαι
3189 3527 3298 3580 τῶν
3327 3529 3462 3581 ἀπο-

1887 3609 2062 3679 γόνων
2092 3608 2362 3678 ὑπέσχου;
2404 3607 2521 3672 πῶς
2553 3604 2645 3661 οὖν
2686 3610 2812 3672 τοὺς
2865 3611 3111 3680 καρποὺς
3162 3609 3314 3672 δίδως
3359 3611 3460 3683 τήν

1891 3691 2047 3764 ῥίζαν
2098 3689 2366 3762 ἀναιρῶν;
2410 3690 2526 3754 πῶς
2576 3690 2631 3744 δὲ
2681 3692 2982 3760 ἀπογόνους
3022 3693 3332 3766 ἐπαγγέλλῃ
3369 3695 3460 3747 τὸν

1888 3775 2002 3826 υἰὸν
2055 3772 2457 3841 κατασφάττειν
2516 3772 2784 3840 κελεύων;
2839 3774 2922 3838 τίς
2977 3775 3148 3829 ταῦτα
3203 3773 3331 3840 εἶδε,
3375 3777 3460 3841 τίς

1888 3854 2061 3909 ταῦτα
2111 3855 2378 3927 ήκουσεν;
2425 3854 2780 3926 Ἦπάτημαι,
2838 3857 3256 3927 παρελογίσθην.
3294 3859 3458 3912 Οὑδέν

1887 3937 2098 3990 τοιοῦτο
2135 3937 2235 3990 οὑκ
2265 3933 2438 4001 εἶπεν,
2483 3939 2584 3990 οὑκ
2617 3938 2916 4007 ἐνενόησεν,
2966 3940 3065 3991 οὑκ
3114 3941 3332 3991 ἀντεῖπε
3381 3941 3459 4009 τῷ

1890 4019 2227 4086 κελεύσαντι,
2256 4020 2357 4072 οὑκ
2397 4019 2677 4090 ἀπῄτησεν
2717 4019 2968 4083 εὑθύνας,
3005 4020 3139 4072 ἀλλά
3178 4021 3416 4085 ἀκούσας
3440 4039 3454 4052 ο

1889 4101 2047 4157 Λαϐἑ
2071 4100 2179 4154 τὸν
2214 4103 2346 4156 υἱόν
2377 4118 2492 4158 σου
2527 4103 2634 4155 τὸν
2660 4102 2988 4172 ἀγαπητὸν,
3018 4102 3091 4157 ὃν
3114 4102 3456 4172 ἠγάπησας,

1889 4184 1995 4238 τὸν
2033 4183 2246 4248 Ἰσαὰκ,
2273 4183 2370 4237 καί
2398 4183 2660 4253 ἀνάγαγε
2692 4184 2878 4237 αὐτὸν
2910 4185 3001 4252 ἐφ’
3033 4183 3102 4238 ἓν
3132 4183 3250 4238 τῶν
3276 4187 3458 4252 ὀρέων

1889 4261 1976 4320 ὧν
2005 4265 2082 4318 ἄν
2111 4281 2208 4318 σοι
2246 4265 2412 4330 εῖπω,
2445 4267 2582 4336 μετά
2610 4265 2878 4338 τοσαύτης
2908 4267 3213 4337 προθυμίας
3237 4267 3299 4320 τὸ
3339 4266 3459 4321 ἐπί-

1890 4364 2076 4418 ταγμα
2102 4347 2440 4417 ἐπλήρωσεν,
2465 4348 2540 4410 ὡς
2567 4349 2659 4401 καὶ
2685 4347 2904 4401 πλείονα
2925 4348 3033 4401 τῶν
3059 4348 3459 4418 ἐπιταχθέντων

1892 4433 2134 4500 ποιῆσαι.
2188 4431 2298 4482 Καὶ
2348 4429 2456 4502 γὰρ
2494 4429 2554 4482 τὸ
2618 4429 2839 4498 γύναιον
2903 4429 3139 4501 ἔκρυψε,
3181 4432 3275 4484 καὶ
3331 4433 3457 4494 τοὺς

1891 4512 2090 4575 παῖδας
2137 4511 2294 4564 ἔλαθε
2341 4513 2493 4565 κάτω
2530 4512 2712 4583 μένειν
2745 4513 2922 4583 ἀφεὶς,
2971 4516 3064 4567 καὶ
3097 4513 3258 4583 μόνον
3288 4514 3350 4567 τὸ
3383 4516 3458 4567 ίε-

1892 4599 2034 4669 ρεῖον
2066 4593 2247 4648 λαϐὼν
2295 4595 2480 4666 ἀνῄει·
2534 4593 2706 4660 οὑτως
2751 4598 2852 4650 οὑκ
2906 4597 3075 4662 ἄκων,
3122 4597 3258 4650 ἀλλά
3321 4597 3458 4668 μετά

1893 4677 2200 4750 προθυμίας
2233 4677 2431 4748 πολλῆς
2454 4678 2514 4732 τὸ
2540 4679 2826 4733 κελευσθὲν
2851 4680 3137 4751 ἔπραττεν.
3178 4681 3458 4749 Ἐννόησον

1889 4762 2068 4814 τοίνυν
2097 4761 2282 4832 ἡλίκον
2312 4757 2401 4832 ἦν,
2433 4761 2592 4833 μόνον
2623 4763 2770 4834 μόνῳ
2803 4763 3144 4832 διαλέγεσθαι
3175 4762 3252 4834 τῷ
3284 4762 3456 4828 παιδὶ,

1896 4841 2120 4914 μηδενὸς
2147 4843 2432 4914 παρόντος,
2459 4844 2549 4897 ὅτε
2583 4845 2781 4914 μᾶλλον
2814 4845 2886 4897 τά
2923 4845 3206 4914 σπλάγχνα
3243 4844 3458 4915 διαθερ-

1896 4926 2160 4997 μαίνεται,
2206 4928 2294 4980 καὶ
2337 4925 2687 4998 σφοδρότερον
2729 4927 2791 4980 τὸ
2829 4927 3049 4997 φίλτρον
3079 4929 3318 4996 γίνεται,
3365 4930 3460 4982 καὶ

1891 5007 2050 5060 τοῦτο
2078 5009 2177 5062 οὑκ
2214 5009 2272 5061 ἐν
2299 5011 2398 5080 μιᾷ
2422 5009 2455 5080 ἢ
2484 5009 2654 5074 δυσὶν,
2681 5009 2819 5063 ἀλλά
2847 5012 2941 5062 καὶ
2970 5013 3026 5063 ἐν
3060 5009 3296 5064 πλείοσιν
3324 5012 3460 5080 ήμέ-

1897 5109 2041 5162 ραις.
2096 5091 2170 5144 Τὸ
2225 5093 2323 5162 μὲν
2371 5092 2480 5162 γάρ
2513 5093 2724 5166 ταχέως
2761 5094 2978 5163 ποιῆσαι
3033 5093 3094 5146 τὸ
3146 5093 3455 5163 ἐπιταχθὲν,

1894 5173 2204 5244 θαυμαστὸν
2248 5175 2342 5227 καὶ
2377 5174 2538 5244 μέγα,
2586 5175 2700 5228 ἀλλ’
2726 5175 2824 5244 οὑχ
2854 5175 2996 5228 οὑτω
3041 5175 3350 5246 θαυμαστὸν
3383 5175 3456 5238 ὼς

1891 5269 2033 5333 τοῦτὸ
2078 5270 2230 5328 ἐστινς
2247 5331 2262 5333 _
2284 5269 2631 5333 .AXX’AD‘EYEV,‘
2655 5288 2678 5311 οι
2725 5269 2784 5320 Ὃ
2817 5272 2986 5333 Κύριος
3026 5272 3216 5330 ἔδωκεν,
3239 5272 3266 5320 ὀ
3290 5269 3460 5333 Κύριος

1893 5331 2125 5408 ἀφείλετο.
2153 5349 2214 5408 ,γ’
2236 5331 2332 5408 ξΛν
2358 5331 2496 5404 ,οὕτω
2533 5331 2646 5408 MEO"
2669 5331 3152 5408 ﬁgiﬁ‘ﬁiovopéggv
3194 5331 3460 5408 100915006

1895 5390 2120 5462 μακάριος
2153 5390 2280 5449 Ἰὼϐ,
2303 5390 2376 5464 ὀὐ
2412 5391 2551 5451 μόνον
2575 5391 2648 5438 ἐπὶ
2674 5390 2758 5448 τῆς
2779 5390 3004 5468 θλίψεως,
3162 5394 3242 5440 καὶ
3267 5392 3343 5441 ἐπὶ
3363 5390 3460 5440 τῶν

1894 5454 2053 5530 αὶ-λωξί
2075 5451 2767 5530 ἐλειτῖψτωϊνωέαίέεεοῖί
2791 5469 2907 5530 προς
2923 5469 3003 5528 τιν
3021 5454 3460 5530 ἡμιεροῖ.ἀπ>-εγο

1895 5514 2072 5620 σομε-θα
2113 5515 2375 5568 Δεσπὸτην,
2397 5514 2478 5558 καὶ
2515 5516 2598 5569 τῆς
2633 5514 2718 5560 τοῦ
2743 5514 2887 5576 πυρὸς
2906 5514 3088 5576 γεέννης
3123 5514 3461 5574 ἀπαλλαγησὸο-

1895 5574 2132 5650 με.α,υκαὶ
2156 5573 2272 5650 μετ-ἀ
2293 5572 2554 5650 παρρησίας
2575 5573 2845 5650 στῃσὸμεθα
2861 5573 3228 5650 εὲμπροσθενντοῦ
3245 5577 3461 5650 βήματος

1893 5633 1978 5706 imp
2019 5633 2244 5706 ᾉριστιοῖν
2282 5633 2561 5706 ῄς-ζγένοιτο
2587 5633 2762 5706 πάντας
2783 5633 2907 5706 ἡμξις
2940 5633 3169 5706 ἐπιτγχεῖν
3199 5633 3353 5706 χάριτι
3379 5634 3459 5684 καὶ

1896 5694 2212 5765 φιλανθρωπία
2235 5694 2320 5744 τοῦ
2343 5694 2518 5758 Κυρίου
2531 5697 2668 5758 ἡμῶν
2681 5694 2839 5755 Ἰησοῦ
2852 5694 3082 5762 Χριστοῦ,
3090 5694 3296 5749 ὶιεῘΗέ.
3313 5711 3440 5747 unus
