4030 6136
643 293 780 354 1025

635 425 698 478 τὸ
748 420 834 476 διὰ
885 422 1096 478 πολλῶν
1145 423 1367 496 ἡμερῶν
1425 423 1859 494 βασανιζομένης
1903 420 2071 476 αὑτοῦ
2121 419 2218 474 καὶ

638 505 1056 578 γυμναζομένης
1110 507 1208 577 τῆς
1260 505 1438 576 ψυχῆς
1495 507 1661 578 μηδὲν
1713 507 1908 561 παθεῖν
1968 506 2106 577 πρὸς
2155 505 2219 557 τὸ

636 590 852 644 παιδίον
881 591 1239 662 ἀνθρώπινον.
1267 591 1366 645 Διά
1393 592 1501 662 γάρ
1540 591 1698 644 τοῦτο
1729 592 1863 646 αύτδ
1887 591 1982 645 καὶ¹
2012 590 2218 662 μακρό-

635 691 773 747 τερα
824 676 1124 747 σκάμματα
1171 675 1436 748 ἐπέθηκεν
1474 678 1502 729 ὁ
1539 676 1705 740 Θεὸς,
1761 677 1856 729 καὶ
1899 676 1961 728 τὸ
2004 675 2217 728 στάδιον

637 758 903 824 ἐξέτεινεν
930 799 945 823 ,
979 758 1067 812 ἵνα
1108 758 1494 829 ἀκριϐέστερον
1530 759 1646 829 ἴδῃς
1677 759 1770 812 τὸν
1811 758 2074 828 ἀθλητήν.
2107 757 2218 810 Kal

637 843 747 912 γὰρ
776 837 845 914 ἦν
878 841 1118 914 ἀθλητὴς
1146 841 1334 906 ὅντως,
1362 842 1462 895 οὐκ
1489 841 1763 914 ἀνθρώπῳ
1800 842 2065 906 παλαίων,
2100 841 2216 894 ἀλλ’

635 927 773 996 αὐτῇ
808 927 874 996 τῇ
919 925 1020 994 τῆς
1072 923 1288 993 φύσεως
1317 924 1613 997 τυραννίδι.
1643 927 1802 987 Ποῖος
1839 923 1999 993 λόγος
2033 942 2214 995 παρα-

637 1008 831 1078 στῆσαι
874 1007 1162 1080 δυνήσεται
1203 1010 1301 1080 τὴν
1351 1007 1636 1080 ἀνδρείαν;
1675 1008 1943 1080 Ἀνήγαγε
1976 1008 2038 1060 τδ
2089 1025 2216 1062 παι-

632 1088 766 1153 δίον,
798 1090 1134 1156 συνεπόδισε,
1169 1095 1281 1156 τοῖς
1313 1091 1489 1155 ξύλοις
1522 1090 1781 1161 ἐπέθηκε,
1809 1090 1908 1161 τὴν
1941 1092 2214 1160 μάχαιραν

632 1172 903 1243 ⁴ἥρπασεν,
933 1175 1159 1244 ἐπάγειν
1185 1174 1284 1240 τὴν
1309 1175 1526 1246 πληγὴν
1551 1174 1764 1245 ἔμελλε.
1799 1173 1924 1238 Πῶς
1950 1172 2090 1227 εἴπω
2119 1175 2216 1228 καὶ

633 1255 773 1326 ποίῳ
817 1257 1026 1329 τρόπῳ,
1078 1259 1178 1311 οὐκ
1211 1259 1348 1328 ἐχω·
1387 1259 1547 1328 μόνος
1599 1257 1762 1319 αὐτὸς
1793 1251 1935 1310 οἶδεν
1979 1258 2008 1310 ὁ
2039 1257 2214 1311 ταῦτα

632 1338 1037 1411 ἐργασάμενος·
1067 1341 1224 1409 λόγος
1264 1341 1373 1413 γὰρ
1395 1341 1568 1404 οὐδεὶς
1598 1339 1949 1411 παραστῆσαι
1987 1339 2215 1411 δυνήσε-

631 1439 743 1488 ται,
778 1424 896 1488 πῶς
925 1426 1025 1478 οὐκ
1052 1425 1352 1497 ἐνάρκησεν
1383 1427 1416 1496 ή
1450 1425 1592 1496 χεὶρ,
1625 1424 1742 1487 πῶς
1771 1423 1871 1476 ούκ
1905 1423 2068 1494 ἐλύθη
2104 1424 2215 1478 τῶν

631 1507 840 1578 νεύρων
897 1510 925 1562 ὁ
971 1509 1139 1573 τόνος,
1171 1509 1287 1574 πῶς
1337 1509 1396 1562 ού
1453 1509 1704 1578 συνέχεεν
1735 1507 1900 1561 αὑτὸν
1932 1509 1966 1579 ὴ
2017 1507 2214 1561 ποθουσο

634 1590 772 1662 μένη
813 1590 906 1644 τοῦ
944 1591 1157 1644 παιδίου
1211 1591 1354 1660 ὄψις.
1405 1591 1587 1656 ’Ἄξιον
1646 1589 1878 1644 ἐνταῦθα
1930 1591 2212 1662 θαυμάσαι

630 1673 728 1726 καὶ
754 1673 846 1726 τὸν
901 1674 1104 1728 Ἰσαάκ.
1141 1674 1350 1746 Ὥσπερ
1390 1673 1498 1746 γάρ
1550 1675 1753 1738 ἐκεῖνος
1778 1674 1856 1744 τῷ
1888 1674 2028 1745 Θεῷ,
2069 1674 2213 1729 οὕτω

631 1758 726 1810 καὶ
779 1752 932 1823 οὗτος
983 1758 1230 1812 ἐπείθετο
1295 1758 1372 1830 τῷ
1422 1759 1621 1830 πατρί·
1685 1758 1934 1830 καθάπερ
1985 1760 2210 1824 ἐκεῖνος,

628 1839 723 1892 τοῦ
758 1839 892 1893 Θεοῦ
933 1840 1246 1905 κελεύοντος
1275 1839 1460 1906 θῦσαι,
1487 1844 1590 1896 ούκ
1621 1841 1901 1913 ἀπῄτησεν
1949 1840 2210 1906 εύθύνας’

629 1921 774 1978 οὕτω
835 1923 929 1978 καὶ
973 1917 1156 1989 οὗτος,
1218 1924 1312 1978 τοῦ
1349 1925 1553 1996 πατρὸς
1585 1925 1940 1995 δεσμεύοντος
1983 1925 2077 1978 καὶ
2123 1925 2215 1977 ἀν-

630 2006 853 2075 άγοντος
871 2009 962 2061 ἐπὶ
989 2008 1080 2062 τὸν
1110 2008 1310 2080 βωμὸν,
1339 2008 1438 2063 οὐκ
1465 2005 1616 2063 εἷπε*
1649 2010 1804 2072 Τίνος
1829 2009 2011 2062 ἐνεκεν
2042 2008 2214 2064 ταῦτα

630 2095 833 2158 mnarg;
866 2095 981 2146 ἀλλ’
1006 2093 1260 2146 ὑπέκειτο
1295 2095 1360 2164 τῇ
1408 2093 1554 2165 χειρὶ
1589 2096 1653 2164 τῇ
1687 2096 1960 2165 πατρικῇ.
2002 2094 2113 2148 Kal
2144 2089 2213 2166 ἦν

633 2174 760 2229 ἰδεῖν
780 2176 990 2247 πατέρα
1009 2177 1101 2230 καὶ⁸
1119 2177 1271 2248 ἱερέα
1287 2176 1568 2246 γινόμενον
1588 2177 1680 2231 τὸν
1701 2176 1882 2240 αὑτὸν,
1902 2178 1996 2231 καὶ
2021 2177 2213 2232 Θυσίαν

627 2260 798 2330 χωρὶς
850 2260 1083 2328 αἵματος
1130 2259 1567 2330 ἀναφερομένην,
1637 2259 1996 2331 όλοκαύτωμα
2046 2262 2215 2331 χωρὶς

629 2340 821 2411 πυρὸς,
851 2341 1081 2396 θανάτου
1127 2342 1220 2395 καλ⁵
1252 2342 1601 2406 ἀναστάσεως
1632 2342 1804 2398 τύπον
1833 2344 1927 2396 ἐπὶ
1975 2343 2070 2397 τοῦ
2104 2346 2212 2414 βω-

630 2422 733 2494 μοῦ
780 2424 1086 2494 γινόμενον.
1137 2426 1247 2479 Καὶ
1288 2425 1396 2496 γάρ
1439 2425 1643 2494 ἔσφαξε
1679 2426 1770 2479 τὸν
1803 2427 1940 2490 υἱὸν,
1973 2427 2068 2480 καὶ
2112 2427 2213 2480 οὐκ

628 2506 886 2575 ἔσφαξενν
913 2509 1013 2580 οὐκ
1038 2506 1237 2577 ἔσφαξε
1269 2509 1432 2580 χειρὶ,
1459 2509 1598 2563 ἀλλά
1625 2512 1692 2580 τῇ
1721 2509 2023 2580 προθυμίᾳ..
2059 2508 2213 2563 Ἐπεὶ

628 2591 776 2643 καὶὸ
810 2589 942 2655 Θεὸς
967 2578 1054 2644 διὰ
1090 2590 1246 2644 τοῦτο
1281 2578 1588 2656 ἐκέλευσεν,
1638 2578 1736 2662 ούχ
1769 2578 2004 2662 αἵματος
2053 2594 2212 2662 χύσιν

628 2671 953 2743 βουλόμενος
984 2673 1133 2738 ἰδεῖν,
1162 2673 1299 2728 ἀλλά
1339 2675 1657 2747 προαίρεσίν
1694 2693 1777 2728 σοι
1807 2677 1976 2743 δεῖξαι
2012 2676 2206 2743 θέλων,

627 2754 841 2809 καὶτὸν
876 2759 1119 2824 γενναῖον
1174 2760 1380 2811 ἐκεῖνον
1426 2759 1483 2810 ἐν
1534 2758 1684 2830 μέσῳ
1732 2759 1831 2831 τῆς
1879 2761 2212 2833 οἰκουμένης

626 2838 966 2910 ἁνακηρῦξαι
1005 2841 1204 2912 πάσης,
1249 2841 1344 2894 καὶ
1376 2842 1662 2896 παιδεῦσαι
1695 2842 1822 2904 τοὺς
1864 2843 2001 2912 μετὰ
2034 2843 2210 2898 ταῦτα

626 2920 856 2985 πάντας,
880 2923 962 2976 ὅτι
995 2927 1089 2978 καὶ
1116 2925 1341 2989 παίδων,
1375 2925 1468 2978 καὶ
1503 2923 1741 2994 φύσεως,
1770 2927 1867 2979 καὶ
1898 2926 2006 2980 τῶν
2034 2926 2203 2980 ὄντων

625 3004 902 3073 ἁπάντων,
947 3009 1041 3060 καὶ
1072 3008 1243 3078 αὐτῆς
1272 3008 1371 3077 τῆς
1415 3008 1593 3078 ψυχῆς
1637 3007 1730 3062 τοῦ
1759 3007 1893 3062 Θεοῦ
1934 3009 2002 3062 τά
2034 3026 2206 3079 προσ-

623 3086 880 3158 τάγματα
932 3092 1201 3162 προτιμᾷν
1247 3092 1375 3161 χρή.
1413 3090 1625 3162 Κατῄει
1674 3090 1854 3144 τοίνυν
1903 3091 2082 3156 ζῶντα
2111 3093 2207 3144 λα-

624 3169 734 3222 ϐὼν
768 3171 1021 3244 μάρτυρα
1053 3173 1146 3226 τὸν
1180 3173 1384 3227 Ἰσαάκ.
1424 3174 1558 3226 Τίνα
1605 3168 1698 3228 οὖν
1733 3175 1927 3246 ἕξομεν
1960 3175 2207 3243 ωγγνὼο

625 3269 754 3323 μην,
801 3255 921 3308 εἰπέ
957 3272 1067 3325 μοι,
1100 3256 1256 3309 ποίαν
1295 3257 1351 3310 δέ
1395 3257 1712 3327 ἀπολογίαν,
1747 3259 1796 3310 εί
1828 3257 1920 3311 τὸν
1955 3260 2204 3326 γενναῖον

621 3335 830 3390 ἐκεῖνον
866 3338 1004 3407 μετά
1054 3339 1322 3412 τοσαύτης
1367 3340 1583 3410 εἴδομεν
1625 3339 1935 3411 προθυμίας
1963 3340 2042 3410 τῷ
2085 3342 2204 3413 Θεῷ

623 3420 965 3489 πειθόμενον,
997 3423 1091 3475 καὶ
1129 3423 1344 3477 πάντων
1372 3423 1521 3494 αύτῷ
1553 3423 2008 3494 παραχωροῦντα,
2050 3424 2201 3497 [771]

622 3503 719 3555 καὶ
743 3505 900 3574 ἡμεῖς
927 3504 1381 3577 δυσχεραίνομενς
1421 3507 1513 3576 Μὴ
1553 3506 1616 3578 δή
1657 3523 1746 3577 μοι
1777 3507 1838 3560 τὸ
1880 3507 2075 3572 πένθος
2121 3508 2202 3560 εί-

623 3601 754 3655 πῃς,
804 3585 940 3657 μηδὲ
970 3587 1032 3638 τὸ
1065 3589 1164 3657 τῆς
1199 3591 1483 3658 συμφορᾶς
1532 3590 1826 3659 ἀφόρητον,
1859 3589 1972 3643 ἀλλ’
2026 3593 2202 3644 ἐκεῖνο

625 3668 920 3738 σκόπησον,
944 3669 1025 3722 ὅτι
1054 3671 1149 3722 καὶ
1174 3670 1269 3723 τοῦ
1296 3672 1524 3734 πένθους
1553 3672 1789 3741 χαλεποῦ
1817 3672 1970 3735 ὄντος
2002 3671 2204 3726 ἀνώτε-

624 3766 716 3820 ρος
765 3746 852 3820 ἦν.
894 3751 1094 3806 Ἱκανὸν
1143 3748 1212 3822 ἦν
1261 3753 1322 3806 τὸ
1380 3755 1669 3823 ἐπιταχθὲν
1703 3755 2000 3826 θορυϐῆσαι
2034 3755 2200 3809 αὐτοῦ

621 3831 711 3885 τὸν
751 3832 1029 3902 λογισμὸν,
1066 3835 1161 3888 καὶ
1197 3836 1276 3899 είς
1313 3837 1545 3914 ἀπορίαν
1593 3836 1756 3890 αὑτὸν
1793 3839 2072 3908 ἐμϐαλεῖν,
2105 3839 2202 3894 καὶ¹

619 3915 718 3986 τὴν
765 3917 948 3971 πίστιν
993 3919 1258 3991 ὑπορύξαι
1304 3921 1404 3992 τὴν
1439 3921 1496 3974 ὲν
1529 3923 1641 3984 τοῖς
1695 3921 2045 3993 παρελθοῦσι.
2104 3922 2203 3986 Τίς

618 4000 729 4070 γὰρ
759 3998 868 4054 τῶν
902 4001 1110 4057 πολλῶν
1151 4003 1251 4057 οὐκ
1291 4002 1356 4056 ἂν
1406 4004 1655 4074 ἐνόμιζεν
1697 4005 1912 4076 ἀπάτην
1961 4002 2098 4060 εἶναι
2131 4005 2202 4060 τά

616 4085 884 4156 εἰρημένα
920 4087 1047 4159 περί
1086 4087 1182 4142 τοῦ
1224 4088 1462 4161 πλήθους
1500 4089 1609 4143 τῶν
1643 4090 1900 4160 ἐγγόνων,
1943 4083 2016 4145 ῶν
2049 4090 2199 4162 αύτῷ

1366 299 1426 354 S.
1465 297 1752 356 JOANNIS
1789 299 2276 356 CIIBYSOSTOMI
2314 301 2638 359 ARCHIEP.
2676 299 3227 364 CONSTANTINOP.

2319 408 2711 478 ἐπηγγείλατο;
2763 411 2902 464 Ἀλλ’
2953 412 3052 483 οὐχ
3095 414 3124 464 ὀ
3164 411 3433 482 Ἀϐραάμ.
3480 414 3587 470 Kal
3632 416 3716 472 τὸν
3750 422 3848 476 Ἰὼϐ

2317 492 2375 546 δὲ
2420 497 2518 565 τῆς
2579 497 2673 550 ἐπὶ
2725 500 2790 568 τῇ
2852 501 3109 570 συμφορᾷ
3171 498 3482 567 φιλοσοφίας
3538 501 3635 571 οὐχ
3691 497 3846 575 ἦττον,

2320 577 2414 630 καὶ
2450 579 2590 649 ὑπὲρ
2617 579 2806 634 τούτου
2849 581 3086 650 μάλιστα
3131 582 3293 634 αὐτὸν
3324 581 3613 652 θαυμάζειν
3640 586 3754 657 χρὴ,
3782 589 3847 644 ὃτι

2323 661 2460 731 μετὰ
2487 665 2755 734 τοσαύτην
2792 664 3013 736 ἀρετὴν,
3050 665 3187 736 μετά
3231 664 3594 736 ἐλεημοσύνας
3625 671 3712 722 καὶ
3749 673 3846 738 φιλ-

2319 745 2665 817 ανθρωπίας,
2723 748 2860 818 μετά
2915 749 2976 801 τὸ
3027 749 3195 820 μηδὲν
3273 750 3412 821 μήτε
3481 749 3679 821 ἐαυτῷ,
3735 755 3847 823 μήτε

2317 831 2430 894 τοῖς
2487 831 2644 882 παισὶ
2709 832 3006 886 συνειδέναι
3069 832 3324 904 πονηρὸν,
3385 832 3633 886 τοσοῦτον
3686 835 3846 900 πένθος

2321 911 2447 966 ίδὼν
2487 912 2628 967 οῦτω
2673 915 2860 969 καινὸν
2899 917 2992 970 καὶ
3045 914 3345 988 παράδοξον
3397 914 3493 968 καὶ
3545 917 3720 987 μηδενὶ
3760 919 3844 972 τῶν

2316 992 2386 1046 τά
2423 994 2622 1065 ἔσχατα
2685 997 3096 1068 τετολμηκότων
3142 997 3517 1070 συμϐεϐηκὸς,
3568 1000 3662 1053 ούκ
3707 1000 3843 1056 ἔπαθε

2316 1076 2386 1130 τά
2427 1079 2535 1130 τῶν
2577 1080 2810 1144 πολλῶν,
2859 1082 2980 1134 ούδέ
3015 1081 3265 1152 ἐνόμισεν
3311 1080 3566 1153 ἀνόνητον
3607 1079 3732 1137 εἶναι
3765 1087 3844 1158 τὴν

2317 1159 2540 1231 ἀρετὴν,
2594 1163 2716 1217 ούδέ
2792 1164 2976 1226 κακῶς
3045 1162 3429 1234 βεϐουλεῦσθαι
3506 1168 3614 1230 τοῖς
3678 1168 3844 1239 παρελο

2318 1243 2522 1299 θοῦσιν.
2556 1248 2720 1301 Ὠστε
2758 1248 2826 1301 δι’
2863 1249 3148 1321 ἀμφότερα
3197 1249 3394 1313 αὐτοὺς
3447 1248 3618 1303 ταῦτα
3657 1251 3712 1303 ού
3745 1251 3846 1304 θαυ-

2320 1331 2512 1401 μάζειν
2550 1333 2656 1406 χρὴ
2693 1335 2874 1404 μόνον,
2921 1334 3056 1388 ἀλλὰ
3101 1335 3195 1387 καὶ
3233 1333 3430 1404 ζηλοῦν
3482 1335 3574 1386 καὶ
3605 1336 3842 1406 μιμεῖσθαι

2315 1413 2416 1484 τὴν
2459 1415 2678 1487 ἀρετήν.
2724 1417 2834 1470 Καὶ
2879 1417 2952 1487 μὴ
2987 1416 3190 1484 λεγέτω
3228 1433 3344 1481 τις,
3387 1417 3472 1469 ὅτι
3515 1417 3699 1471 ἐκεῖνοι
3737 1419 3843 1487 θαυ-

2319 1484 2509 1566 μαστοί
2535 1484 2677 1562 τινες
2706 1484 3203 1571 ἧσανξθαυμαστοὶ
3236 1501 3333 1570 μέν
3361 1500 3474 1572 γὰρ
3505 1495 3637 1571 ἦσαν
3663 1503 3745 1555 καὶ

2315 1581 2468 1650 γάλοι
2486 1598 2500 1612 ⁸
2524 1582 2640 1635 ἀλλ’
2665 1585 2827 1653 ἡμεῖς
2851 1584 3018 1637 τανῦν
3048 1584 3268 1636 πλείονα
3302 1585 3530 1638 ἐκείνων
3556 1587 3843 1656 ἀπαιτούμε-

2315 1665 2384 1718 θα
2417 1665 2735 1735 φιλοσοφίαν
2787 1667 3020 1721 καὶτῶν
3070 1667 3128 1719 ἐν
3163 1669 3228 1737 τῇ
3277 1667 3493 1738 Παλαιᾷ
3551 1668 3842 1738 βεϐιωκότων

2313 1749 2590 1804 ἀπάντων.
2635 1750 2776 1804 Ἐὰν
2807 1751 2916 1820 γὰρ
2942 1749 3029 1819 μὴ
3055 1750 3434 1818 περισσεύσῃ
3465 1753 3502 1820 ἡ
3529 1750 3839 1820 δικαιοσύνη

2313 1833 2480 1903 ὑμῶν
2505 1834 2695 1887 πλέον
2725 1833 2844 1888 τῶν
2866 1834 3252 1904 γραμματέων
3280 1837 3378 1889 καὶ
3404 1839 3740 1907 Φαρισαίων,
3766 1857 3842 1909 φη·

2317 1919 2421 1985 σ’ίν,
2456 1920 2527 1972 οὐ
2551 1919 2637 1987 μὴ
2670 1919 2980 1989 εἰσέλθητε
3003 1924 3091 1986 εὶς
3119 1920 3236 1990 τὴν
3250 1921 3581 1985 ,ϐασιλείαν
3625 1919 3730 1974 τῶν
3759 1923 3839 1974 οὐ·

2305 2003 2531 2071 ρανῶν.
2558 2003 2833 2058 Πάντοθεν
2859 2005 3039 2059 τοίνυν
3064 2005 3548 2076 σωφρονισθέντες,
3581 2007 3667 2060 καὶ
3703 2006 3838 2059 ταῦτα

2315 2086 2690 2151 συλλέξαντες,
2722 2089 2818 2142 καὶ
2832 2088 2899 2142 τά
2923 2090 3050 2160 περὶ
3077 2089 3426 2152 ἀναστάσεως
3447 2091 3577 2160 ἡμῖν
3600 2089 3837 2159 εἰρημένα,

2313 2171 2505 2224 καὶτὰ
2527 2172 2655 2241 περὶ
2681 2172 2790 2226 τῶν
2829 2174 3000 2241 ἁγίων
3040 2175 3267 2237 τούτων,
3315 2173 3559 2243 συνεχῶς
3601 2173 3838 2243 ἐπᾴδωμεν

2312 2258 2430 2319 ταῖς
2455 2256 2675 2327 ψυχαῖς,
2710 2258 2784 2329 μὴ
2819 2258 2980 2327 μόνον
3002 2257 3144 2312 κατά
3167 2258 3259 2312 τὸν
3291 2258 3488 2328 καιρὸν
3514 2259 3603 2310 τοῦ
3631 2257 3836 2320 πένθους,

2311 2338 2448 2392 ἀλλά
2492 2341 2585 2392 καὶ
2636 2341 2803 2411 ἡνίκα
2855 2341 2922 2394 ἂν
2971 2341 3369 2411 καθαρεύωμεν
3401 2341 3615 2411 ὀδύνης.
3650 2340 3734 2393 Διά
3753 2339 3836 2408 γὰρ

2309 2422 2468 2476 τοῦτο
2497 2423 2591 2476 καὶ
2610 2422 2740 2492 ἐγὼ,
2770 2425 2946 2478 καίτοι
2977 2425 3203 2496 μηδενὸς
3238 2424 3392 2487 ὖντος
3434 2426 3494 2476 ἐν
3517 2422 3733 2493 ἀθυμία,
3762 2422 3836 2474 νῦν

2310 2507 2534 2572 τούτους
2582 2509 2808 2579 ἐκίνησα
2842 2510 2968 2573 τοὺς
2997 2509 3212 2578 λόγους,
3255 2509 3321 2561 ἶν’
3343 2548 3359 2573 ,
3391 2508 3527 2560 ὅταν
3556 2504 3835 2577 ἐμπέσωμεν

2311 2594 2391 2655 είς
2412 2610 2530 2646 τινα
2551 2592 2808 2664 τοιαύτην
2847 2592 3134 2665 συμφοράν
3164 2633 3179 2657 ,
3217 2591 3558 2663 μεμνημένοι
3597 2589 3693 2644 τῶν
3713 2591 3833 2659 εἰρη-

2314 2675 2510 2747 μένων,
2553 2677 2744 2747 ἱκανῆς
2777 2676 3140 2748 ἀπολαύωμεν
3182 2675 3575 2747 παραμυθίας·
3618 2673 3724 2727 ἐπεὶ
3764 2673 3833 2725 καὶ

2312 2759 2662 2832 στρατιῶται,
2686 2762 2910 2832 εἰρήνης
2941 2759 3132 2831 οὔσης,
3155 2759 3225 2813 τὰ
3253 2759 3347 2813 τοῦ
3371 2760 3612 2830 πολέμου
3645 2755 3834 2828 μελετῶ-

2311 2843 2538 2905 σιν,οῖνα
2568 2844 2664 2913 τῆς
2717 2843 2897 2913 μάχης
2946 2842 3269 2913 ἐπιστάσης,
3315 2843 3414 2896 καὶ
3444 2843 3536 2896 τοῦ
3565 2841 3735 2912 καιροῦ
3759 2839 3834 2908 τὴν

2310 2924 2601 2995 ἐμπειρίαν
2650 2925 3028 2990 ἀπαιτοῦντος,
3063 2925 3338 2995 εὐκαίρως
3375 2925 3730 2991 ἐπιδείξωνται
3758 2920 3830 2991 τὴν

2295 3006 2525 3077 ’τέχνην,
2554 3007 2622 3078 ῆν
2655 3010 2712 3061 ἐν
2733 3010 2797 3078 τῇ
2823 3010 3015 3081 εἰρήνῃ
3045 3008 3443 3079 κατώρθωσαν.
3462 3011 3567 3063 Καὶ
3586 3009 3730 3079 ἡμεῖς
3749 3004 3830 3058 τοί-

2308 3106 2404 3142 νυν
2435 3091 2530 3143 καὶ
2557 3090 2698 3144 ὅπλα
2726 3091 2820 3145 καὶ⁵
2850 3093 3117 3163 φάρμακα
3138 3093 3634 3161 κατασκευάσωμεν
3662 3089 3828 3148 ἑαυτοῖς

2307 3174 2366 3226 ἐν
2391 3173 2467 3243 τῷ
2485 3172 2660 3249 καιρῷ
2683 3174 2782 3244 τῆς
2798 3176 3039 3246 είρήνης,
3064 3175 3170 3239 ἵνα,
3190 3175 3245 3227 ετ
3269 3192 3405 3228 ποτε
3433 3175 3652 3244 πόλεμος
3676 3172 3825 3239 ἐπιστῇ

2308 3254 2497 3308 παθῶν
2527 3256 2807 3328 ἀλόγων,ῆ
2836 3257 3086 3323 πένθους,
3115 3258 3146 3328 ἢ
3171 3258 3387 3330 ὀδύνης,
3425 3258 3458 3329 ἢ
3483 3257 3634 3312 ἀλλου
3654 3253 3825 3309 ὁτουοῦν

2305 3337 2574 3406 τοιούτου,
2625 3339 3071 3410 καθωπλισμένοι
3118 3341 3303 3404 καλῶς
3354 3343 3456 3394 καὶ
3506 3336 3822 3410 πεφραγμένοι

2308 3423 2594 3488 πάντοθεν,
2625 3424 2726 3486 τάς
2753 3423 2846 3477 τοῦ
2878 3425 3124 3496 Πονηροῦ
3162 3424 3477 3496 προσϐολὰς
3514 3424 3640 3494 μετά
3666 3419 3822 3486 πολλῆς

2306 3505 2775 3577 ἀποκρουσώμεθα
2797 3507 2896 3577 τῆς
2925 3508 3235 3578 ἐμπειρίας,
3258 3509 3352 3562 καὶ
3375 3509 3642 3577 λογισμοῖς
3665 3503 3819 3576 ὀρθοῖςν

2305 3590 2400 3643 καὶ
2436 3590 2552 3652 ταῖς
2576 3589 2885 3658 ἀποφάσεσι
2917 3588 3012 3643 τοῦ
3045 3590 3204 3655 θεοῦ,
3243 3591 3338 3644 καὶ
3366 3594 3485 3654 τοῖς
3520 3587 3818 3655 ὑποδείγμαπ

2305 3672 2412 3725 τῶν
2432 3671 2652 3740 ἀγαθῶν
2675 3672 2906 3744 ἀνδρῶν,
2934 3672 3029 3726 καὶ
3062 3675 3228 3726 παντὶ⁵
3258 3673 3450 3744 τρόπῳ
3471 3670 3710 3728 πάντοθεν
3727 3670 3818 3720 ἐαυ-

2303 3757 2431 3821 τοὺς
2443 3757 2788 3827 τειχίσωμεν.
2809 3756 2965 3810 Οὕτω
2983 3755 3090 3828 γὰρ
3105 3757 3453 3829 δυνησόμεθα
3467 3759 3554 3810 καὶ
3569 3756 3655 3826 τὴν
3671 3748 3818 3821 παροῦ-

2305 3856 2404 3893 σαν
2431 3840 2576 3910 ζωὴν
2603 3839 2743 3911 μετά
2797 3839 3060 3911 εὐθυμίας
3103 3841 3407 3908 διενεγκεῖν
3427 3883 3442 3904 ,
3473 3840 3563 3894 καὶ
3594 3837 3680 3906 τῆς

2303 3922 2454 3985 λείας
2485 3922 2593 3975 τῶν
2627 3923 2874 3996 οὐρανῶν
2904 3925 3203 3994 ἐπιτυχεῖν,
3235 3925 3293 3975 ἐν
3337 3921 3560 3996 Χριστῷ
3599 3916 3814 3990 Ἰησοῦ,ιέ²

2303 4005 2337 4075 ή
2377 4004 2505 4069 δόξα
2536 4006 2632 4058 καὶ
2683 4005 2746 4078 τρ
2798 4006 3001 4076 κράτος
3031 4006 3146 4076 ἅμα
3184 4004 3262 4077 τῷ
3297 4006 3477 4078 Πατρὶ
3509 4005 3596 4058 καὶ
3620 4003 3686 4072 τῷ
3711 3997 3813 4067 ἁγίῳ

2300 4089 2602 4159 Πνεύματι,
2639 4091 2718 4153 είς
2745 4093 2871 4154 τους
2901 4089 3104 4154 αἰῶνας
3135 4090 3243 4144 τῶν
3269 4088 3504 4144 αἰώνων.
3555 4087 3718 4157 Ἀμήν.
