4030 6136
253 301 394 371 ms

251 446 358 502 que
387 428 593 482 facinus
619 425 844 492 fuisset;
873 420 970 478 sed
997 436 1100 476 non
1131 416 1352 491 perinde
1378 423 1560 471 tamen
1584 412 1844 478 mirabile,

253 533 417 594 atque
453 535 574 576 cum
606 534 704 589 per
735 517 932 572 multos
967 515 1086 570 dies
1121 513 1239 583 ejus
1266 511 1477 565 animus
1513 507 1848 562 excruciatus

257 611 638 680 exercitusque
667 608 854 673 fuerit,
876 606 1012 662 nihil
1038 603 1253 659 humani
1279 601 1424 656 circa
1447 599 1610 653 filium
1635 610 1849 667 passum

257 719 400 760 esse.
428 703 552 757 ideo
577 701 720 756 enim
742 699 982 768 longiora
1005 697 1084 751 illi
1103 700 1394 750 scammata
1417 689 1689 761 proposuit
1711 688 1852 741 Deus

257 795 599 869 mediumque
645 793 928 863 spatiosius
950 832 966 856 ,
1000 798 1058 844 ut
1099 786 1400 842 accuratius
1437 783 1691 837 athletam
1730 793 1854 850 spe-

255 897 456 942 ctares.
487 885 626 940 Vere
656 897 884 952 namque
923 880 1125 935 athleta
1163 889 1310 943 erat,
1341 892 1446 931 non
1484 889 1606 929 cum
1637 871 1854 927 homine

260 978 564 1040 decertans,
587 973 680 1029 sed
701 989 820 1028 cum
842 973 954 1042 ipsa
975 981 1179 1025 naturae
1204 966 1502 1040 tyrannide.
1525 965 1654 1033 Quis
1675 975 1854 1019 sermo

263 1069 433 1141 possit
467 1069 582 1138 ejus
610 1065 970 1121 fortitudinem
1009 1061 1358 1133 exprimere?
1387 1059 1621 1114 Adduxit
1645 1057 1812 1112 ﬁlium
1833 1096 1851 1125 ,

263 1161 528 1224 devinxit,
559 1159 716 1229 lignis
746 1155 1017 1226 imposuit,
1045 1170 1228 1210 ensem
1254 1153 1498 1222 arripuit,
1519 1151 1628 1220 jam
1651 1150 1855 1220 plagam

267 1252 550 1308 inflixurus
573 1260 708 1305 erat.
739 1249 875 1317 Quid
901 1249 1036 1303 ultra
1063 1256 1150 1301 aut
1177 1261 1280 1316 qua
1306 1245 1511 1299 ratione
1536 1244 1723 1312 loquar
1750 1257 1856 1297 non

269 1344 444 1400 habeo
471 1343 650 1398 :solus
676 1343 764 1398 ille
791 1343 957 1407 novit,
987 1341 1077 1411 qui
1104 1341 1204 1394 ista
1229 1337 1468 1408 perfecit.
1498 1335 1679 1392 Oratio
1700 1334 1856 1404 quip-

277 1452 347 1508 pe
378 1436 520 1490 nulla
543 1435 842 1505 exprimere
866 1433 1084 1503 poterit,
1107 1429 1375 1501 quomodo
1401 1443 1590 1482 manus
1608 1426 1724 1497 ejus
1751 1440 1859 1480 non

273 1525 626 1596 obtorpuerit,
649 1524 915 1595 quomodo
943 1537 1228 1577 nervorum
1256 1521 1334 1575 vis
1354 1534 1458 1574 non
1484 1519 1654 1573 soluta
1678 1517 1856 1585 fuerit,

267 1633 374 1688 quo
403 1623 556 1687 pacto
581 1615 821 1670 amabilis
852 1614 942 1667 ille
968 1613 1060 1667 ﬁlii
1087 1622 1332 1682 aspectus
1357 1625 1476 1666 eum
1507 1624 1612 1664 non
1640 1619 1859 1664 contur-

271 1708 490 1762 baverit.
519 1707 618 1761 llic
641 1707 801 1761 etiam
838 1703 986 1758 Isaac
1010 1703 1261 1757 admirari
1300 1700 1577 1756 convenit.
1619 1700 1687 1754 Ut
1715 1699 1858 1754 enim

263 1795 356 1856 ille
387 1800 515 1865 Deo,
546 1800 617 1852 ita
657 1797 742 1852 hic
769 1797 904 1866 patri
945 1796 1139 1866 paruit,
1168 1804 1222 1850 et
1263 1805 1318 1852 ut
1351 1793 1464 1860 ille,
1507 1795 1617 1848 Deo
1639 1793 1861 1862 jubente

268 1889 592 1955 sacrificare,
621 1889 853 1943 rationes
890 1901 998 1940 non
1027 1885 1210 1956 exigit,
1239 1885 1310 1939 ita
1337 1892 1391 1939 et
1427 1884 1534 1949 ille,
1566 1892 1720 1952 patre
1745 1883 1862 1934 vin-

269 1982 447 2036 ciente
474 1989 530 2036 et
557 1995 718 2050 super
743 1993 890 2034 aram
938 1978 1221 2032 inducente
1244 2017 1260 2042 ,
1289 1991 1393 2030 non
1439 1975 1608 2040 dixit,
1639 1989 1736 2029 cur
1758 1973 1862 2028 hoc

261 2074 419 2144 agis?
444 2072 548 2128 Sed
568 2083 802 2142 paternae
818 2072 994 2124 manui
1017 2069 1344 2139 subjaeehat.
1365 2068 1560 2122 Videre
1575 2075 1690 2121 erat
1706 2081 1859 2120 eum-

262 2165 400 2219 dem
443 2174 649 2234 patrem
684 2163 876 2216 factum
917 2170 971 2216 et
999 2160 1328 2215 sacerdotem
1350 2201 1365 2225 ,
1399 2158 1714 2214 sacrificium
1743 2158 1862 2212 sine

264 2255 532 2324 sanguine
561 2255 794 2308 oblatum
817 2294 832 2318 ,
864 2252 1233 2306 holocaustum
1259 2251 1458 2320 absque
1489 2249 1607 2320 igne
1631 2291 1645 2314 ,
1673 2250 1864 2305 mortis

266 2359 337 2400 ac
358 2343 774 2399 resurrectionis
816 2343 1039 2413 figuram
1082 2342 1136 2396 in
1174 2341 1327 2396 altari
1369 2340 1615 2411 positam.
1649 2340 1862 2395 Etenim

277 2437 442 2490 filium
471 2435 802 2499 immolavit,
835 2443 888 2488 et
919 2449 1024 2487 non
1065 2430 1360 2486 immolavit
1387 2449 1400 2484 :
1431 2445 1536 2484 non
1559 2426 1861 2482 immolavit

265 2541 468 2592 manu,
499 2525 595 2580 sed
627 2524 918 2594 proposito.
957 2523 1090 2577 Nam
1128 2532 1183 2577 et
1222 2522 1366 2576 Deus
1404 2521 1524 2576 ideo
1563 2519 1860 2589 imperavit,

274 2635 382 2676 non
400 2619 540 2689 quod
564 2617 876 2672 effusionem
904 2616 1175 2686 sanguinis
1202 2615 1384 2670 videre
1403 2613 1583 2679 vellet,
1611 2612 1703 2667 sed
1721 2611 1862 2682 quod

275 2713 604 2784 propositum
629 2709 792 2765 animi
831 2709 927 2764 tibi
966 2707 1250 2764 ostendere
1289 2716 1538 2777 cuperet,
1568 2713 1728 2774 atque
1757 2718 1862 2757 una

275 2804 468 2860 fortem
491 2803 636 2857 illum
663 2801 836 2856 virum
862 2800 914 2854 in
945 2801 1092 2855 orbis
1116 2799 1291 2855 medio
1317 2799 1626 2868 przedicare,
1651 2811 1865 2850 omnes.

267 2909 381 2965 que
409 2902 650 2963 posteros
675 2892 898 2954 dooere,
928 2898 982 2945 et
1015 2890 1196 2944 liberis
1215 2930 1231 2956 ,
1263 2899 1314 2944 et
1351 2898 1553 2944 naturae
1578 2930 1592 2954 ,
1622 2896 1676 2942 et
1702 2888 1865 2942 rebus

267 2984 524 3040 omnibus
545 3024 558 3047 ,
587 2983 792 3052 ipsique
817 2982 1008 3053 animae
1049 2981 1142 3036 Dei
1177 2981 1326 3050 jussa
1356 2979 1606 3048 anteponi
1641 2978 1861 3033 debere.

271 3073 564 3130 Descendit
612 3074 774 3143 igitur
817 3073 939 3126 vivo
979 3079 1197 3141 recepto
1245 3078 1482 3140 martyre
1531 3071 1696 3122 Isaac.
1734 3066 1865 3133 Quae

273 3181 406 3236 ergo
431 3165 585 3222 nobis
609 3165 763 3219 venia
787 3206 803 3231 ,
825 3179 1016 3234 quaeso
1040 3203 1056 3227 ,
1087 3178 1206 3231 quae
1229 3161 1471 3216 defensio
1500 3161 1602 3215 erit
1624 3202 1637 3224 ,
1669 3161 1711 3214 si
1742 3164 1884 3214 cum'

272 3257 566 3312 viderimus
604 3256 796 3311 fortem
843 3255 988 3309 illum
1031 3258 1203 3308 virum
1245 3269 1366 3309 cum
1405 3261 1546 3307 tanta
1594 3252 1866 3309 alacritate

279 3348 396 3404 Deo
413 3348 814 3417 obsequentem,
834 3347 884 3400 in
907 3347 1259 3415 omnibusque
1275 3345 1749 3414 obtemperantem,
1771 3361 1867 3400 nos

269 3438 509 3494 moleste
531 3437 795 3492 feramus?
822 3436 898 3491 Ne
923 3437 1053 3490 mihi
1080 3435 1300 3502 luctum,
1332 3423 1736 3490 necalamitatis
1757 3449 1870 3488 ma-

269 3530 610 3602 guitudinem
623 3529 844 3584 afferas:
865 3529 957 3583 sed
977 3529 1263 3598 perpende,
1285 3529 1428 3582 illum
1448 3528 1610 3582 fuisse
1624 3530 1766 3584 luctu
1780 3543 1871 3582 su-

273 3623 569 3692 periorem.
591 3619 892 3674 Mandatum
919 3619 1218 3690 hujusmodi
1242 3627 1449 3689 poterat
1466 3619 1609 3673 illius
1629 3619 1867 3673 animum

269 3716 620 3780 conturbare,
649 3715 864 3767 anxium
893 3713 1140 3778 reddere,
1166 3721 1220 3767 et
1249 3713 1406 3768 fidem
1438 3713 1554 3782 ejus
1578 3713 1715 3766 circa
1743 3726 1870 3781 prat-

279 3805 437 3858 terita
459 3805 779 3874 subagitare.
803 3803 934 3871 Quis
956 3803 1096 3858 enim
1115 3804 1250 3858 alius
1271 3813 1467 3873 praeter
1482 3802 1862 3870 Abrahamum,

276 3907 388 3952 non
404 3900 650 3963 putasset
677 3894 912 3950 fraudem
941 3909 1004 3950 ea
1033 3894 1211 3950 omnia
1240 3909 1360 3950 esse
1382 3936 1397 3961 ,
1429 3909 1548 3965 quae
1588 3893 1656 3950 de
1681 3893 1865 3950 multi-

1459 297 1552 355 nr.
1589 294 1862 370 LAZABO
1899 293 2142 357 CONClO
2186 295 2251 352 v.

3396 305 3543 363 1036

1955 411 2140 466 tudine
2164 411 2376 481 generis
2401 419 2456 466 et
2484 422 2734 484 nepotum
2761 413 2904 470 Deus
2931 415 3198 485 pollicitus
3224 421 3376 476 erat?
3416 423 3543 476 Phi-

1956 504 2254 574 losophiam
2288 503 2411 557 item
2437 503 2556 558 ,Ιοὺί
2586 504 2637 558 in
2679 515 2822 559 tanta
2848 506 3155 564 calamitate
3180 511 3349 566 nihilo
3368 512 3546 569 minus

1954 597 2075 666 quis
2126 595 2375 650 admirari
2422 596 2605 662 debet,
2649 597 2791 668 quod
2841 609 2960 668 post
3005 609 3205 656 tantam
3248 605 3542 660 exhibitam

1954 688 2233 752 virtutem,
2260 697 2382 758 post
2397 689 2765 760 eleetnosynas
2791 699 2846 745 et
2868 689 3264 761 benignitatem,
3286 711 3406 750 cum
3427 697 3546 752 uul-

1956 779 2056 834 lius
2076 780 2160 835 vel
2182 780 2280 835 sibi
2307 781 2387 836 vel
2417 782 2540 836 filiis
2560 782 2686 836 mali
2719 784 2965 838 conscius
2993 796 3166 852 esset,
3187 802 3309 842 cum
3341 798 3544 843 tantum

1958 877 2172 940 tamque
2194 870 2525 941 inopinatum
2548 871 2756 928 videret
2783 875 3000 941 luctum,
3025 888 3254 947 quantus
3276 894 3343 934 ne
3371 881 3545 935 scele-

1957 961 2239 1016 ratissimis
2267 961 2480 1033 quidem
2525 963 2773 1034 umquam
2803 967 3129 1036 contigerat,
3164 984 3271 1025 non
3311 971 3387 1026 sic
3415 971 3547 1028 affe-

1957 1060 2075 1106 ctus
2099 1051 2286 1119 fuerit,
2316 1061 2372 1107 ut
2400 1052 2486 1107 alii
2513 1054 2688 1108 solent
2709 1096 2725 1122 ,
2757 1072 2929 1127 neque
2967 1060 3228 1127 putaverit
3253 1060 3547 1117 infructuo-

1959 1156 2073 1198 sam
2101 1157 2222 1200 csse
2248 1143 2496 1198 virtutem
2521 1187 2537 1211 ,
2567 1154 2660 1200 aut
2686 1161 2746 1202 se
2773 1148 2911 1203 male
2941 1149 3100 1204 rebus
3127 1151 3240 1205 suis
3267 1161 3390 1208 ante
3418 1169 3550 1209 eon-

1961 1237 2211 1292 suluisse.
2241 1237 2421 1308 Itaque
2444 1237 2607 1294 hosce
2631 1240 2775 1294 viros
2801 1241 2869 1296 ob
2895 1241 3006 1296 haec
3027 1251 3246 1314 utraque
3268 1261 3374 1300 non
3391 1247 3550 1303 modo

1962 1329 2211 1384 admirari
2233 1331 2510 1398 debemus,
2531 1332 2625 1387 sed
2659 1335 2817 1388 etiam
2838 1336 3099 1403 aemulari,
3123 1352 3416 1410 eorumque
3437 1341 3553 1394 virv-

1963 1430 2128 1477 tutem
2155 1422 2369 1476 imitari.
2386 1423 2494 1480 Nec
2513 1423 2657 1478 dicat
2681 1424 2944 1495 quispiam
2965 1425 3074 1481 :llli
3094 1428 3190 1482 viri
3213 1429 3554 1489 admirabiles

1961 1521 2110 1568 certe
2127 1523 2182 1567 et
2199 1514 2376 1584 magni
2396 1523 2577 1582 erant;
2593 1515 2686 1570 sed
2703 1530 2732 1570 a
2749 1517 2902 1571 nobis
2921 1518 3092 1588 major
3109 1534 3247 1574 nunc
3268 1521 3553 1592 requiritur

1963 1604 2320 1677 philosophia,
2339 1622 2497 1677 quam
2522 1607 2589 1662 ab
2611 1607 2716 1662 illis
2739 1607 3008 1676 omnibus,
3031 1610 3120 1680 qui
3148 1611 3200 1665 in
3225 1614 3394 1669 veteri
3419 1614 3552 1670 Tes-

1967 1707 2201 1753 tamento
2227 1699 2488 1754 vixerunt.
2512 1699 2630 1753 Nisi
2657 1700 2798 1755 enim
2820 1701 3147 1756 abundaverit
3164 1705 3366 1774 iustitia
3389 1715 3552 1762 vestra

1965 1789 2080 1858 plus
2091 1805 2242 1859 quam
2256 1789 2534 1843 scribarum
2547 1799 2595 1844 et
2606 1789 3009 1855 Pharisaeorum,
3029 1809 3130 1846 non
3151 1794 3398 1849 intrabitis
3413 1797 3465 1851 in
3483 1814 3556 1851 rc-

1964 1896 2118 1950 gnum
2129 1881 2367 1934 caelorum
2383 1880 2593 1950 (Matth.
2614 1882 2666 1935 5.
2684 1879 2798 1952 20).
2816 1881 2896 1935 Ad
2915 1882 3191 1939 meliorem
3207 1899 3334 1956 ergo
3351 1886 3554 1957 frugem

1965 1969 2183 2023 omnino
2209 1970 2430 2037 reversi,
2459 1969 2647 2039 hisque
2669 1971 2927 2037 collectis,
2959 1987 3022 2028 ac
3051 1973 3210 2028 simul
3235 1974 3318 2041 iis,
3347 1991 3462 2045 qua:
3487 1978 3555 2034 de

1966 2059 2357 2114 resurrectione
2372 2074 2580 2114 necnon
2598 2059 2664 2114 de
2680 2061 2878 2115 sanctis
2893 2061 2998 2117 illis
3012 2062 3140 2118 viris
3158 2062 3388 2119 diximus
3405 2105 3420 2131 ,
3442 2066 3556 2122 haec

1965 2149 2178 2204 assidue
2200 2150 2251 2202 in
2272 2150 2462 2204 animis
2482 2150 2960 2217 concinamus,non
2981 2151 3141 2207 modo
3162 2153 3213 2207 in
3233 2155 3407 2210 luctus
3425 2166 3558 2210 tem-

1965 2243 2212 2313 pore,sed
2225 2243 2382 2297 etiam
2397 2243 2608 2313 quando
2620 2244 2766 2298 vacui
2783 2243 2965 2300 dolore
2981 2259 3182 2301 sumus.
3197 2245 3319 2301 ldeo
3330 2263 3558 2319 namque

1966 2349 2083 2404 ego,
2101 2343 2154 2389 et
2169 2335 2214 2389 si
2228 2333 2402 2389 nullus
2420 2335 2473 2387 in
2491 2349 2720 2390 moerere
2733 2335 2820 2402 sit,
2840 2334 2938 2390 hos
2949 2336 3058 2406 jam
3073 2352 3348 2394 sermones
3361 2339 3480 2406 feci,
3499 2349 3558 2395 ut

1966 2441 2087 2481 cum
2107 2425 2158 2479 in
2172 2426 2401 2480 similem
2421 2425 2774 2481 calamitatem
2794 2426 3436 2497 inciderimus,dictorum
3455 2447 3559 2487 me-

1967 2533 2164 2584 mores,
2181 2519 2340 2573 multa
2359 2518 2598 2573 fruamur
2608 2519 2993 2574 consolatione.
3012 2521 3200 2577 Milites
3212 2524 3352 2578 enim
3365 2525 3416 2578 in
3433 2540 3560 2594 pace

1969 2627 2056 2667 res
2079 2612 2298 2667 bellicas
2321 2609 2665 2676 meditantur,
2697 2619 2755 2665 ut
2785 2611 3015 2666 instante
3044 2628 3215 2682 pugna
3244 2623 3298 2668 et
3322 2623 3560 2687 tempore

1969 2701 2212 2771 peritiam
2232 2700 2553 2770 postulante,
2574 2709 2871 2771 Opportune
2889 2710 3055 2756 artem
3076 2703 3380 2770 exhibeant,
3399 2720 3556 2774 quam

1971 2792 2022 2846 in
2051 2807 2182 2862 pace
2210 2792 2510 2847 coluerunt.
2553 2792 2621 2846 Et
2663 2807 2761 2847 nos
2791 2793 2950 2864 igitur
2970 2809 3117 2848 arma
3147 2802 3202 2849 et
3240 2796 3474 2850 remedia
3505 2795 3559 2850 in

1970 2881 2116 2951 pacis
2149 2891 2388 2950 tempore
2415 2881 2568 2936 nobis
2595 2897 2863 2951 paremus,
2892 2891 2949 2936 ut
2975 2883 3017 2938 si
3045 2884 3256 2954 quando
3283 2885 3559 2939 irrationa-

1970 2972 2153 3027 bilium
2176 2970 2480 3038 affectuum,
2503 2973 2678 3026 acerbi
2703 2972 2891 3036 luctus,
2914 2982 3009 3028 aut
3028 2974 3246 3041 doloris,
3269 2984 3359 3028 aut
3383 2976 3561 3044 cujus-

1970 3065 2111 3134 piam
2134 3063 2340 3118 adversi
2363 3063 2558 3118 bellum
2583 3064 2857 3135 ingruerit,
2885 3065 3105 3134 pulchre
3125 3069 3311 3119 armati
3333 3077 3388 3121 et
3407 3067 3561 3121 undi~

1969 3170 2075 3227 que
2100 3153 2288 3208 muniti
2313 3195 2327 3219 ,
2356 3154 2571 3224 maligni
2602 3156 2855 3224 impetum
2881 3154 3043 3208 multa
3069 3169 3190 3208 cum
3222 3155 3407 3226 peritia
3439 3173 3563 3226 pro-

1972 3249 2276 3317 pulsemus;
2313 3256 2470 3315 atque
2500 3247 2657 3300 rectis
2695 3245 3139 3316 cogitationibus,
3175 3245 3268 3300 Dei
3299 3246 3558 3316 eloquiis,

1971 3340 2370 3410 proborumque
2399 3337 2632 3391 virorum
2664 3338 2924 3407 exemplis
2947 3379 2962 3402 ,
2991 3336 3300 3392 omnimode
3330 3338 3560 3408 undique

1973 3448 2072 3488 nos
2121 3433 2446 3506 muniamus.
2490 3429 2580 3486 Sic
2623 3429 2765 3483 enim
2811 3429 3098 3496 poterimus
3146 3437 3200 3481 et
3245 3437 3561 3498 prtesentem

1972 3525 2136 3579 vitam
2162 3538 2282 3578 cum
2322 3523 2461 3578 bono
2497 3521 2678 3578 animo
2723 3521 3010 3589 transigere
3029 3560 3044 3584 ,
3071 3526 3126 3573 et
3152 3533 3371 3588 regnum
3396 3519 3564 3574 caelo-

1972 3632 2092 3673 rum
2117 3615 2372 3686 consequi
2396 3657 2410 3682 ,
2439 3615 2490 3669 in
2513 3613 2726 3670 Christo
2755 3610 2880 3669 Iesu
2907 3651 2923 3676 ,
2952 3609 3035 3665 cui
3087 3610 3250 3679 gloria
3295 3617 3352 3663 et
3396 3607 3564 3676 impe-

1973 3708 2113 3763 rium
2131 3722 2252 3762 cum
2274 3707 2429 3762 Patre
2449 3715 2502 3762 et
2521 3714 2703 3762 sancto
2719 3705 2918 3778 Spiritu
2938 3701 2991 3760 in
3011 3699 3206 3761 saecula
3223 3699 3562 3756 saeculorum.

1974 3800 2168 3856 Amen.
