4030 6136
557 231 691 285 1027

1220 232 1281 287 S.
1316 229 1592 286 JOANNIS
1627 229 2110 287 CIIRYSOSTOMI
2146 229 2462 289 ARCHIEP.
2497 226 3035 286 CON'OTANTlNOP.

2176 369 2462 382 -——-—-.—

3629 225 3743 287 ιοξι

3572 367 3739 382 ξ

964 441 1072 499 AD
1102 439 1515 500 HOMlLlAM
1551 440 1631 500 IN
1664 441 1949 501 TERIUE
1987 443 2302 514 MOTUM,
2341 444 2442 502 ET
2471 445 2811 504 DIVITEM
2847 445 2948 503 ET
2987 443 3387 502 LAZARUM.

619 539 772 612 [7'72]
795 539 945 594 Hanc
992 541 1306 594 concionem
1342 541 1594 612 antehae
1625 541 1896 612 mutilam,
1927 541 2108 611 ingen-

548 609 696 676 tique
728 609 964 678 q'uatuor
1001 612 1319 678 paginarum
1342 609 1491 663 hiatu
1527 609 1927 678 labefactatam,
1965 609 2110 665 nunc

548 627 696 676 nque
728 627 964 678 quatuor
1001 627 1319 732 pagljiarum
1343 627 1491 663 uiatu
1527 627 1927 678 lauetactatam,
1965 627 2107 665 nunc

546 680 835 747 integram,
900 688 954 732 et
1001 681 1065 732 ad
1152 693 1343 732 uorum
1401 680 1898 748 manuscriptorum
1950 682 2107 734 tidem

549 751 804 803 sarcitam
833 749 1046 818 damus.
1085 748 1216 801 Eam
1251 763 1378 802 vero
1409 764 1516 802 non
1557 762 1951 818 consequenter
1990 758 2111 818 post

549 819 705 881 alias,
751 817 844 872 sed
865 818 1205 889 aliquantulo
1235 818 1557 881 interposito
1600 817 1841 886 tempore
1871 817 2112 889 Chryso-

550 895 762 942 stomus
790 887 1015 952 habuit;
1044 887 1117 941 ita
1149 897 1327 942 tamen
1363 895 1422 940 ut
1448 902 1636 942 recens
1676 890 1854 944 adhuc
1901 887 2112 943 memo-

551 957 630 1010 ria
667 972 852 1011 eorum
881 996 896 1018 ,
943 972 1062 1025 quze
1107 958 1174 1010 de
1235 957 1440 1010 Lazaro
1495 957 1646 1011 etde
1685 958 1849 1011 divite
1893 974 2000 1011 non
2040 959 2113 1011 ita

551 1026 761 1094 pridem
788 1026 939 1096 dicta
974 1026 1213 1089 fuerant,
1271 1028 1580 1096 auditorum
1621 1027 1823 1096 animis
1854 1028 2116 1096 haereret,

552 1093 614 1150 ut
643 1095 966 1150 testificatur
1009 1097 1123 1163 ipse
1173 1111 1322 1148 num.
1355 1095 1410 1149 4.
1443 1093 1740 1149 Occasione
1789 1107 1969 1150 autem
2031 1093 2117 1150 in;

551 1166 723 1232 gentis
753 1175 911 1219 terrae
939 1176 1138 1227 motus,
1169 1166 1262 1233 qui
1297 1165 1474 1218 triduo
1507 1165 1693 1218 urbem
1729 1175 2078 1220 succusserat
2101 1207 2115 1230 ,

555 1235 672 1288 haec
700 1235 1059 1288 concinnatus
1087 1242 1170 1289 est
1193 1234 1631 1302 Chrysostomus.
1660 1233 1762 1299 Qui
1788 1236 1858 1288 sit
1881 1252 2008 1289 vero
2033 1237 2118 1289 ille

557 1312 718 1357 terrm
752 1313 956 1367 motus,
991 1313 1043 1357 et
1076 1318 1185 1372 quo
1205 1304 1490 1372 contigerit
1515 1319 1679 1365 anno,
1711 1319 1818 1357 non
1860 1304 1932 1358 ita
1963 1305 2118 1359 facile

555 1381 641 1426 est
670 1375 950 1442 augurari,
984 1374 1422 1442 quandoquidem
1462 1373 1775 1440 frequenter
1820 1373 2120 1429 Antiochiae

554 1452 712 1494 terra:
741 1453 917 1495 motus
951 1444 1197 1498 accidere
1226 1443 1490 1497 solebant.-
1541 1443 1911 1497 Memorantnr
1964 1453 2122 1499 terra:

556 1521 737 1564 motus
767 1512 1065 1565 Antiochiae
1097 1522 1221 1566 ante
1246 1521 1549 1566 statuarum
1589 1514 1946 1574 eversionem,
1977 1529 2120 1568 anno

555 1579 683 1641 587,
701 1590 754 1632 et
772 1581 1110 1649 quidemjam
1138 1581 1448 1650 frequentes
1466 1582 1993 1643 uccidisse,llomilia
2018 1585 2050 1638 5
2068 1585 2119 1637 in

558 1657 787 1721 statuas,
823 1667 973 1704 num.
994 1653 1047 1713 7,
1073 1652 1182 1704 Kal.
1227 1652 1335 1721 γὰρ
1358 1652 1595 1720 σεισμῶν
1617 1652 1872 1716 πολλάκις
1893 1655 2126 1706 καταλα-

560 1717 784 1783 6όντων,
822 1721 916 1772 καὶ
955 1720 1113 1792 λιμοῦ
1154 1717 1247 1774 καὶ
1275 1717 1514 1792 α’ὐχμοῦ,
1542 1723 1691 1792 τρεῖς
1727 1723 1820 1774 καὶ
1851 1723 2126 1794 τέσσαρας

2251 544 2421 614 μὲρας
2444 543 2922 612 σωφρονισθέντες,
2947 541 3042 614 acati.
3061 541 3454 614 ἐπιεικέστεροι
3474 541 3746 612 γενόμενοι,

2239 611 2422 667 Etenim
2455 611 2607 666 terra:
2640 613 2864 666 motibus
2904 613 3096 680 awpiua
3131 611 3508 674 accidentibus,
3538 621 3584 663 et
3631 615 3748 675 [ante

2213 695 2368 752 atque
2401 682 2653 746 siccitate,
2681 683 2749 734 ad
2780 691 2883 736 tres
2917 681 3002 752 veil,
3023 693 3250 750 quatuor
3282 680 3390 733 dies
3444 680 3683 752 moderati
3708 695 3748 737 et

2215 751 2590 806 mansuetiores
2619 753 2804 820 eﬂ'ecti,
2836 761 2939 806 etc.
2969 751 3092 805 Hmc
3116 752 3182 803 de
3212 760 3369 820 terra:
3398 751 3645 817 motibus,
3671 755 3746 819 qui

2216 832 2344 876 ante
2379 819 2865 891 Quadragesimam
2897 823 3025 874 anni
3055 821 3160 874 ’58³1
3183 820 3294 887 jam
3332 819 3634 888 frequentes
3677 837 3750 877 ae-

2216 893 2480 947 ciderant.
2511 892 2646 946 Aliis
2696 893 2820 946 item
2856 892 3315 960 subsequentibus
3343 891 3504 944 annis
3557 892 3750 945 crebros

2217 964 2412 1016 iterum
2461 962 2724 1016 accidisse
2759 977 2862 1014 non
2907 961 3132 1014 dubium
3182 961 3416 1014 videtur.
3457 962 3516 1011 ln
3546 961 3747 1028 quadam

2219 1033 2362 1086 enim
2393 1032 2636 1094 homilia,
2677 1030 3063 1085 aCombefisio
3111 1031 3278 1092 edita,
3334 1031 3401 1082 de
3459 1029 3563 1082 alio
3615 1040 3749 1084 terra:

2222 1111 2395 1160 motu.
2418 1103 2510 1169 qui
2539 1100 2705 1154 biduo
2739 1102 2923 1154 urbem
2976 1101 3400 1166 subagitaverat,
3437 1101 3601 1153 multa
3633 1114 3749 1166 prae-

2217 1172 2364 1225 claro
2396 1171 2656 1237 loquitur,
2689 1186 2753 1224 ac
2783 1169 3094 1237 frequentes
3119 1169 3365 1224 accidere
3401 1179 3561 1222 terra:
3601 1178 3750 1220 motus

2220 1241 2424 1294 indicat
2457 1240 2544 1294 his
2576 1241 2756 1294 verbis
2785 1260 2796 1292 ε
2842 1237 3009 1292 Εἶπον
3069 1241 3161 1292 καὶ
3211 1239 3338 1308 χθὲς
3368 1239 3452 1290 ὅτι
3481 1237 3541 1289 οὐ
3587 1237 3750 1308 μικρὸς

2222 1309 2431 1380 καρπὸς
2482 1309 2587 1361 ἀπὸ
2636 1309 2743 1361 τῶν
2801 1310 3069 1380 σεισμῶν,
3122 1307 3400 1380 Βὶὸέὺαηι-
3432 1309 3587 1380 etiam
3629 1307 3749 1380 fieri,

2221 1377 2323 1432 non
2376 1395 2595 1445 parvum
2652 1379 2883 1447 fructum
2925 1377 3002 1432 ea;
3040 1389 3192 1432 terra:
3249 1377 3478 1447 motibus
3535 1377 3750 1428 derivari.

2222 1448 2551 1502 Memoratur
2606 1446 2783 1504 autem
2844 1449 2900 1502 in
2945 1450 3218 1502 Chronico
3268 1446 3568 1500 Marcellini
3621 1455 3753 1499 terra:

2229 1519 2638 1587 motusingens
2665 1519 2728 1571 ad
2763 1533 2964 1572 annum
2993 1518 3116 1577 594.
3153 1517 3247 1570 sed
3283 1517 3375 1584 qui
3407 1518 3603 1587 aliquot
3653 1525 3754 1587 tan-

2227 1599 2339 1640 tum
2393 1584 2622 1655 Europae
2674 1589 2919 1656 regiones
2957 1587 3249 1641 concussit.
3300 1587 3459 1638 Alius
3508 1584 3753 1656 eodemin

2223 1657 2494 1710 Chronico
2523 1652 2814 1710 anttotatur
2843 1666 3000 1710 terra,
3060 1667 3239 1709 motus
3293 1657 3358 1708 ad
3402 1669 3597 1707 annum
3647 1652 3752 1716 596,

2225 1726 2319 1794 qui
2357 1735 2532 1780 totum
2570 1728 2754 1780 orbem
2808 1725 3172 1780 commovisse
3227 1726 3422 1779 fertur.
3460 1723 3610 1776 llunc
3647 1736 3754 1775 vero

558 1911 3768 1940 Μ

670 2012 734 2055 ιτ(
778 2007 1005 2053 Τειιιιιε
1049 2005 1300 2062 uorum,
1334 2005 1415 2047 er
1455 2003 1522 2046 IN
1565 2001 1838 2046 mvrrsu
1867 2001 1947 2043 er
1981 2001 2301 2059 LAZARUM,
2332 2002 2540 2056 ATQUE
2584 2004 2754 2048 uane
2797 2005 3098 2053 seuvnus
3141 2006 3312 2050 cum
3356 2007 3500 2053 srra
3548 1989 3649 2072 (a).

2127 2144 2211 2157 .—

607 2269 656 2321 l.
698 2265 798 2320 Cur
826 2273 972 2318 terra:
1000 2270 1164 2316 motus
1193 2259 1301 2330 fieri
1339 2258 1591 2329 permittat
1619 2254 1778 2310 Deus.
1805 2283 1873 2294 —-
1898 2251 2118 2308 Vidistis

532 2362 624 2416 Dei
653 2358 960 2430 potentiam,
987 2355 1191 2410 vidistis
1225 2353 1316 2407 Dei
1347 2348 1761 2420 benignitatem?
1791 2346 2078 2418 potentiam
2102 2386 2118 2412 ,

532 2452 673 2523 quod
713 2452 895 2506 orbem
927 2460 1082 2505 terrae
1125 2444 1490 2508 concusserit;
1530 2439 1909 2510 benignitatem
1932 2480 1946 2504 ,
1979 2435 2121 2506 quod

531 2559 652 2596 eum
677 2542 952 2596 cadentem
975 2537 1300 2592 firmaverit:
1325 2535 1432 2589 imo
1456 2548 1584 2588 vero
1605 2531 1655 2584 in
1685 2539 1908 2600 utroque
1930 2540 2120 2598 poten-

532 2633 658 2685 tiam
697 2641 750 2686 et
777 2627 1175 2698 benignitatem.
1220 2624 1353 2680 Nam
1397 2632 1452 2677 et
1490 2621 1844 2676 commovisse
1874 2617 2123 2688 potentia:

533 2722 668 2786 fuit,
704 2729 758 2775 et
787 2718 1154 2786 composuisse
1181 2712 1556 2784 benignitatis;
1587 2710 1725 2782 quod
1756 2720 1948 2764 terram
1977 2723 2123 2763 com-

533 2812 758 2868 moverit
796 2820 850 2865 et
877 2809 1167 2864 lirmaverit
1192 2807 1376 2862 orbem
1405 2814 1562 2860 teme
1582 2845 1598 2870 ,
1629 2802 1770 2873 quod
1804 2814 2122 2857 concussum

537 2915 592 2962 et
612 2905 830 2976 jamjam
875 2903 1134 2957 ruiturum
1175 2898 1428 2961 erexerit.
1461 2897 1528 2951 At
1571 2895 1712 2949 enim
1757 2901 1912 2947 terra:
1950 2900 2124 2946 motus

537 2997 748 3065 quidem
781 2992 1038 3065 prteteriit
1061 3033 1075 3057 ,
1108 3000 1279 3044 metus
1303 2997 1480 3043 autem
1515 2994 1726 3041 maneat
1756 3002 1770 3036 :
1802 2983 2008 3038 transiit
2035 2981 2123 3036 illa

533 3094 852 3155 tempestas,
885 3080 980 3138 sed
1025 3082 1184 3136 timor
1224 3095 1330 3134 non
1376 3087 1611 3133 transeat
1652 3095 1667 3131 :
1715 3073 2126 3146 supplicationes

533 3176 701 3244 spatio
737 3156 896 3229 trium
936 3171 1143 3226 dierum
1189 3169 1418 3223 obiimus
1441 3209 1456 3234 ,
1488 3175 1853 3222 verumtamen
1891 3164 2126 3218 studium

534 3282 639 3320 non
669 3265 1061 3334 restinguamus
1093 3279 1105 3314 :
1134 3262 1203 3316 ob
1231 3261 1334 3315 hoc
1359 3260 1500 3314 enim
1530 3268 1686 3314 terra:
1715 3266 1887 3312 motus
1911 3255 2122 3320 accidit,

535 3360 606 3412 ob
643 3366 877 3412 nostram
917 3355 1215 3410 socordiam
1255 3373 1269 3408 :
1310 3351 1563 3407 socordes
1604 3350 1838 3414 fuimus,
1879 3355 1933 3402 et
1972 3355 2126 3401 teme

535 3460 737 3504 motum
775 3448 1196 3511 accersivimus;
1237 3445 1470 3499 studium
1514 3458 1578 3498 ac
1604 3442 1928 3512 diligentiam
1970 3438 2126 3493 adhi-

538 3541 768 3606 buimus,
786 3547 839 3594 et
861 3541 991 3592 iram
1016 3537 1341 3606 repulimus;
1366 3550 1434 3589 ne
1456 3535 1708 3590 socordes
1731 3535 1921 3588 iterum
1939 3533 2125 3596 simus,

538 3641 594 3686 ut
624 3632 755 3683 iram
782 3645 844 3683 ac
881 3629 1200 3697 supplicium
1244 3628 1433 3680 iterum
1471 3641 1576 3681 non
1621 3640 1980 3697 accersamus.
2010 3624 2127 3678 Non

539 3721 681 3775 enim
709 3730 936 3773 mortem
964 3718 1259 3787 peccatoris
1281 3717 1390 3770 vult
1412 3717 1574 3782 Deus,
1595 3717 1730 3770 sicut
1749 3731 1868 3771 eum
1891 3715 2128 3770 converti

537 3826 602 3865 ac
627 3811 802 3864 vivere
831 3807 1050 3877 (Ezec/t.
1082 3809 1170 3863 35.
1203 3808 1260 3862 il
1281 3811 1320 3879 ).
1351 3805 1569 3861 Vidistis
1594 3821 1753 3876 quam
1781 3806 1965 3876 fragile
1987 3805 2057 3860 sit
2077 3811 2131 3861 et

539 3901 795 3956 caducum
823 3915 990 3970 genus
1026 3898 1354 3953 humanum?
1393 3898 1524 3951 Cum
1555 3899 1702 3953 fieret
1733 3905 1886 3951 terrae
1913 3905 2087 3951 motus
2108 3935 2128 3962 ,

541 3995 618 4048 sic
661 4007 759 4062 ego
796 3993 935 4061 apud
978 4007 1064 4046 me
1106 3991 1402 4061 cogitabam
1435 4007 1448 4043 :
1483 3990 1570 4045 ubi
1610 4005 1750 4046 nunc
1783 3990 2014 4059 rapinae?
2041 3990 2130 4046 ubi

542 4083 943 4137 fraudationes?
989 4083 1076 4136 ubi
1122 4083 1344 4150 imperia
1391 4081 1628 4148 injusta?
1670 4081 1758 4136 ubi
1798 4079 1999 4135 fastus?
2040 4080 2130 4134 ubi

542 4173 905 4244 principatus?
931 4173 1018 4227 ubi
1038 4171 1446 4242 oppressiones?
1477 4171 1565 4225 ubi
1594 4171 1909 4240 spoliatores
1936 4185 2130 4241 egeno-

539 4266 700 4320 rum?
749 4265 838 4319 ubi
876 4265 1096 4318 divitum
1137 4263 1364 4333 superba
1416 4262 1665 4317 fastidia?
1703 4262 1790 4318 ubi
1831 4263 2128 4333 principum

541 4355 803 4426 imperia?
829 4355 913 4408 ubi
941 4354 1134 4408 minas?
1157 4354 1242 4408 ubi
1266 4346 1520 4408 tiniores?
1545 4353 1719 4410 Unum
1743 4356 1996 4424 temporis
2011 4370 2130 4410 mo-

548 4455 786 4502 mentum
810 4446 1015 4500 facilius
1029 4461 1187 4515 quam
1206 4461 1516 4500 aranearum
1543 4447 1673 4501 telas
1697 4445 1873 4501 omnia
1894 4448 2126 4517 diripuit,

539 4540 719 4594 omnia
764 4538 1028 4593 destruxit
1071 4554 1084 4590 :
1129 4545 1184 4592 et
1229 4537 1541 4593 audiebatur
1585 4535 1814 4593 civitatis
1863 4540 2125 4608 ejnlatus,

538 4643 832 4698 omnesque
860 4627 926 4681 ad
955 4627 1247 4683 Ecelesiam
1277 4629 1578 4683 currebant.
1616 4629 1856 4700 Cogitate
1876 4672 1889 4694 ,
1915 4629 1961 4684 si
1993 4647 2128 4686 con-

537 4727 622 4774 cta
653 4718 997 4789 pessumdare
1042 4719 1152 4772 Deo
1187 4719 1356 4772 visum
1401 4730 1583 4785 esset,
1625 4720 1753 4790 quid
1793 4721 2122 4777 fecissemus.

539 4812 667 4868 Haec
692 4819 868 4865 autem
891 4809 1031 4876 dico,
1059 4820 1116 4863 ut
1141 4825 1346 4871 eorum.
1372 4826 1489 4878 ante
1514 4811 1844 4877 acciderunt,
1871 4824 2131 4883 perpetuo

536 4903 712 4972 vigeat
750 4906 802 4954 in
834 4901 984 4955 vobis
1027 4912 1238 4964 metus,
1277 4903 1623 4970 omniumque
1664 4914 1893 4960 mentem
1939 4920 2126 4960 corro-

539 4994 712 5048 boret.
740 4989 1038 5057 Concussit,
1069 5001 1124 5046 at
1151 5007 1256 5046 non
1285 4994 1586 5061 prosuavit.
1629 4994 1684 5049 Si
1719 4995 1862 5049 enim
1889 5007 2127 5065 proster-

540 5100 668 5141 nere
706 5085 1002 5150 voluisset,
1035 5086 1254 5139 minime
1294 5085 1534 5156 profecto
1573 5088 1928 5143 concussisset
1969 5103 1983 5140 :
2032 5088 2127 5143 sed

540 5184 789 5251 quoniam
821 5181 871 5236 id
913 5181 1158 5248 nolebat,
1188 5180 1461 5251 praecessit
1492 5191 1740 5252 tanquam
1769 5197 1945 5252 praeco
1972 5191 2126 5238 terra:

543 5283 739 5339 motus,
772 5273 904 5326 iram
939 5273 1031 5328 Dei
1061 5271 1306 5326 omnibus
1332 5281 1455 5327 ante
1482 5271 1820 5338 denuntians,
1853 5283 1912 5327 ut
1938 5275 2127 5331 timore

541 5363 792 5419 meliores
815 5361 1026 5431 effecti,
1050 5363 1365 5434 supplicium
1393 5365 1566 5435 reipsa
1596 5362 1925 5420 inferendum
1955 5369 2124 5437 repete

605 5516 678 5577 (a)
696 5515 882 5583 poliata
906 5515 1150 5583 cumcod.
1193 5516 1417 5566 Vaticano
1441 5516 1555 5583 57L,
1594 5525 1645 5566 et
1666 5517 1981 5583 Ottoboniano
2001 5533 2124 5583 quo-

541 5576 845 5645 dam’aliquot
869 5578 916 5624 in
937 5577 1072 5645 locis,
1097 5579 1442 5645 itemquecum
1463 5579 1573 5626 Cod.
1605 5585 1718 5642 Reg.
1744 5579 1886 5642 2343,
1909 5581 1968 5630 ad
1987 5576 2127 5645 cilius

541 5636 684 5688 fidem
710 5636 810 5688 hinc
831 5639 1020 5688 humilia
1042 5636 1247 5702 primum
1267 5637 1397 5688 edita
1422 5637 1594 5689 fuerat.

2227 2253 2427 2323 lamus;
2449 2255 2520 2308 ita
2547 2270 2756 2326 quoque
2781 2273 2901 2313 cum
2930 2259 3171 2313 barbaris
3194 2259 3338 2328 egit:
3365 2259 3546 2314 Adhuc
3572 2270 3661 2315 tres
3674 2265 3776 2327 dies,

2227 2355 2272 2398 et
2295 2340 2488 2397 Ninive
2500 2349 2803 2404 subvertetur
2844 2349 2992 2418 (Jan.
3031 2353 3082 2407 5.
3109 2354 3192 2421 4).
3218 2352 3401 2420 Quare
3421 2369 3546 2408 vero
3565 2370 3657 2409 non
3675 2356 3778 2410 sub-

2229 2436 2433 2508 vertis?
2455 2438 2671 2492 Minaris
2695 2448 2744 2494 te
2763 2440 3140 2496 subversurum
3157 2459 3171 2506 ;
3198 2447 3326 2511 quin
3345 2443 3505 2514 igitur
3518 2445 3778 2499 subvenis?

2227 2523 2358 2591 Quia
2386 2527 2510 2581 nolo
2538 2528 2848 2584 subvertere
2869 2572 2884 2596 ,
2916 2531 3113 2587 idcirco
3143 2533 3340 2587 minor.
3369 2533 3478 2588 Cur
3503 2549 3621 2603 ergo
3641 2534 3780 2588 dicis?

2225 2617 2303 2672 Ne
2332 2617 2520 2674 faciam
2551 2636 2650 2690 ea,
2679 2638 2798 2692 qua:
2824 2623 2946 2678 dico
2988 2640 3000 2676 :
3051 2625 3317 2694 pmcedat
3358 2623 3650 2691 sermo,'et
3673 2641 3780 2695 opus

2228 2707 2574 2779 impediatur:
2595 2713 2776 2768 Adhuc
2797 2725 2894 2768 tm
2915 2715 3042 2782 dies,
3059 2726 3104 2770 et
3129 2716 3312 2770 Ninive
3339 2719 3657 2772 aubuertetur.
3672 2719 3779 2773 Tum

2228 2802 2480 2871 temporis
2501 2802 2716 2858 dicebat.
2731 2806 2986 2875 propheta
3011 2823 3022 2859 :
3049 2806 3208 2862 hodie
3228 2808 3365 2862 muri
3380 2823 3564 2864 vocem
3580 2808 3778 2864 mittunt.

2228 2892 2353 2947 Hzec
2379 2909 2506 2948 vero
2531 2895 2649 2950 dico
2667 2937 2682 2961 ,
2709 2911 2882 2966 neque
2910 2897 3090 2953 dicere
3129 2897 3386 2953 desistam
3408 2941 3425 2967 ,
3451 2915 3566 2955 eum
3591 2900 3651 2955 ad
3674 2916 3780 2970 pau-

2228 2999 2383 3053 peres
2409 2993 2522 3040 tum
2545 2985 2614 3040 ad
2652 2987 2840 3042 divites
2871 3004 2885 3040 :
2915 2989 3142 3058 cogitate
3181 3001 3382 3059 quanta
3414 2991 3505 3046 Dei
3530 2991 3595 3046 sit
3617 2991 3713 3058 ira,
3739 3000 3781 3046 et

2229 3089 2334 3144 quo
2359 3077 2514 3144 pacto
2544 3075 2714 3132 facilia
2741 3079 2847 3133 sint
2877 3079 2951 3132 illi
2981 3087 3168 3133 cuncta
3193 3088 3249 3135 et
3275 3082 3552 3151 proclivia,
3578 3081 3780 3137 tandem-

2229 3179 2334 3234 que
2366 3166 2435 3222 ab
2473 3166 2812 3236 improbitate
2849 3167 3170 3224 desistamus
3217 3188 3231 3224 :
3280 3171 3528 3241 perbrevi
3567 3170 3778 3241 temporis

2230 3267 2503 3314 momento
2519 3271 2752 3315 mentem
2769 3262 2784 3291 ³
2797 3261 3138 3332 animumque
3151 3262 3564 3334 uniuscujusque
3577 3272 3778 3319 nostrum

2231 3349 2462 3422 infregit,
2495 3361 2548 3407 et
2576 3353 2749 3408 cordis
2779 3351 3120 3408 fundamenta
3146 3355 3444 3409 concussit.

2217 3506 2220 3508 γ
2304 3441 2431 3497 Dies
2468 3444 2652 3514 judicii
2690 3459 2840 3514 quam
2884 3444 3186 3499 tremendus.
3210 3474 3280 3483 —
3318 3443 3558 3514 Cogitate
3598 3443 3674 3498 die
3710 3442 3780 3496 illo

2232 3536 2530 3602 tremendo,
2561 3551 2682 3591 cum
2716 3551 2822 3590 non
2861 3552 3024 3590 unum
3056 3536 3310 3604 temporis
3339 3547 3657 3592 momentum
3678 3534 3777 3598 erit,

2232 3625 2328 3680 sed
2366 3625 2568 3680 infinita
2605 3626 2818 3691 saecula,
2853 3634 2908 3681 et
2949 3626 3082 3696 ignis
3122 3625 3288 3690 ﬂuvii,
3318 3642 3393 3681 ac
3429 3628 3652 3681 minaces
3687 3625 3777 3686 irae,

2233 3723 2392 3784 atque
2420 3715 2487 3769 ad
2514 3715 2770 3784 judicium
2798 3717 3169 3785 pertrahentes
3195 3717 3422 3772 virtutes
3441 3759 3457 3784 ,
3488 3714 3776 3771 tremendum

2234 3805 2483 3871 tribunal,
2507 3805 2764 3874 judicium
2792 3805 3178 3874 incorruptum,
3208 3815 3264 3861 et
3296 3823 3421 3876 qua:
3458 3808 3613 3877 gessit
3642 3818 3776 3860 unus-

2234 3898 2456 3968 quisque
2497 3898 2850 3952 versabuntur
2888 3899 2958 3952 ob
3003 3897 3208 3963 oculos,
3255 3914 3358 3953 nec
3406 3900 3542 3953 ullus
3581 3898 3670 3953 erit
3707 3895 3777 3964 qui

2234 3996 2538 4054 succurrat,
2572 4004 2678 4042 non
2705 3989 2928 4054 vicinus,
2957 4004 3061 4043 non
3092 3998 3304 4055 orator,
3337 4005 3447 4045 non
3474 3989 3774 4060 propinquus.

2236 4095 2342 4134 non
2383 4079 2562 4144 frater,
2607 4094 2710 4134 non
2751 4089 2920 4149 pater,
2958 4096 3063 4135 non
3103 4090 3291 4146 mater,
3335 4097 3444 4135 non
3487 4077 3775 4149 peregrinus,

2234 4187 2338 4227 non
2361 4172 2494 4228 alius
2514 4173 2670 4240 ullus,
2694 4172 2819 4242 quid
2846 4181 2953 4226 tum
2982 4187 3162 4243 quinso
3190 4172 3486 4227 faciemus?
3514 4173 3688 4227 ﬂetum
3714 4170 3775 4222 in-

2234 4261 2370 4328 fero,
2400 4271 2456 4316 ut
2484 4261 2708 4317 salutem
2735 4263 3003 4332 perficiam
3034 4280 3049 4318 :
3078 4264 3372 4318 doctrinam
3405 4265 3545 4320 ferro
3566 4271 3775 4334 penetra—

2233 4353 2476 4408 biliorem
2524 4353 2810 4408 fabricatus
2856 4369 3009 4420 sum,
3061 4364 3118 4408 ut
3166 4365 3403 4410 vestrum
3448 4357 3672 4425 quisque,
3706 4349 3774 4405 cui

2233 4444 2392 4500 fuerit
2421 4445 2588 4511 ulcus,
2619 4444 2746 4498 illud
2771 4444 3004 4513 abjiciat.
3037 4444 3223 4499 Nonne
3253 4460 3466 4514 semper
3493 4443 3708 4500 dicebam
3733 4447 3775 4494 et

2233 4550 2374 4590 nunc
2398 4535 2536 4597 dico,
2561 4544 2614 4590 et
2638 4535 2817 4591 dicere
2844 4551 2946 4589 non
2973 4537 3224 4591 desistam
3254 4554 3267 4589 :
3300 4551 3571 4608 quousque
3593 4533 3771 4588 tandem

2233 4628 2393 4683 rebus
2419 4629 2597 4682 surculi
2629 4627 2782 4696 hujus
2810 4628 2953 4683 affixi
2983 4629 3152 4684 eStis?
3175 4629 3255 4683 Ad
3285 4645 3471 4685 omnes
3494 4629 3688 4700 quidem
3711 4633 3774 4678 est

2232 4719 2364 4773 mihi
2388 4733 2586 4783 sermo,
2605 4719 2700 4773 sed
2722 4719 2786 4773 ad
2808 4735 2900 4774 eos
2922 4722 3204 4790 przecipue.
3225 4722 3312 4790 qui
3337 4721 3522 4776 morbo
3550 4720 3770 4782 laborant,

2232 4825 2333 4868 nec
2351 4813 2418 4867 ad
2443 4828 2506 4867 ea
2530 4828 2646 4883 quae
2662 4813 2928 4880 dicuntur,
2957 4815 3252 4867 attendunt.
3284 4813 3396 4868 lmo
3421 4829 3544 4869 vero
3572 4809 3773 4881 perutilis

2232 4913 2316 4959 est
2345 4905 2552 4973 utrique
2581 4919 2756 4959 sermo
2788 4921 2802 4957 :
2833 4904 2905 4958 illi
2932 4904 3144 4973 quidem
3174 4905 3262 4974 qui
3290 4904 3474 4958 morbo
3501 4903 3704 4964 laborat,
3730 4905 3772 4949 ut

2231 4996 2510 5052 sanitatem
2539 5006 2816 5066 recuperet
2848 5013 2861 5049 :
2893 4997 2942 5052 ei
2971 5011 3097 5051 vero
3122 4998 3209 5066 qui
3237 5011 3398 5051 sanus
3417 5006 3513 5060 est,
3535 5011 3597 5050 ne
3615 4991 3771 5048 morbo

2233 5088 2455 5145 laboret.
2471 5089 2754 5160 Quousque
2771 5089 2981 5144 tandem
3001 5089 3273 5158 pecuniae?
3292 5104 3558 5159 quousque
3573 5079 3769 5140 divitiae?

2232 5197 2507 5254 quousijuc
2518 5181 2862 5237 aedificiorum
2879 5181 3296 5251 magniﬁcentia?
3313 5193 3579 5250 quousque
3591 5172 3770 5230 rabidus

2231 5291 2416 5331 eorum
2442 5274 2606 5339 furor,
2635 5274 2724 5345 qui
2750 5275 2905 5328 bruto
2920 5276 3244 5344 voluptatum
3274 5274 3438 5327 amori
3464 5270 3616 5327 dediti
3642 5262 3768 5320 sunt?

2233 5369 2370 5424 Ecce
2394 5368 2538 5422 venit
2567 5375 2720 5422 terrm
2750 5376 2951 5421 motus:
2972 5366 3096 5436 quid
3123 5365 3426 5438 profuerunt
3447 5361 3602 5433 epes?
3623 5356 3770 5412 Labor

2297 5523 2314 5554 ι
2349 5523 2518 5580 vatic.,
2539 5533 2640 5570 tor.
2673 5520 2817 5571 Paulo

2232 5584 2376 5633 Paulo
2398 5591 2505 5644 post
2538 5584 2705 5640 \-'atic.,

2233 5644 2353 5709 ignis
2379 5645 2678 5706 crcpiltnttes.

2926 5515 2970 5570 St
3006 5523 3135 5570 idem
3153 5557 3166 5580 ,
3206 5527 3252 5570 et
3276 5519 3603 5591 fundarumta
3627 5517 3767 5591 μείςξὲ

2899 5566 2990 5634 bon
3007 5566 3520 5646 immtatis-im,
3559 5575 3637 5628 sed
3653 5566 3766 5631 ﬁmi
