4030 6136
461 296 599 352 ΙθΞθ

460 407 734 480 ἑκατέρων
758 405 1036 479 παρελύθη
1069 417 1091 445 ο
1112 424 1123 436 ·
1153 405 1223 475 τῷ
1249 423 1415 475 κεκτη
1425 421 1568 475 μενῳ
1599 402 1657 455 τὸ
1693 402 1876 472 κτῆμα
1904 415 2029 454 συν-

456 498 723 563 ἀπώλετο,
763 501 795 569 ή
834 499 981 552 οἰκία
1004 497 1082 569 τῷ
1101 497 1569 551 κατασκευάσαντι
1592 511 1605 523 ·
1642 494 1819 558 κοινὸς
1863 493 2033 563 τάφος

460 590 713 642 ἁπάντων
738 591 771 659 ή
803 587 956 652 πόλις
977 589 1205 657 ἐγίνετο,
1241 590 1410 659 τάφος
1447 586 1862 658 ἐσχεδιασμένος
1883 625 1898 650 ,
1934 585 2035 638 ούκ

454 674 517 734 ἐν
547 680 699 752 χερσὶ
719 680 997 750 τεχνιτῶν,
1031 680 1165 734 illi
1195 684 1262 752 τῇ
1303 683 1555 753 συμφορᾷ
1592 676 2033 748 κατεσκευασμέ-

461 789 568 835 νος.
597 770 705 824 Ποῦ
739 773 766 824 6
803 768 1059 838 πλοῦτος;
1090 771 1191 825 ποῦ
1228 772 1283 826 αῖ
1325 770 1627 835 πλεονεξίαι
1636 787 1658 835 3
1720 770 1914 840 Ὁρᾶτε
1953 767 2034 820 ὅτι

463 862 707 935 ἀράχνης
737 864 913 918 πάντα
928 863 1281 936 εὐτελέστερα
1304 881 1318 930 ;

535 976 597 1047 β’.
642 976 778 1031 ‘A-ll‘
796 979 939 1049 ἐρεῖς
969 996 1080 1048 μοι,
1116 978 1211 1032 καὶ
1243 975 1537 1045 τίώφελεῖς
1556 975 1762 1044 λέγων;
1806 972 2032 1043 Ὠφελῶ,

463 1069 557 1122 ἐάν
587 1068 803 1140 τίς-μου
831 1069 1004 1141 ἀκούῃ
1023 1085 1037 1100 ο
1070 1068 1182 1139 ἐγὼ
1201 1069 1260 1122 τὸ
1278 1068 1516 1140 ἐμαυτοῦ
1540 1066 1681 1121 ποιῶ
1704 1084 1717 1100 ·
1744 1069 1772 1120 6
1797 1067 2037 1136 σπείρων

464 1160 694 1231 σπείρει.
744 1161 1000 1232 Ἐξῆλθεν
1040 1162 1070 1216 6
1101 1161 1338 1233 σπείρων
1371 1160 1465 1215 τοῦ
1519 1163 1770 1232 σπεῖραι·
1832 1159 1927 1213 καὶ
1967 1156 2036 1212 τά

464 1248 561 1319 μὲν
590 1248 752 1303 ἔπεσε
788 1250 939 1327 παρά
975 1250 1076 1322 τὴν
1104 1250 1242 1316 ὁδὸν,
1264 1249 1334 1304 τά
1365 1250 1423 1304 δέ
1452 1250 1544 1304 ἐπὶ
1580 1250 1679 1321 τήν
1708 1248 1933 1320 πέτραν,
1967 1246 2036 1302 τὰ

460 1341 518 1394 δὲ
552 1342 644 1396 ἐπὶ
673 1342 774 1406 τὰς
821 1343 1085 1410 ἀκάνθας,
1131 1344 1201 1399 τά
1243 1344 1300 1399 δέ
1331 1343 1423 1398 ἐπὶ⁸
1453 1343 1553 1414 τὴν
1576 1342 1680 1414 γῆν
1705 1342 1804 1413 τὴν
1827 1341 2000 1412 καλήν
2019 1357 2035 1374 ·

458 1433 588 1505 τρία
624 1433 763 1505 μέρη
812 1433 1081 1498 ἀπώλετο,
1117 1435 1305 1490 καὶιὲν
1342 1434 1543 1506 ἐσώθη,
1569 1434 1665 1488 καὶ
1685 1435 1787 1488 οὐκ
1824 1433 2035 1504 ἀπέστη

460 1523 560 1593 τῆς
605 1523 898 1595 γεωργίας,
941 1524 1055 1578 ἀλλ’
1088 1525 1274 1596 ἐπειδὴ
1304 1525 1363 1578 ἓν
1384 1524 1692 1593 διεσώζετο,
1720 1523 1820 1578 ούκ
1865 1523 2038 1581 ἐπαύ-

463 1631 595 1668 σατο
626 1615 724 1685 τῆς
748 1616 1063 1688 γεηπονίας.

533 1724 637 1779 Καὶ
658 1724 754 1779 νῦν
789 1726 846 1780 δὲ
890 1729 1170 1800 ἀμήχανον
1220 1730 1280 1784 ἐν
1320 1729 1561 1800 τοσούτῳ
1605 1727 1801 1799 πλήθει
1836 1727 2038 1798 σπόρον

463 1816 935 1890 καταϐαλλόμενον
984 1821 1058 1892 μή
1101 1822 1347 1891 ἐνεγκεῖν
1383 1839 1473 1895 μοι
1530 1822 1732 1892 στάχυν
1755 1836 1770 1851 ·
1815 1820 1918 1874 xiv
1963 1820 2037 1890 μὴ

463 1913 663 1976 πάντες
689 1912 1018 1977 ἀκούσωσιν,
1048 1916 1098 1968 οἱ
1122 1914 1342 1986 ἡμίσεις
1364 1912 1722 1968 ἀκούσονται·
1756 1911 1859 1966 xiv
1887 1911 1964 1983 μὴ
1991 1913 2038 1964 οί

464 2006 703 2075 ἡμίσεις,
738 2007 771 2077 ἡ
812 2006 969 2079 τρίτη
1020 2011 1183 2079 μοῖρα
1206 2025 1219 2039 ·
1265 2008 1369 2062 xiv
1411 2008 1486 2080 μὴ
1526 2009 1559 2078 ή
1595 2007 1753 2078 τρίτη
1787 2008 1971 2078 μοῖρα,
2003 2009 2038 2077 ἡ

463 2100 690 2171 δεκάτη·
725 2100 826 2154 xiv
859 2100 934 2172 μὴ
962 2102 996 2172 ή
1030 2101 1252 2170 δεκάτη,
1300 2102 1404 2155 κᾶν
1448 2095 1528 2164 εἷς
1567 2103 1632 2153 ἐκ
1660 2100 1756 2153 τοῦ
1802 2099 2040 2171 πλήθους

380 2231 384 2238 .
463 2191 691 2262 ἀκούσῃ,
715 2190 976 2245 ἀκουέτω.
1011 2192 1086 2246 Οὐ
1125 2192 1319 2264 μικρὸν
1352 2192 1381 2232 δ
1408 2191 1516 2263 γὰρ
1537 2192 1598 2244 τὸ
1625 2192 1719 2245 καὶ
1746 2190 1805 2244 ἐν
1837 2190 2040 2262 πρόϐα-

464 2297 555 2333 τον
583 2280 914 2350 διασωθῆναι
939 2293 954 2308 ·
981 2282 1103 2335 ἐπεὶ
1134 2283 1230 2335 καὶ
1260 2284 1288 2336 ὁ
1318 2280 1522 2351 ποιμὴν
1550 2281 1756 2343 ἐκεῖνος
1798 2279 1865 2333 τὰ
1897 2280 2042 2331 ἐννε-

465 2374 858 2443 νηκονταεννέα
886 2375 1133 2447 πρόϐατα
1169 2373 1504 2439 καταλιπὼν,
1542 2374 1635 2427 ἐπὶ
1660 2374 1721 2426 τὸ
1757 2372 1817 2426 ἒν
1854 2371 1915 2426 τὸ
1946 2389 2042 2425 πε-

466 2464 809 2541 πλανημένον
841 2465 1095 2539 ἔδραμεν.
1129 2468 1204 2521 Οὐ
1238 2465 1563 2538 καταφρονῶ
1582 2465 1873 2538 ἀνθρώπου
1894 2483 1907 2496 ·
1930 2465 2042 2519 κᾶν

465 2550 626 2630 εἴςῇ,
684 2556 969 2626 ἄνθρωπός
1010 2560 1153 2623 ἐστι,
1182 2559 1242 2612 τὸ
1276 2557 1743 2629 περισπούδαστον
1781 2556 1874 2610 τοῦ
1907 2555 2041 2609 Θεοῦ

467 2646 605 2711 ζῶον
625 2663 640 2676 ·
668 2647 773 2701 xiv
792 2647 977 2711 δοῦλος
999 2643 1055 2721 ᾗ,
1082 2648 1180 2700 ούκ
1202 2646 1316 2700 ἔστι
1341 2664 1429 2716 μοι
1451 2645 1924 2716 εὐκαταφρόνητος
1941 2661 1953 2672 ·
1981 2646 2042 2696 οὐ

468 2740 579 2810 γάρ
598 2739 814 2811 ἀξίωμα
843 2739 1023 2810 ζητῶ,
1060 2739 1174 2792 ἀλλ’
1216 2740 1448 2810 ἀρετήν·
1492 2737 1554 2790 οὐ
1593 2736 1931 2802 δεσποτείαν,
1981 2736 2042 2788 ού

467 2831 737 2895 δουλείαν,
772 2829 909 2885 ἀλλά
931 2829 1110 2902 ψυχήν
1130 2847 1144 2862 ·
1178 2829 1282 2884 κᾶν
1304 2825 1387 2897 εἷς
1418 2824 1476 2904 ᾖ,
1510 2826 1793 2899 ἄνθρωπός
1819 2827 1953 2890 ἐστι,
1978 2825 2043 2878 δι’

466 2930 528 2983 ὃν
557 2930 783 3004 οὐρανὸς
810 2928 1098 3003 ἐτανύσθη,
1132 2928 1225 2983 καὶ
1277 2928 1426 2999 ἥλιος
1479 2928 1677 2997 φαίνει,
1711 2925 1805 2980 καὶ
1849 2925 2045 2996 σελήνη

467 3024 674 3100 τρέχει,
705 3022 800 3078 καὶ
824 3022 933 3094 ἀὴρ
964 3021 1212 3093 ἐξεχέθη,
1242 3021 1336 3073 καὶ
1365 3019 1541 3091 πηγαὶ
1570 3017 1815 3089 βρύουσι,
1841 3017 1932 3071 καὶ
1959 3017 2047 3070 θά-

468 3104 635 3169 λαττα
664 3105 910 3185 ήτὶλώθη,
938 3114 1033 3167 καὶ
1055 3112 1327 3184 προφῆται
1352 3109 1730 3181 ἐπέμφθησαν,
1762 3108 1856 3161 καὶ
1883 3107 2046 3178 νόμος

469 3208 626 3282 ἐδόθη
647 3229 659 3240 ·
690 3211 787 3265 καὶ
827 3209 882 3263 τί
910 3209 992 3263 δεῖ
1034 3208 1211 3263 πάντα
1256 3207 1466 3277 λέγειν;
1506 3206 1573 3260 δι’
1613 3206 1671 3259 ὃν
1699 3206 1727 3259 ὁ
1754 3203 2048 3275 μονογενὴς

470 3301 600 3365 Υἱὸς
636 3299 732 3354 τοῦ
761 3298 897 3355 Θεοῦ
914 3297 1215 3370 ’ἄνθρωπος
1248 3298 1486 3367 ἐγένετο.
1538 3297 1597 3350 Ὀ
1634 3296 1910 3367 Δεσπότης
1944 3311 2046 3364 μου

470 3394 707 3469 ἐσφάγη,
743 3396 836 3451 καὶ
868 3395 929 3449 τὸ
947 3391 1086 3466 αἷμα
1114 3393 1280 3450 αὐτοῦ
1314 3392 1529 3465 ἐξέχεεν
1555 3391 1701 3462 ὑπὲρ
1734 3389 2043 3462 ἀνθρώπου·

471 3489 628 3552 κάγὼ
654 3490 1059 3561 καταφρονῆσαι
1085 3488 1192 3559 έχω
1213 3504 1227 3551 ;
1252 3487 1346 3542 καλ⁵
1368 3486 1525 3540 ποίαν
1552 3484 1661 3556 ἔχω
1678 3482 2007 3555 συγγνώμην
2030 3499 2046 3547 ;

472 3581 588 3634 Οὐκ
612 3579 840 3634 ἀκούετε
869 3580 951 3632 ὅτι
983 3576 1334 3649 Σαμαρείτιδι
1366 3575 1637 3645 διελέγετο
1654 3576 1682 3628 ό
1710 3573 1936 3645 Κύριος,
1955 3574 2051 3626 καὶ

479 3672 705 3742 μυρίους
738 3669 983 3740 ήνάλωσε
1009 3669 1202 3736 λόγους
1222 3686 1236 3734 ;
1275 3666 1369 3720 καὶ
1390 3668 1491 3720 οὐκ
1513 3665 1699 3735 ἐπειδὴ
1718 3665 2053 3734 Σαμαρεῖτις

475 3762 566 3836 ἦν,
606 3765 1011 3836 κατεφρονεῖτο,
1032 3759 1147 3814 ἀλλ’
1180 3759 1368 3830 ἐπειδὴ
1388 3758 1567 3829 ψυχὴν
1590 3752 1756 3827 εἶχεν,
1789 3756 2053 3810 ἐσπουδάο

478 3853 629 3917 ζετο·
665 3853 765 3906 οὐκ
803 3849 988 3922 ἐπειδὴ
1018 3849 1190 3921 πόρνη
1213 3843 1303 3920 ἦν,
1326 3847 1699 3918 ύπερεωρᾶτο,
1728 3845 1844 3899 ἀλλ’
1867 3846 2053 3917 ἐπειδὴ

477 3946 667 4017 ἔμελλε
721 3943 1154 4009 σώζεσθαιγκαῖ.
1206 3942 1387 3997 πίστιν
1421 3938 1748 4005 ἐπεδείξατο,
1794 3938 2054 4003 πολλάκις

478 4039 760 4111 ἀπήλαυσε
782 4038 881 4110 τῆς
913 4035 1249 4108 ἐπιμελείας.
1281 4036 1356 4088 Οὐ
1393 4032 1672 4103 παύσομαι
1711 4031 1891 4101 λέγειν
1921 4029 2050 4098 ἐγὼ,

446 4170 449 4173 ς
479 4131 583 4187 κᾶν
632 4130 821 4203 μηδεὶς
925 4132 953 4184 6
980 4129 1224 4182 ἀκούων·
1262 4125 1444 4198 ἰατρός
1486 4125 1621 4195 εἰμι,
1667 4122 1950 4193 ἐπιτίθημι
1987 4123 2056 4176 τὰ

481 4227 783 4298 φάρμακα·
825 4221 1145 4284 διδάσκαλός
1173 4222 1309 4291 εἰμι,
1357 4219 1646 4289 παραινεῖν
1686 4215 2015 4287 ἐκελεύσθην
2039 4231 2052 4245 ·

480 4319 628 4387 λέγει
657 4317 799 4389 γάρ·
843 4314 1083 4369 Σκοπὸν
1120 4310 1347 4366 δέδωκά
1377 4327 1451 4365 σε
1494 4308 1575 4375 τῷ
1602 4308 1746 4375 οἴκῳ
1785 4307 2054 4376 Ἰσραήλ.

479 4411 684 4466 Οὐδένα
710 4406 1061 4482 διορθοῦμαι;
1089 4407 1199 4460 Καὶ
1229 4405 1280 4458 τί
1316 4403 1505 4470 τοῦτο;
1533 4401 1649 4456 ἀλλ’
1693 4400 1807 4471 ἐγὼ
1850 4401 1940 4456 τὸν
1965 4419 2056 4472 μι-

482 4501 609 4555 σθὸν
635 4501 763 4572 ἔχω.
798 4500 907 4553 Καὶ
930 4499 1088 4553 τοῦτο
1116 4498 1240 4552 καθ’
1274 4495 1582 4569 ὑπερϐολὴν
1611 4489 1764 4549 εἷπον
1789 4509 1804 4525 ·
1835 4494 2057 4565 ἀμήχα-

480 4611 572 4647 νον
619 4592 728 4663 γὰρ
762 4594 818 4645 ἐν
869 4590 1021 4663 [775]
1069 4589 1263 4661 πλήθει
1301 4587 1538 4656 τοσούτῳ
1576 4586 1650 4657 μή
1702 4583 2060 4656 διορθωθῆναί

479 4705 624 4741 τινα.
668 4682 986 4739 Ἀλλάὗταὶ
1023 4682 1079 4734 αἱ
1102 4681 1330 4751 σκήψεις
1356 4678 1453 4732 καὶ
1490 4678 1548 4730 αἱ
1592 4676 1899 4748 προφάσεις
1946 4674 2058 4729 εἰσὶ

480 4782 588 4836 τῶν
617 4778 876 4852 ῥᾳθύμων
893 4773 1198 4847 ἀκροατῶν.
1241 4768 1470 4838 ’Δκούω,
1495 4771 1649 4845 φησὶ,
1675 4769 1796 4823 καθ’
1820 4768 2058 4840 ἡμέραν,

481 4875 576 4931 καὶ
605 4874 667 4929 οὐ
719 4871 878 4926 ποιῶ.
930 4870 1149 4934 Ἄκουε,
1185 4866 1288 4920 xiv
1348 4864 1424 4936 μὴ
1461 4865 1658 4935 ποιῇς·
1708 4863 1773 4915 ἐκ
1808 4859 1918 4930 γὰρ
1967 4857 2060 4911 τοῦ

472 4966 699 5022 ἀκούειν
727 4964 818 5018 καὶ
850 4962 914 5016 τδ
935 4961 1196 5032 πράττειν
1228 4956 1594 5025 περιγίνεται·
1623 4951 1725 5008 xiv
1756 4952 1832 5023 μὴ
1873 4952 2059 5021 ποιῇς,

483 5061 715 5133 αἰσχύνῃ
743 5059 836 5112 ἐπὶ
882 5058 946 5128 τῇ
989 5051 1265 5125 ἁμαρτίᾳ·
1307 5049 1409 5104 κᾶν
1438 5048 1514 5120 μή
1541 5048 1726 5117 ποιῇς,
1754 5042 2062 5115 μεταϐάλλῃ

481 5153 580 5222 τὴν
622 5150 847 5222 γνώμην
872 5162 886 5179 ·
935 5144 1037 5200 κᾶν
1063 5144 1139 5216 μὴ
1175 5144 1356 5213 ποιῇς,
1391 5135 1777 5201 καταδικάζεις
1807 5133 2055 5197 σεαυτὸν,

482 5246 563 5298 ὅτι
588 5244 651 5297 ού
681 5242 876 5304 ποιεῖς.
893 5236 1064 5292 Τοῦτο
1087 5235 1144 5288 δέ
1162 5233 1223 5287 τὸ
1246 5231 1570 5302 κατηγορεῖν
1594 5223 1843 5292 σεαυτοῦ,
1866 5223 2061 5289 πόθεν;

492 5336 552 5389 '0
581 5334 792 5407 καρπὸς
813 5331 923 5386 τῶν
969 5328 1118 5401 ἐμῶν
1165 5325 1357 5394 λόγων.
1398 5323 1568 5375 Ὅταν
1589 5329 1611 5358 ο
1655 5318 1837 5387 εἴπῃς·
1874 5315 2058 5386 Οίμοι,

551 5568 571 5596 ⁸
599 5565 749 5614 Savll.
773 5567 825 5612 et
845 5563 951 5613 cod.
973 5560 1101 5619 Reg.
1128 5555 1400 5621 παρελύετο.

548 5629 577 5669 ι»
604 5613 757 5674 νοῐίο.
780 5623 982 5683 ἀκούσῃ·
1006 5613 1235 5683 κερδαίνω
1266 5615 1453 5683 ἐγώ·ᾼώ
1475 5613 1654 5683 μικρόν.
1736 5670 1750 5678 .

551 5692 575 5721 ε
605 5686 761 5737 Valic.
786 5682 928 5758 τοῦτο
944 5676 1124 5758 καρπὸς
1147 5679 1243 5726 τῶν
1263 5676 1479 5742 χειλέων,
1507 5676 1634 5724 ὅταν.

553 5755 579 5794 ἀ
606 5750 757 5800 \‘atic.
779 5747 864 5804 τὰς
884 5745 1094 5805 ἀνομίας.

1170 296 1227 351 S.
1271 293 1559 349 JOANNIS
1590 294 2080 350 CIIRYSOSTUMI
2123 293 2445 352 ARCIIIEP.
2487 289 3028 351 CONSTANTINOP.

3562 278 3683 338 1050

2137 398 2366 466 ήκουσα,
2388 397 2480 450 καὶ
2507 396 2567 451 ού
2590 396 2725 450 ποιῶ
2745 413 2757 427 ·
2782 395 2842 450 τὸ
2871 394 3015 467 οἴμοι
3050 391 3327 465 προοίμιόν
3354 393 3467 448 ἐστι
3486 393 3581 464 τῆς
3601 394 3686 451 ἐπὶ

2132 489 2194 543 τὸ
2223 489 2430 560 βέλτιον
2461 489 2783 561 μεταϐολῆς.
2805 488 3122 560 Ἥμαρτες·
3141 486 3478 558 ἐθρήνησας;
3507 485 3683 549 ἔλυσας

2132 581 2231 651 τὴν
2251 582 2546 653 ἁμαρτίαν.
2570 580 2717 651 Λέγε
2740 580 2851 650 γὰρ
2877 581 2958 635 σὺ
2982 578 3214 649 πρῶτος
3239 578 3344 645 τὰς
3367 579 3642 647 ἀμαρτ.ἀς
3661 575 3684 617 δ

2133 683 2270 735 σου,
2318 671 2419 724 ἵνα
2466 669 2799 739 δικαιωθῇς.
2841 670 2962 724 Κᾶν
3020 669 3349 741 στυγνάσῃς,
3386 667 3418 732 ἢ
3454 667 3687 738 κατηφὴς

2133 762 2285 834 γένῃ,
2322 761 2434 832 ἔχει
2462 762 2585 816 τινὰ
2615 762 2888 833 σωτηρίαν
2911 763 2944 833 ή
2977 762 3272 830 κατήφεια,
3297 759 3357 815 ού
3376 759 3466 812 διὰ
3496 758 3589 829 τὴν
3608 759 3689 829 φύ-

2137 869 2222 906 σιν
2249 853 2349 924 τῆς
2380 853 2683 924 κατηφείας
2704 893 2719 919 ,
2765 851 2901 906 ἀλλά
2927 852 3014 906 διὰ
3033 851 3131 922 τὴν
3159 849 3566 921 φιλανθρωπίαν
3605 851 3689 903 τοῦ

2134 945 2422 1000 Δεσπότου.
2456 944 2546 1016 Τῷ
2570 943 2746 1015 ἔχοντι
2775 942 3052 1015 ἁμαρτίας
3079 942 3180 995 οὐκ
3200 940 3359 1012 ὀλίγη
3387 940 3690 1012 παραμυθία

2119 1034 2197 1087 ’τὸ
2222 1035 2409 1088 λυπεῖν
2443 1032 2656 1087 ἑαυτόν.
2691 1032 2874 1087 Εἶδον
2912 1031 3041 1104 γὰρ,
3078 1030 3266 1103 φησὶν,
3301 1031 3390 1085 ὅτι
3435 1029 3692 1100 ἐλυπήθη

2139 1125 2237 1181 καὶ
2266 1127 2629 1197 ἐστύγνασε,
2664 1124 2764 1180 καί
2814 1123 3079 1194 ἰασάμην
3104 1122 3292 1178 αὑτοῦ
3327 1122 3437 1188 τὰς
3468 1121 3692 1188 ὀδύνας.

2141 1221 2205 1273 ’Ὠ
2242 1217 2653 1291 φιλανθρωπίας
2683 1217 2917 1289 ἀφάτου,
2954 1217 3049 1272 καὶ
3079 1217 3414 1287 ἀγαθότητος
3447 1217 3692 1287 ἑρμηνευ-

2139 1311 2299 1382 θῆναι
2327 1312 2401 1383 μὴ
2434 1309 2772 1383 δυναμένηςί
2815 1307 3114 1380 Ἑλυπήθη,
3147 1307 3241 1362 καὶ
3265 1306 3504 1378 ἰασάμην
3530 1306 3694 1361 αὐτόν.

2138 1404 2251 1457 Καὶ
2278 1403 2332 1457 τί
2372 1403 2534 1475 μέγα,
2564 1403 2650 1457 ὃτι
2693 1400 2972 1473 ἐλυπήθη;
3008 1400 3083 1455 Οὐ
3117 1399 3260 1471 μέγα
3287 1399 3420 1469 μὲν·
3451 1396 3565 1451 ἀλλ’
3600 1396 3698 1466 ἑγὼ

2140 1494 2394 1566 ἀφορμὴν
2414 1493 2605 1549 ἔλαϐον
2641 1492 2732 1547 τοῦ
2769 1492 2952 1547 ἰᾶσθαι
2985 1491 3081 1555 τὰς
3107 1490 3297 1552 ὀδύνας
3320 1487 3510 1543 αὑτοῦ.
3532 1487 3697 1542 Εῖδετε

2142 1586 2260 1650 πῶς
2280 1589 2338 1641 ἐν
2368 1586 2595 1658 βραχείᾳ
2628 1583 2822 1658 καιροῦ
2859 1586 3000 1658 ῥοπῇ
3033 1584 3212 1638 πάντα
3240 1583 3547 1654 συνήγαγεὲ

2211 1679 2486 1753 Διηνεκῶς
2510 1679 2690 1733 τοίνυν
2716 1679 2815 1749 τὴν
2845 1677 3083 1748 ἑσπέραν
3110 1675 3326 1746 ἐκείνην
3355 1673 3455 1728 τοῦ
3494 1671 3698 1745 σεισμοῦ

2140 1772 2420 1852 λογίζεσθε
2464 1773 2523 1826 ἐν
2561 1772 2794 1835 ἑαυτοῖς.
2837 1771 2901 1824 Οἱ
2941 1768 3042 1840 μὲν
3069 1768 3179 1839 γὰρ
3211 1766 3361 1823 ἄλλοι
3394 1767 3594 1830 πάντες
3623 1766 3703 1820 διὰ

2139 1865 2230 1919 τὸν
2264 1864 2487 1936 σεισμὸν
2516 1862 2853 1917 ἐδεδοίκεσαν
2872 1899 2887 1925 ,
2924 1858 3036 1930 ἐγὼ
3061 1858 3119 1913 δὲ
3145 1857 3234 1912 διὰ
3260 1856 3360 1929 τὴν
3403 1858 3583 1911 αἰτίαν
3615 1855 3700 1910 τοῦ

2140 1957 2387 2029 σεισμοῦ.
2419 1956 2697 2027 Συνήκατε
2733 1953 2785 2008 τί
2810 1949 2997 2019 εἴπον;
3033 1952 3098 2007 Οἱ
3139 1950 3239 2022 μὲν
3279 1950 3591 2021 ἐφοϐοῦντο,
3636 1950 3702 2020 μὴ

2143 2054 2283 2121 πέσῃ
2310 2051 2344 2121 ή
2366 2048 2541 2113 πόλις,
2571 2047 2667 2101 καὶ
2696 2044 3068 2100 ἀποθάνωσιν·
3090 2042 3202 2114 ἐγὼ
3222 2043 3281 2098 δέ
3308 2042 3543 2104 δέδοικα.
3573 2043 3649 2095 ὃτι
3680 2042 3703 2094 ὁ

2125 2141 2418 2212 ,Δεσπότης
2440 2141 2573 2211 ἡμῖν
2612 2137 2889 2209 ὀργίζεται
2909 2154 2923 2167 ·
2965 2137 3027 2192 οὐ
3055 2136 3166 2208 γὰρ
3210 2134 3450 2207 χαλεπὸν
3483 2133 3544 2187 τὸ
3579 2134 3704 2188 ἀπο-

2143 2235 2345 2298 θανεῖν,
2399 2231 2536 2286 ἀλλά
2587 2230 2820 2302 χαλεπὸν
2845 2231 2908 2285 τὸ
2953 2228 3253 2301 παροξῦναι
3295 2227 3388 2282 τὸν
3425 2227 3703 2297 Δεσπότην.

2145 2327 2306 2380 Ὥστε
2338 2325 2399 2379 ού
2454 2323 2543 2379 διὰ
2572 2324 2664 2378 τὸν
2705 2323 2929 2395 σεισμὸν
2973 2322 3308 2394 ἐφοϐούμην,
3326 2320 3487 2389 ,ἀλλά
3512 2319 3596 2373 διὰ
3619 2318 3708 2391 τήν

2144 2421 2323 2476 αἰτίαν
2362 2419 2457 2474 τοῦ
2506 2417 2765 2489 σεισμοῦ·
2807 2418 2842 2489 ή
2895 2416 3007 2488 γὰρ
3064 2415 3215 2470 αἰτία
3268 2413 3363 2468 τοῦ
3425 2412 3706 2485 σεισμοῦή

2142 2514 2278 2586 ὀργή
2307 2513 2400 2566 τοῦ
2422 2512 2578 2576 Θεοῦ,
2606 2510 2706 2582 τῆς
2720 2510 2777 2564 δὲ
2793 2509 2962 2580 ὀργῆς
2985 2506 3158 2562 αἴτιον
3175 2509 3230 2561 αἱ
3252 2506 3520 2578 ἁμαρτίαι
3544 2504 3705 2576 ήμῶν.

2143 2605 2429 2678 Μηδέποτε
2460 2601 2626 2674 φοϐοῦ
2655 2601 2901 2664 κόλασιν,
2933 2597 3050 2651 ἀλλ’
3074 2595 3348 2668 ἁμαρτίαν
3377 2594 3481 2666 τὴν
3513 2593 3711 2666 μητέρα

2144 2697 2561 2770 τῆςηκολάσεως.
2594 2695 2803 2748 Σείεται
2831 2693 2865 2764 ή
2903 2691 3088 2755 πόλις;
3118 2689 3226 2744 Καὶ
3266 2687 3321 2741 τί
3352 2687 3555 2752 τοῦτο;
3590 2684 3712 2741 ἀλλά

2148 2792 2239 2848 σοῦ
2264 2792 2338 2863 μὴ
2370 2788 2684 2860 σαλευθήτω
2709 2788 2743 2858 ή
2771 2785 2979 2840 διάνοια
2997 2802 3010 2815 ·
3044 2784 3169 2837 ἐπεὶ
3200 2784 3295 2838 καὶ
3310 2783 3409 2836 ἐπὶ
3438 2782 3543 2836 τῶν
3563 2795 3707 2849 νοση-

2149 2884 2334 2955 μάτων
2366 2882 2459 2937 καὶ
2490 2880 2597 2936 τῶν
2636 2878 2970 2951 τραυμάτων
3004 2877 3106 2930 οὐκ
3131 2876 3373 2938 ἐκείνους
3425 2870 3711 2945 θρηνοῦμεν

2144 2975 2269 3038 τοὺς
2302 2969 2791 3045 θεραπευομένους,
2841 2966 2978 3022 ἀλλὰ
3034 2966 3162 3029 τοὺς
3200 2964 3269 3018 τὰ
3295 2963 3497 3019 ἀνίατα
3526 2960 3713 3019 νοσοῦν-

2146 3082 2269 3131 τας.
2301 3066 2476 3136 Ὅπερ
2514 3062 2632 3116 ἐστὶ
2682 3060 2838 3125 νόσος
2863 3060 2958 3113 καὶ
3005 3057 3247 3129 τραῦμα,
3306 3055 3471 3109 τοῦτό
3497 3051 3715 3108 ἐστικαὶ

2147 3157 2392 3230 ἀμαρτία
2414 3172 2428 3187 ·
2452 3155 2588 3226 ὅπερ
2619 3151 2738 3207 ἐστὶ
2767 3151 2908 3223 τομὴ
2939 3151 3035 3204 καὶ
3060 3148 3375 3220 φάρμακον,
3432 3144 3587 3200 τοῦτό
3612 3145 3715 3196 ἐστι

2149 3251 2243 3304 καὶ
2267 3247 2530 3320 τιμωρία.

2221 3401 2290 3459 γ’,
2307 3388 2581 3456 Συνήκατε
2589 3403 2620 3441 τ
2628 3384 2643 3437 ί
2651 3383 2815 3453 λέγω;
2828 3381 3131 3455 Προσέχετε
3139 3397 3151 3408 ·
3170 3379 3464 3448 φιλόσοφον
3475 3376 3580 3445 γὰρ
3590 3375 3719 3445 ὑμᾶς

2153 3484 2411 3557 βούλομαι
2440 3476 2728 3535 παιδεῦσαι
2752 3474 2931 3544 λόγον.
2960 3472 3060 3527 Διά
3096 3471 3151 3525 τί
3184 3472 3311 3533 τοὺς
3338 3467 3720 3539 κολαζομένους

2153 3556 2477 3648 θρηνοῦμεν,
2502 3568 2616 3626 ἀλλ’
2647 3570 2709 3629 οὔ
2728 3568 2857 3631 τοὺς
2884 3563 3335 3637 ἁμαρτάνονταςς
3365 3560 3448 3615 Οὐ
3467 3560 3572 3631 γὰρ
3592 3556 3721 3648 οὕτω

2151 3646 2385 3740 χαλεπὸν
2422 3664 2642 3728 κόλασις
2665 3701 2680 3727 ,
2713 3660 2789 3727 ὡς
2819 3657 3054 3731 χαλεπὸν
3092 3657 3127 3728 ή
3164 3652 3450 3726 ἁμαρτία·
3501 3651 3598 3722 τῆς
3624 3646 3721 3719 γὰρ

2154 3761 2426 3824 κολάσεως
2457 3758 2713 3820 ὑπόθεσις
2741 3756 2775 3826 ή
2796 3751 3060 3825 ἁμαρτία.
3109 3749 3237 3804 Ἐάν
3264 3746 3451 3807 τοίνυν
3474 3744 3587 3816 ἴδῃς
3612 3740 3720 3795 τινὰ

2156 3852 2421 3925 σηπεδόνα
2443 3849 2655 3921 ἔχοντα,
2683 3846 2779 3900 καὶ
2808 3843 3097 3915 σκώληκας
3132 3841 3228 3895 καὶ
3270 3837 3479 3910 ἰχῶρας
3506 3834 3611 3890 ἀπὸ
3636 3830 3721 3887 τοῦ

2159 3945 2409 4017 σώματος
2435 3938 2894 4015 κατερχομένους,
2923 3935 3020 3990 καὶ
3058 3930 3385 4005 ἀμελοῦντα,
3409 3928 3507 3983 τοῦ
3549 3928 3720 3987 ἕλκους

2159 4016 2254 4088 καῖ
2284 4032 2384 4101 τῆς
2422 4029 2736 4099 σηπεδόνος,
2760 4026 2948 4095 ἕτερον
2983 4024 3041 4078 δὲ
3071 4022 3139 4077 τὰ
3172 4021 3310 4076 αὐτὰ
3339 4022 3620 4090 πάσχοντα
3649 4016 3722 4068 ίαο

2158 4124 2360 4198 τρικῶν
2385 4121 2727 4178 ἀπολαύοντα
2752 4118 2975 4192 χειρῶν,
2996 4116 3308 4188 καιόμενον,
3335 4114 3437 4168 καὶ⁵
3474 4110 3723 4183 τεμνόμε-

2161 4235 2269 4284 νον,
2300 4217 2396 4270 καὶ
2430 4214 2602 4287 πικρά
2650 4213 2876 4267 πίνοντα
2912 4210 3201 4283 φάρμακα,
3254 4206 3382 4261 τίνα
3420 4204 3723 4278 θρηνήσειςς

2160 4311 2283 4366 εἰπέ
2332 4325 2452 4382 μοι·
2483 4308 2575 4363 τὸν
2622 4305 2902 4370 νοσοῦντα,
2943 4303 3038 4357 καὶ
3090 4298 3165 4373 μὴ
3208 4292 3721 4370 θεραπευόμενον,ἢ

2159 4406 2250 4460 τὸν
2273 4402 2550 4469 νοσοῦντα,
2582 4400 2677 4456 καὶ⁸
2706 4396 3172 4471 θεραπευόμενον;
3203 4391 3373 4462 Δῆλον
3407 4391 3491 4444 ὅτι
3531 4386 3621 4440 τὸν
3644 4399 3723 4436 νο-

2163 4495 2379 4562 σοῦντα,
2411 4495 2507 4547 καὶ
2543 4492 2618 4563 μή
2648 4487 3107 4563 θεραπευόμενον.
3147 4483 3334 4546 Οὕτως
3371 4480 3614 4534 ἔστωσαν
3641 4473 3725 4528 δύο

2163 4587 2497 4663 ἁμαρτωλοὶ,
2524 4586 2553 4638 6
2580 4585 2679 4656 μὲν
2710 4579 3095 4651 κολαζόμενος,
3119 4578 3148 4631 ὁ
3172 4575 3230 4629 δὲ
3250 4576 3324 4646 μὴ
3353 4570 3722 4663 κολαζόμενος.

2164 4661 2314 4756 [776]
2346 4679 2438 4752 Μὴ
2462 4679 2610 4748 λέγε,
2649 4675 2917 4748 μακάριος
2945 4664 3124 4734 οὗτος,
3163 4669 3246 4721 ὅτι
3294 4661 3727 4756 πλουτεῖ,όρφαῖ

2162 4747 2284 4837 νοῦς
2302 4747 2548 4832 ἀποδύει,
2584 4770 2758 4839 χήρας
2807 4747 3071 4836 βιάζεται.
3100 4759 3292 4814 Καίτοι
3330 4755 3392 4811 οὐ
3427 4755 3591 4816 νοσεῖ,
3623 4747 3725 4804 ἀλλ’

2165 4865 2426 4939 ἁρπάζων
2451 4862 2746 4932 εὐδοκιμεῖ,
2774 4857 2941 4928 τιμῆς
2961 4851 3226 4910 ἀπολαύει
3262 4848 3359 4905 καὶ
3394 4842 3724 4939 δυναστείας,

2164 4932 2318 5013 οῦδὲν
2346 4954 2455 5009 τῶν
2487 4950 2839 5024 ἀνθρωπίνων
2864 4946 3149 5017 ὑπομένει,
3182 4944 3245 4997 οὺ
3276 4939 3532 5012 πυρετὸν,
3559 4936 3619 4990 ού

2166 5066 2356 5113 κωσιν,
2386 5046 2488 5100 ούκ
2516 5020 2682 5113 ἀλλην
2706 5037 2829 5093 τινὰ
2859 5037 3045 5091 νόσον·
3075 5032 3280 5087 παίδων
3301 5027 3463 5101 χορὸς
3488 5025 3615 5096 περὶ
3638 5020 3728 5076 αύ-

2164 5143 2290 5207 τὸν,
2325 5141 2501 5210 γῆρας
2547 5132 2804 5204 λιπαρόν·
2851 5128 2988 5184 ἀλλά
3015 5125 3206 5181 τοῦτον
3253 5116 3725 5210 μάλιστα-θρήνει,

2165 5235 2247 5288 ὅτι
2276 5206 2565 5292 καὶ-νοσεῖ,
2595 5225 2690 5279 καὶ
2720 5223 2781 5276 ού
2812 5218 3202 5292 θεραπεύεται·
3230 5214 3348 5277 πῶς
3368 5251 3383 5276 ,
3428 5208 3541 5279 ἐγὼ
3574 5206 3727 5273 λέγω.

2179 5323 2304 5377 Ἐὰν
2337 5321 2452 5393 ἴδῃς
2481 5317 2606 5373 τινὰ
2629 5316 2802 5385 ὑδέρῳ
2830 5311 3218 5393 κατεχόμενον,
3246 5306 3343 5361 καὶ
3364 5300 3565 5371 σπληνὶ
3585 5296 3731 5369 χαλε-

2167 5388 2490 5485 πωτάτωντδ
2528 5409 2686 5480 σῶμα
2737 5388 3151 5475 ἐξογκούμενον,
3205 5400 3301 5453 καὶ
3338 5395 3429 5485 ’μή
3478 5393 3729 5485 τρέχοντο.

2167 5509 2305 5582 πρὸς
2331 5476 2424 5561 τδν
2456 5476 2658 5577 ἰατρὸν,
2687 5500 2824 5555 illi
2854 5495 3197 5570 ψυχροποσίᾳ
3226 5476 3579 5582 προσέχοντα,
3612 5476 3729 5582 τρά-

2169 5571 2343 5666 πεζαν
2391 5571 2582 5668 ἔχοντα
2631 5587 3014 5662 Συϐαριτικὴν,
3065 5584 3187 5639 καθ’
3249 5580 3485 5649 ἑκάστην
3529 5571 3729 5668 ἡμέραν

2174 5660 2459 5768 μεθύοντα,
2504 5660 2988 5766 δορυφορούμενον,
3032 5681 3128 5738 καὶ
3156 5676 3493 5735 ἐπιτείνοντα
3527 5667 3621 5737 τὴν
