4030 6136
374 253 505 310 {02)

372 377 713 434 atrorumquc
737 363 975 419 sublatus
999 370 1115 429 est;
1143 359 1298 432 periit
1324 375 1424 415 una
1458 375 1577 416 cum
1611 361 1944 431 possessione

367 468 663 530 possessor,
713 456 1037 510 domicilium
1093 470 1212 509 cum
1264 468 1328 509 eo
1378 454 1465 524 qui
1514 461 1881 508 construxerat
1933 472 1945 506 :

357 547 601 604 omnium
633 561 916 602 commune
941 545 1240 614 sepulcrum
1263 543 1396 598 facta
1425 553 1500 598 est
1532 543 1736 608 civitas,
1768 544 1948 612 sepul-

368 653 513 694 crum
536 654 603 692 ex
625 645 866 707 tempore
887 645 1278 701 structum,non
1308 634 1374 688 ab
1399 633 1659 688 artificum
1680 633 1944 698 manibus,

359 756 366 761 -
390 730 454 784 ed
468 745 496 782 a
510 729 811 784 calamitate
828 728 1158 784 fabricatum.
1176 726 1270 782 Ubi
1286 726 1500 791 divitia},
1518 725 1604 780 ubi
1629 726 1846 795 rapime,
1861 726 1948 794 ubi

384 819 762 875 raudationes?
794 817 994 874 Videtis
1014 861 1030 886 ,
1070 828 1128 875 ut
1152 820 1326 874 omnia
1354 821 1459 873 sint
1494 819 1698 872 araneis
1724 817 1949 873 viliora?

433 911 486 964 2.
519 911 590 964 At
613 911 756 965 enim
785 910 916 964 mihi
940 910 1106 977 dices,
1133 910 1260 981 quid
1284 909 1510 965 dicendo
1542 909 1790 978 proﬁcis?
1816 909 1947 964 Pro-

368 1001 508 1066 licio,
540 1002 583 1055 si
624 999 743 1070 quis
784 1016 870 1055 me
910 1001 1088 1054 audiat
1117 1017 1130 1052 ε
1159 1015 1259 1071 ego
1303 999 1444 1070 quod
1489 999 1723 1054 oflicium
1771 1010 1947 1054 meum

367 1103 471 1159 est,
503 1093 552 1147 id
582 1101 776 1162 praesto
809 1110 822 1145 :
851 1092 1141 1146 seminator
1168 1092 1412 1146 seminat.
1447 1091 1591 1146 Exiit
1613 1091 1702 1161 qui
1724 1090 1950 1145 seminat

367 1185 432 1239 nd
463 1185 851 1251 seminandum,
881 1195 933 1239 et
962 1182 1202 1254 quaedam
1235 1181 1542 1238 ceciderunt
1580 1198 1736 1237 secus
1771 1182 1904 1236 viam
1931 1223 1946 1248 ,

367 1278 608 1347 qumdam
631 1292 786 1346 supra
810 1287 1032 1346 petram,
1052 1275 1292 1347 quatdam
1316 1290 1474 1345 supra
1496 1275 1694 1344 spinas,
1709 1274 1949 1344 quzedam

369 1379 423 1432 in
445 1379 638 1424 terram
658 1371 850 1424 bonam
879 1369 1086 1439 (Matth.
1107 1369 1188 1423 15.
1207 1368 1260 1439 5)
1287 1385 1300 1422 :
1332 1379 1436 1422 tres
1464 1376 1639 1436 partes
1657 1368 1950 1437 perierunt,

369 1473 422 1516 et
447 1477 546 1515 una
567 1470 772 1516 servata
796 1473 896 1528 est,
915 1477 1010 1516 nec
1031 1461 1096 1515 ab
1112 1461 1426 1530 agricultura
1448 1461 1681 1515 destitit:
1705 1460 1798 1514 sed
1820 1477 1953 1531 quo-

367 1551 509 1605 niam
539 1566 639 1605 una
666 1561 980 1606 conservata
1009 1559 1090 1606 cst
1109 1593 1123 1616 ,
1156 1565 1340 1620 agrum
1370 1549 1546 1605 colere
1576 1565 1678 1603 non
1705 1549 1947 1604 cessavit.

439 1666 560 1720 Non
599 1669 790 1738 frustra
825 1665 1027 1730 seritur,
1056 1664 1250 1718 etiamsi
1275 1663 1422 1733 pauci
1450 1679 1617 1718 semen
1653 1663 1948 1733 suscipiant.

371 1788 438 1798 -
465 1759 528 1812 Et
554 1773 680 1812 vero
711 1771 853 1811 nunc
890 1757 942 1810 in
985 1765 1182 1810 tantam
1223 1754 1610 1810 multitudinem
1655 1754 1949 1824 projecwm

369 1863 550 1904 semen
583 1847 694 1902 fieri
732 1863 837 1901 non
878 1853 1052 1916 potest
1084 1846 1210 1914 quin
1254 1845 1383 1898 mihi
1423 1855 1630 1914 segetes
1671 1843 1903 1914 proferat
1934 1861 1948 1897 :

369 1940 579 1994 tametsi
605 1954 791 1994 omnes
818 1954 925 1993 non
954 1936 1209 2002 audiant,
1255 1935 1470 1990 ditnidia
1499 1951 1620 2005 pars
1645 1935 1825 1990 audiet
1855 1955 1867 1989 :
1899 1946 1952 1990 et

371 2031 494 2085 licet
518 2045 621 2084 non
648 2029 884 2094 dimidia,
915 2043 1035 2097 pars
1061 2029 1210 2082 tertia
1243 2043 1258 2080 :
1288 2036 1342 2081 et
1371 2027 1493 2081 licet
1521 2041 1620 2082 nec
1651 2026 1826 2093 tertia,
1854 2027 1950 2083 de-

369 2123 506 2176 cima
537 2139 550 2174 :
579 2131 626 2176 et
655 2121 777 2175 licet
806 2135 904 2175 nec
929 2119 1132 2173 det-ima
1155 2158 1170 2185 ,
1211 2119 1332 2172 licet
1363 2133 1495 2172 unus
1525 2132 1590 2171 ex
1619 2132 1682 2171 ea
1707 2118 1948 2172 multitu-

365 2213 492 2266 dine
516 2212 788 2264 auditurus
815 2211 902 2276 sit,
932 2210 1112 2263 audiat
1140 2227 1152 2262 :
1187 2224 1290 2262 non
1318 2207 1458 2264 enim
1488 2209 1731 2278 exiguum
1759 2217 1839 2263 est
1870 2207 1949 2262 vel

367 2321 528 2359 unam
572 2321 724 2360 ovem
769 2304 970 2360 servari
1002 2323 1015 2358 :
1046 2302 1474 2373 quandoquidem
1524 2311 1578 2356 ct
1618 2311 1798 2370 pastor
1835 2301 1946 2365 ille,

367 2397 459 2466 qui
489 2398 769 2466 nonaginta
793 2411 981 2450 novem
1008 2395 1293 2464 reliquerat
1316 2408 1464 2457 oves,
1491 2391 1556 2446 ad
1581 2407 1736 2445 imam
1764 2406 1952 2446 cucur~

369 2490 459 2553 rit,
489 2503 606 2558 qua:
633 2488 971 2542 aberraverat
1005 2485 1232 2556 (Matth.
1257 2484 1342 2538 18.
1373 2483 1496 2554 12).
1536 2482 1814 2536 llominem
1845 2497 1948 2535 non

369 2590 652 2632 contemno
682 2595 696 2629 :
733 2577 852 2630 licet
879 2590 1016 2630 unus
1050 2575 1138 2641 sit,
1173 2574 1334 2628 homo
1364 2581 1468 2638 est,
1495 2571 1691 2625 animal
1727 2571 1838 2626 Deo
1863 2585 1951 2626 ca-

370 2670 656 2726 rissimum.
700 2669 849 2724 Licet
871 2683 1058 2722 servus
1095 2668 1182 2733 sit,
1215 2663 1632 2722 contemnendus
1678 2662 1805 2718 mihi
1844 2677 1950 2717 non

371 2762 576 2818 videtur
605 2780 620 2816 :
649 2777 754 2816 non
781 2762 922 2815 enim
949 2759 1258 2829 dignitatem
1295 2772 1508 2828 quaero,
1537 2755 1630 2811 sed
1657 2755 1904 2810 virtutem
1933 2772 1946 2807 :

367 2869 476 2910 non
507 2853 919 2908 dominationem
949 2861 1040 2905 aut
1059 2851 1390 2917 servitutem,
1420 2848 1513 2904 sed
1536 2848 1768 2903 animam
1792 2864 1805 2901 :
1829 2846 1950 2913 licet

371 2961 509 3002 unus
536 2946 625 3012 sit,
659 2944 818 2999 homo
843 2954 958 3011 est,
996 2947 1210 3014 propter
1246 2957 1402 3013 quem
1443 2941 1629 2996 caelum
1671 2949 1949 2998 extensum

371 3049 476 3104 est,
505 3040 581 3093 sol
609 3038 771 3104 lucet,
801 3037 923 3091 luna
949 3036 1206 3101 decurrit,
1245 3049 1338 3089 aer
1375 3032 1573 3088 effusus
1615 3040 1733 3097 est,
1775 3029 1951 3086 fontes

371 3129 684 3192 scaturiunt,
707 3143 999 3196 expansum
1027 3135 1109 3180 est
1137 3141 1304 3191 mare,
1327 3123 1605 3194 Propheta:
1633 3123 1778 3180 missi
1803 3130 1946 3188 sunt,

371 3229 426 3276 et
472 3222 554 3275 lex
603 3221 728 3275 daia
769 3228 894 3276 est:
926 3229 980 3275 et
1005 3217 1131 3289 quid
1160 3232 1294 3286 Opus
1324 3225 1406 3270 est
1433 3223 1620 3282 cuncta
1663 3214 1950 3284 persequi?

371 3321 589 3381 prepter
625 3327 784 3382 quem
822 3311 1122 3380 unigenitus
1151 3307 1242 3363 Dei
1271 3307 1434 3362 Filius
1459 3305 1631 3362 factus
1657 3315 1740 3362 est
1767 3306 1946 3360 homo.

373 3402 629 3458 Dominus
671 3417 820 3458 meus
867 3401 1168 3456 immolatus
1210 3408 1312 3466 est,
1353 3414 1416 3454 ac
1457 3400 1764 3468 sanguinem
1795 3413 1946 3451 suum

373 3509 471 3564 pro
499 3494 712 3547 homine
741 3491 892 3559 fudit,
917 3503 970 3547 et
993 3491 1139 3546 illum
1166 3505 1264 3561 ego
1283 3493 1654 3546 contemnam?
1683 3489 1794 3556 Qua
1824 3504 1950 3543 vero

369 3588 562 3658 dignus
595 3586 744 3641 venia
789 3584 980 3639 fuero?
1022 3583 1210 3639 Nonne
1254 3583 1476 3638 audistis
1519 3583 1796 3637 Dominum
1826 3597 1948 3636 cum

372 3677 697 3734 Samaritana
733 3676 1092 3746 colloquutum
1135 3689 1254 3730 esse
1278 3673 1501 3745 (Joann.
1537 3673 1590 3728 4.
1621 3674 1672 3727 6.
1700 3671 1857 3742 sqq.),
1885 3686 1949 3726 ac

371 3779 654 3823 sexcentos
681 3766 1002 3836 impendisse
1030 3779 1326 3830 sermones,
1359 3779 1458 3818 nec
1485 3764 1734 3833 quoniam
1762 3763 1948 3818 Sama-

372 3862 541 3916 ritana
566 3868 700 3924 erat,
729 3858 848 3913 ideo
875 3866 1228 3927 contemptam
1249 3871 1366 3911 eam
1399 3856 1578 3922 fuisse,
1591 3855 1684 3909 sed
1699 3853 1946 3925 quoniam

373 3955 604 4010 animam
634 3952 882 4017 habebat,
913 3951 968 4006 in
1011 3951 1182 4022 pretio
1219 3951 1452 4006 habitam
1483 3951 1639 4005 esse?
1684 3949 1796 4003 Non
1826 3949 1946 4018 quia

373 4036 627 4092 meretrix
640 4043 778 4103 erat,
797 4035 1051 4105 despecta
1063 4045 1170 4103 est;
1192 4036 1286 4090 sed
1310 4036 1436 4107 quia
1454 4033 1722 4089 servamla
1739 4039 1876 4096 erat,
1895 4042 1950 4088 et

375 4127 530 4183 Iidem
543 4128 990 4195 exhibuit,multa
1005 4129 1057 4182 in
1073 4129 1220 4184 illam
1235 4143 1367 4184 cura
1379 4128 1578 4184 collata
1591 4135 1673 4181 est
1687 4123 1951 4196 (a).eqti—

371 4221 493 4273 dem
519 4220 704 4274 dicere
728 4235 834 4274 non
864 4221 1116 4286 cessabo,
1140 4221 1267 4278 licet
1285 4222 1470 4276 nullus
1497 4221 1590 4288 sit,
1614 4219 1704 4289 qui
1724 4217 1945 4276 audiat:

371 4310 618 4364 medicus
650 4326 795 4375 sum,
817 4310 1050 4366 adbiheo
1082 4312 1483 4367 medicamenta
1521 4331 1536 4366 :
1572 4313 1766 4368 doctor
1803 4324 1946 4378 sum.

371 4402 687 4455 mandatum
711 4402 938 4457 mihiest
961 4409 1020 4456 ut
1039 4403 1394 4470 admoneam;
1421 4402 1502 4458 sic
1523 4403 1668 4458 enim
1687 4402 1764 4456 ait
1783 4420 1797 4456 :
1817 4399 1950 4470 Spe-

371 4491 666 4545 culatorem
695 4493 816 4546 dedi
846 4502 892 4548 te
911 4493 1092 4548 domui
1122 4493 1523 4564 Israel(EzecIt.
1560 4496 1614 4550 5.
1647 4494 1756 4565 17).
1775 4493 1954 4552 Nemi‘

373 4601 494 4638 nem
515 4585 733 4654 corrigo
761 4603 773 4638 :
805 4586 935 4654 quid
961 4594 1073 4639 tum
1093 4593 1284 4655 postea
1302 4585 1443 4640 ?Sed
1459 4601 1559 4656 ego
1577 4584 1826 4640 mercede
1841 4601 1949 4639 non

370 4692 555 4732 careo.
582 4677 646 4730 Et
663 4677 765 4732 hoc
783 4678 849 4731 ad
874 4693 1148 4733 summum
1167 4678 1312 4733 dixi:
1339 4694 1460 4734 nam
1480 4679 1534 4732 in
1551 4684 1702 4732 tanta
1719 4677 1974 4732 multitu-

375 4769 504 4823 dine
525 4769 638 4823 lieri
668 4784 775 4824 non
801 4777 1004 4840 potest,
1026 4770 1158 4840 quin
1183 4771 1382 4841 aliquis
1408 4770 1752 4839 corrigatur:
1777 4769 1873 4824 sed
1900 4769 1952 4821 hi

373 4868 670 4931 praetextus
686 4870 836 4926 sunt,
866 4861 948 4916 hac
975 4861 1364 4933 negligentium
1387 4868 1516 4917 sunt
1532 4861 1840 4916 auditorum
1859 4873 1956 4912 ex-

374 4952 710 5008 cusationes.
725 4952 902 5008 Audio
920 4953 1186 5023 quotidie,
1205 4953 1403 5023 inquit,
1422 4960 1476 5007 et
1495 4967 1602 5007 non
1623 4950 1760 5005 facio
1778 4967 1790 5005 :
1807 4950 1954 5013 audi,

372 5044 501 5101 licet
519 5059 624 5098 non
641 5044 831 5111 facias;
857 5061 980 5100 nam
999 5060 1062 5101 ex
1081 5061 1147 5101 eo
1163 5047 1308 5116 quod
1324 5047 1448 5115 quis
1465 5044 1674 5108 audiat,
1691 5044 1957 5113 contingit

372 5137 536 5188 etiam
555 5144 613 5189 ut
631 5136 796 5190 faciat
817 5153 829 5190 :
851 5137 1063 5192 tametsi
1084 5151 1192 5191 non
1213 5135 1588 5206 facis,'pudore
1608 5134 1951 5205 perfunderis

374 5225 446 5279 oh
471 5234 752 5296 peccatum
781 5243 794 5280 :
819 5228 1034 5282 tametsi
1059 5243 1168 5281 non
1190 5226 1347 5292 facis,
1374 5233 1555 5282 mutas
1581 5226 1904 5281 sententiam
1936 5243 1950 5281 :

353 5367 368 5391 η
385 5315 600 5371 tametsi
625 5330 734 5373 non
761 5314 920 5378 facis,
943 5317 1176 5386 teipsum
1199 5318 1552 5381 condemnas,
1579 5316 1723 5386 quod
1748 5332 1855 5372 non
1879 5316 1958 5371 fa-

354 5399 517 5460 'cias.
537 5406 660 5461 llaec
681 5418 861 5462 autem
881 5409 995 5477 ipsa
1019 5410 1098 5463 tui
1127 5409 1300 5479 ipsius
1326 5407 1602 5463 accusatio
1615 5407 1756 5463 unde
1774 5409 1958 5464 nasci-

378 5495 508 5549 tur?
527 5495 852 5550 Scrmonum
877 5495 1088 5552 fructus
1105 5505 1190 5552 est
1207 5509 1474 5552 meorum.
1488 5496 1716 5562 Quando
1732 5495 1952 5561 dixeris,

442 5630 518 5691 ta)
542 5631 634 5681 llic
656 5632 791 5681 locus
812 5632 996 5682 citatur
1014 5646 1040 5682 a
1065 5631 1243 5683 Photio
1269 5631 1317 5682 in
1345 5631 1574 5682 Biblioth.

1568 238 1652 307 ni:
1697 240 1969 305 LAZAltO
2002 247 2245 304 CONCIO
2277 247 2358 303 vx.

3500 258 3519 309 1
3532 254 3634 312 Οἴου

2059 359 2145 414 hei
2174 359 2301 415 mihi
2329 379 2341 414 :
2365 361 2561 426 audivi,
2592 371 2644 418 ct
2683 377 2789 417 non
2831 361 2965 417 facio
2999 381 3010 417 :
3038 361 3186 428 illud,
3222 365 3302 419 hci
3335 366 3484 432 mihi,
3517 385 3604 426 mu

2058 455 2268 508 tationis
2308 454 2362 508 in
2401 452 2590 520 melius
2623 463 2705 510 est
2747 455 3076 525 pracludium.
3119 456 3377 522 Peccasti,
3406 458 3587 530 luxisti
3615 457 3640 509 .9

2059 545 2335 601 Peccatum
2358 547 2560 602 solvisti
2585 564 2597 600 :
2621 545 2720 600 Dic
2734 548 2865 602 enim
2896 558 2948 604 tu
2974 549 3165 618 primus
3188 549 3470 620 iniquitates
3499 561 3628 619 tuus,

2055 645 2112 688 ut
2143 635 2443 708 jttsli/iceris
2485 635 2638 706 (lsai.
2671 637 2759 692 65.
2791 635 2906 706 26).
2940 638 3090 707 Quod
3129 639 3172 692 si
3200 641 3542 707 contristeris
3583 653 3636 697 ct

2057 734 2279 787 mmstus
2305 725 2422 793 ﬁas,
2454 726 2754 798 estaliquid
2781 728 2967 782 salutis
2991 729 3046 783 ia
3071 731 3341 797 mmstitia,
3369 747 3474 785 non
3509 749 3632 801 pro-

2058 826 2172 884 pter
2197 817 2464 886 mmstitian
2493 828 2766 885 naturam,
2797 818 2888 873 scd
2911 832 3125 890 prepler
3157 822 3362 878 Domini
3393 817 3656 888 benigni-

2058 915 2238 960 tatem.
2270 908 2340 962 Et
2366 909 2449 963 cui
2481 907 2676 963 fuerint
2703 921 2933 980 peccata,
2959 926 3064 966 non
3095 912 3379 968 mediocris
3406 925 3483 969 est
3514 930 3640 968 cou-

2055 997 2246 1051 solatio
2285 998 2425 1068 quod
2469 999 2700 1068 seipsum
2744 1002 3038 1055 contristet.
3089 1001 3205 1055 Vidi
3246 1005 3409 1066 enim,
3445 1006 3634 1074 inquit,

2055 1088 2188 1156 quod
2213 1090 2531 1143 contristatus
2569 1099 2640 1142 cst
2681 1100 2728 1143 et
2767 1102 2966 1145 maestus
2999 1093 3113 1161 fuit,
3150 1103 3195 1147 ct
3233 1097 3406 1149 δαηαυὶ
3443 1098 3638 1152 dolores

2056 1181 2162 1248 ejus
2193 1178 2342 1251 (Isai.
2367 1181 2455 1235 57.
2486 1181 2594 1251 18).
2645 1181 2688 1235 0
2726 1181 3040 1236 incﬂ'ubilt-m
3067 1183 3443 1254 benignitatem
3475 1198 3634 1256 atque

2057 1271 2366 1334 bonitatem,
2390 1288 2507 1342 qua:
2530 1271 2760 1341 exprimi
2784 1288 2886 1326 nou
2917 1283 3091 1343 potest
3115 1276 3128 1328 l
3159 1276 3512 1331 Contristatus
3533 1289 3634 1343 est,

2055 1373 2110 1418 et
2137 1363 2318 1417 sanavi
2343 1378 2484 1416 eum.
2525 1362 2659 1430 Quid
2691 1378 2817 1418 vero
2844 1378 3112 1433 magnum,
3131 1366 3270 1434 quod
3290 1368 3632 1422 contristatus

2057 1456 2160 1511 sit?
2200 1456 2443 1526 Magnum
2487 1455 2540 1510 id
2585 1457 2798 1525 quidem
2829 1473 2932 1510 non
2963 1465 3074 1522 est,
3107 1458 3199 1511 sed
3245 1457 3370 1514 inde
3417 1463 3635 1517 sanandi

2055 1548 2269 1604 dolores
2294 1549 2407 1618 ejus
2428 1549 2760 1602 occasionem
2785 1549 3002 1618 arripui.
3032 1549 3269 1617 Vidistis,
3293 1563 3347 1606 ut
3375 1569 3479 1608 uno
3503 1564 3640 1609 tem-

2058 1638 2202 1706 poris
2227 1647 2497 1694 momento
2519 1650 2708 1693 cuneta
2737 1638 3048 1708 collegerit?

2127 1727 2248 1781 Non
2275 1728 2335 1782 ob
2369 1737 2514 1783 terra;
2541 1737 2750 1795 motum,
2781 1729 2868 1782 scd
2893 1731 2953 1783 ob
2976 1746 3180 1784 causam
3209 1732 3317 1803 ejus
3343 1733 3633 1792 timendum.

2056 1817 2292 1872 —I|lam
2333 1820 2510 1889 itaque
2535 1834 2811 1890 vesperam
2846 1828 2998 1874 terrae
3029 1829 3205 1874 motus
3237 1833 3490 1892 perpetuo
3515 1840 3634 1878 cum

2057 1909 2248 1965 animis
2290 1912 2480 1966 vestris
2523 1911 2739 1966 volvite.
2782 1910 2914 1966 Nam
2952 1911 3042 1966 alii
3089 1913 3301 1982 quidem
3339 1929 3526 1970 omnes
3567 1910 3636 1963 0b

2059 2013 2212 2056 terrae
2243 2011 2443 2056 motum
2472 2001 2660 2057 timore
2689 2003 2920 2072 correpti
2946 2012 3118 2067 erant,
3147 2019 3246 2074 ego
3269 2020 3394 2060 vero
3421 2017 3624 2077 propter

2057 2109 2269 2148 causam
2300 2103 2455 2148 terra:
2482 2102 2680 2148 motus.
2727 2093 2938 2150 Satisne
2977 2095 3194 2165 capitis,
3225 2096 3349 2166 quid
3373 2096 3638 2152 dixerim?

2061 2184 2136 2237 llli
2181 2183 2391 2252 quidem
2437 2185 2897 2254 pertimescebant,
2939 2200 3005 2240 ne
3043 2174 3560 2242 concideret'eivitas
3585 2198 3634 2242 et

2057 2276 2336 2331 interirent
2382 2293 2395 2326 :
2449 2291 2548 2345 ego
2589 2292 2736 2339 vero,
2784 2275 2923 2346 quod
2971 2275 3122 2331 nobis
3167 2277 3421 2333 Dominus
3473 2279 3635 2334 iratus

2057 2374 2217 2430 esset,
2238 2365 2555 2419 metuebam.
2583 2365 2697 2419 Non
2729 2366 2868 2420 enim
2894 2382 3051 2437 grave
3071 2379 3152 2422 est
3174 2379 3397 2424 mortem
3419 2369 3634 2434 abiisse.

2056 2457 2150 2512 sed
2176 2472 2337 2526 grave
2366 2465 2449 2512 est
2477 2458 2756 2512 Dominum
2791 2459 3045 2513 irritasse.
3091 2458 3272 2529 itaque
3302 2476 3404 2515 non
3426 2462 3536 2532 jam
3566 2463 3635 2524 ob

2059 2558 2216 2603 terrae
2241 2559 2443 2604 motum
2469 2547 2742 2618 pavebam,
2771 2549 2864 2604 sed
2895 2550 2962 2604 ob
2990 2564 3204 2604 causam
3229 2559 3386 2606 terrae
3417 2563 3628 2608 motus.

2055 2655 2214 2697 causa
2256 2640 2396 2696 enim
2437 2648 2594 2695 terrae
2640 2649 2816 2696 motus
2864 2640 2954 2695 Del
2996 2649 3078 2695 est
3124 2642 3237 2707 ira;
3285 2659 3442 2712 porro
3479 2659 3637 2700 causa

2055 2731 2253 2787 divinae
2280 2731 2374 2785 ira:
2403 2742 2580 2785 nostra
2607 2741 2730 2786 sunt
2759 2740 2995 2802 peccata.
3023 2731 3138 2786 Noli
3164 2749 3410 2803 umquam
3437 2737 3636 2806 suppli-

2055 2825 2194 2878 cium
2226 2823 2414 2878 timere
2437 2864 2452 2890 ,
2485 2823 2579 2878 sed
2606 2823 2844 2893 supplicii
2871 2835 3140 2893 parentem
3169 2834 3466 2894 peccatum.
3493 2827 3634 2882 Cena

2055 2914 2250 2968 cutitur
2281 2914 2510 2968 civitas?
2535 2913 2669 2979 Quid
2699 2923 2807 2968 tum
2838 2915 3056 2984 postea?
3085 2915 3232 2971 Meus
3258 2933 3384 2972 vero
3417 2930 3500 2974 tua
3526 2935 3633 2976 non

2055 3013 2477 3074 conquassetur:
2506 3003 2930 3073 quandoquidem
2960 3013 3013 3060 et
3043 3005 3093 3058 in
3123 3005 3323 3061 morbis
3359 3022 3422 3064 ac
3452 3009 3635 3064 vuluco

2054 3094 2202 3149 ribus
2231 3109 2337 3148 non
2363 3108 2455 3148 eos
2477 3094 2734 3164 lugemus,
2764 3093 2854 3163 qui
2886 3103 3158 3161 curantur,
3189 3096 3282 3151 sed
3309 3099 3395 3166 qui
3423 3099 3633 3155 insanas

2054 3185 2147 3241 bili
2173 3184 2361 3239 morbo
2381 3183 2640 3240 laborant.
2689 3183 2840 3249 Quod
2869 3192 2948 3238 est
2977 3185 3190 3239 morbus
3217 3196 3271 3240 et
3296 3189 3507 3256 vulnus,
3535 3189 3636 3244 hoc

2054 3286 2137 3332 cst
2175 3275 2334 3332 etiam
2374 3284 2678 3350 peccatum;
2714 3274 2854 3346 quod
2890 3285 2974 3332 est
3008 3277 3172 3333 sectio
3198 3286 3253 3333 et
3279 3280 3633 3336 medicamen.

2057 3376 2189 3434 tum,
2220 3366 2323 3420 hoc
2349 3375 2430 3420 est
2459 3365 2617 3420 etiam
2649 3380 2826 3435 paena.

2126 3459 2178 3514 5.
2223 3457 2346 3512 Non
2370 3459 2455 3528 qui
2483 3458 2781 3528 puniuntur,
2815 3458 2904 3512 sed
2941 3459 3030 3527 qui
3071 3470 3277 3530 peccant
3317 3463 3540 3532 lugendi.
3563 3497 3630 3506 —

2056 3549 2395 3606 lntellexistis
2423 3549 2560 3619 quod
2588 3548 2744 3603 dico?
2782 3549 3053 3605 Attendite
3081 3568 3094 3603 :
3125 3553 3244 3606 volo
3269 3554 3411 3607 enim
3438 3555 3631 3608 oratio.

2041 3657 2176 3712 ~nem
2216 3639 2560 3709 philosophiae
2599 3638 2804 3708 plenam
2832 3655 2925 3694 vos
2952 3641 3165 3696 docere.
3210 3642 3378 3709 Quam
3423 3645 3633 3702 tandem

2053 3731 2123 3786 ob
2152 3745 2362 3785 causam
2392 3744 2484 3784 eos
2513 3728 2602 3810 qui
2643 3729 2966 3797 puniuntur,
3007 3745 3110 3784 non
3153 3746 3246 3786 eos
3291 3734 3377 3802 qui
3416 3744 3634 3802 peccant

2053 3821 2333 3892 legemus?
2373 3819 2486 3875 Non
2525 3819 2666 3875 enim
2704 3834 2789 3874 res
2834 3819 2904 3874 ita
2944 3822 3118 3891 gravis
3143 3833 3224 3877 est
3255 3838 3427 3893 pretia,
3463 3837 3519 3879 ut
3547 3843 3632 3880 res

2054 3914 2228 3985 gravis
2252 3921 2334 3968 est
2359 3923 2634 3983 peccaturo
2664 3931 2677 3966 :
2706 3929 2825 3968 nam
2869 3928 3040 3982 patriae
3055 3927 3209 3968 causa
3235 3925 3508 3983 peccatum
3529 3929 3631 3970 est.

2053 4005 2109 4060 Si
2137 4018 2294 4074 quem
2323 4003 2478 4074 igitur
2500 4003 2696 4057 videris
2721 4002 3000 4057 habentem
3027 4004 3194 4066 ulcus,
3229 4019 3436 4058 vermes
3458 4014 3512 4059 et
3536 4022 3623 4060 sa-

2054 4097 2193 4150 niem
2237 4109 2269 4149 a
2315 4109 2539 4163 corpore
2588 4092 2904 4156 deﬂuentcs,
2951 4108 3048 4146 nec
3088 4092 3279 4146 vulnus
3323 4103 3496 4148 tamen
3541 4106 3630 4148 aut

2054 4189 2205 4242 ulcus
2245 4195 2517 4242 curantem
2548 4201 2561 4238 :
2593 4185 2818 4239 alterum
2843 4198 2970 4238 vero
3008 4186 3205 4253 pariter
3233 4183 3477 4237 ail'ectum
3499 4226 3513 4250 ,
3540 4187 3628 4255 qui

2054 4282 2378 4336 medicorum
2427 4287 2605 4334 utatur
2643 4292 2801 4348 opera
2833 4319 2845 4343 ,
2889 4277 2977 4347 qui
3019 4285 3238 4344 uratur,
3279 4288 3528 4345 secetur,
3576 4292 3631 4334 et

2052 4371 2244 4425 acerba
2267 4369 2648 4424 medicamenta
2671 4367 2940 4437 deglntiat,
2963 4357 3628 4436 utrum,istorum,.qutcso,

2054 4458 2292 4530 lugebis?
2333 4473 2524 4513 eumne
2562 4457 2648 4527 qui
2681 4471 2822 4526 aeger
2857 4465 2959 4522 est,
3004 4471 3100 4510 nec
3141 4467 3376 4523 curatur,
3409 4471 3478 4510 an
3504 4473 3625 4512 eum

2053 4550 2144 4620 qui
2181 4565 2322 4620 ager
2357 4557 2457 4613 est,
2486 4557 2539 4603 et
2569 4547 2822 4603 curatur?
2864 4547 3010 4601 llaud
3053 4546 3307 4612 dubium,
3337 4539 3463 4617 quin
3506 4563 3627 4602 eum

2056 4641 2250 4712 potius,
2307 4641 2396 4710 qui
2445 4654 2565 4694 cum
2622 4654 2764 4710 aeger
2814 4639 2916 4706 sit,
2961 4655 3064 4692 non
3099 4648 3333 4693 curatur.
3377 4640 3451 4693 lta
3500 4656 3631 4708 quod

2053 4748 2156 4803 que
2179 4740 2484 4802 peccatores
2508 4731 2611 4784 sint
2638 4729 2761 4795 duo,
2785 4745 3006 4800 quorum
3033 4745 3167 4782 unus
3196 4729 3406 4798 quidem
3437 4731 3592 4797 punia
3611 4759 3623 4767 -

2055 4837 2158 4891 tur,
2190 4825 2326 4880 alter
2349 4838 2474 4878 vero
2500 4837 2602 4879 non
2629 4823 2909 4892 puniatur:
2935 4837 3001 4876 ne
3026 4821 3189 4886 dicas,
3215 4823 3396 4876 beatus
3416 4819 3502 4874 hic
3523 4831 3624 4886 est,

2052 4917 2174 4986 quia
2195 4915 2389 4970 divitiis
2413 4913 2600 4978 afﬂuit,
2625 4911 2891 4983 orphauos
2910 4911 3122 4981 spoliat,
3143 4911 3324 4964 viduas
3341 4911 3592 4980 opprimit
3615 4931 3627 4966 :

2055 5006 2262 5062 tametsi
2291 5021 2392 5059 non
2423 5013 2662 5075 a‘grotat,
2693 5003 2786 5059 sed
2815 5017 2933 5058 Cum
2962 5003 3148 5072 rapiat,
3172 5011 3253 5056 est
3279 5001 3330 5055 in
3352 5002 3624 5056 existimas

2055 5097 2218 5160 tione,
2250 5096 2547 5150 cumulatur
2577 5095 2812 5158 honore,
2850 5093 3171 5157 dominatur,
3203 5093 3362 5145 nullis
3389 5093 3628 5148 adversis

2053 5203 2234 5242 rerum
2273 5187 2618 5240 humanarum
2659 5185 2866 5240 casibus
2905 5184 3143 5250 laeditur,
3180 5198 3283 5236 non
3327 5182 3490 5247 febri,
3521 5196 3626 5238 uotl

2053 5278 2424 5343 afllictatione,
2455 5293 2560 5331 non
2589 5276 2695 5332 alio
2717 5275 2903 5346 quovis
2933 5275 3118 5330 morbo
3151 5292 3164 5328 :
3192 5275 3476 5328 liberorum
3508 5274 3624 5330 cinv

2052 5369 2192 5438 gitur
2229 5367 2413 5433 choro,
2450 5376 2777 5421 senectutem
2805 5365 2958 5420 beate
2987 5363 3227 5434 transigit
3256 5381 3268 5416 :
3300 5371 3354 5416 at
3394 5362 3534 5418 hunc
3575 5375 3628 5418 tu

2052 5463 2282 5515 maxime
2311 5460 2450 5528 luge,
2474 5457 2613 5528 quod
2640 5467 2860 5527 aegrotet
2879 5499 2894 5524 ,
2923 5471 3021 5513 nec
3049 5454 3221 5512 tamen
3247 5466 3480 5512 curetur.
3513 5456 3629 5524 Qua

1981 5573 1986 5576 ·
2055 5551 2266 5606 tandem
2292 5558 2466 5621 pacto,
2493 5564 2592 5619 ego
2619 5548 2812 5605 dicam.
2843 5549 2897 5605 Si
2925 5563 3082 5620 quem
3109 5548 3302 5603 videris
3327 5556 3628 5616 correptum

2060 5645 2363 5718 hydropisi,
2405 5645 2593 5716 cuique
2642 5643 2796 5702 lienis
2842 5661 2904 5702 ex
2949 5643 3222 5700 doloribus
3259 5658 3450 5713 corpus
3489 5642 3619 5695 intu-
