4030 6136
449 253 545 306 103
558 253 578 306 'l

445 365 660 433 iuuerit,
692 380 788 420 nec
833 374 1005 418 tamen
1045 368 1221 415 currat
1265 359 1327 410 ad
1371 354 1666 419 medicum,
1698 349 1790 407 sed
1823 347 2024 419 frigidae

447 469 573 531 potu
602 474 660 514 se
686 456 947 519 oblectet,
980 467 1040 506 ac
1065 447 1361 523 Sybaritica
1396 460 1576 501 mensa
1605 447 1826 505 fruatur,
1850 439 2026 510 quoti-

443 554 531 609 die
553 551 865 613 inebrietur,
894 543 1144 600 satellitio
1171 541 1416 609 stipetur,
1448 544 1502 591 et
1528 535 1771 589 morbum
1800 539 2022 600 augeat:

442 644 576 699 cedo
621 642 904 697 beatumne
944 633 1256 706 prmdicabis
1300 627 1560 698 ejusmodi
1609 624 1908 690 hominem,
1959 636 2026 674 an

443 748 570 788 vero
602 731 854 785 miserum
880 721 1175 796 judicahis?
1204 719 1355 788 Quod
1382 719 1426 772 si
1455 717 1678 770 alterum
1706 712 1898 767 videris
1925 710 2023 781 hy-

443 825 643 895 dropisi
673 828 1004 890 correptum,
1039 816 1128 886 qui
1155 811 1479 868 medicorum
1507 805 1747 861 manibus
1776 811 2024 868 curetur,

441 917 534 988 qui
561 915 683 970 fami
706 912 937 982 seipsum
960 905 1137 969 dedat,
1163 905 1249 973 qui
1281 901 1441 956 multa
1471 905 1739 968 prematur
1767 901 2023 988 egestate,

442 982 532 1079 qui
555 1001 956 1061 medicamentis
988 995 1201 1054 assidue
1239 989 1538 1063 peraeerbis
1564 994 1759 1048 utatur,
1789 999 1906 1079 qua:
1931 982 2026 1036 do-

445 1075 612 1154 forem
638 1095 849 1167 quidem
872 1090 1117 1154 afferunt,
1143 1086 1234 1142 sed
1261 1083 1540 1140 sanitatem
1565 1079 1749 1134 dolore
1773 1075 1984 1146 pariunt
2008 1091 2022 1126 :

443 1205 622 1248 nonne
649 1188 790 1243 hunc
819 1199 928 1256 pra:
959 1182 1049 1236 illo
1080 1180 1290 1234 beatum
1330 1173 1506 1229 dices?
1547 1169 1800 1226 Confessa
1834 1181 1919 1220 res
1945 1172 2028 1219 est

442 1299 504 1339 ac
531 1279 808 1337 manifesta
841 1293 854 1329 :
884 1288 1003 1328 nam
1031 1285 1166 1327 unus
1193 1267 1405 1338 quidem
1431 1277 1570 1331 aeger
1591 1270 1670 1315 est
1688 1300 1702 1324 ,
1745 1271 1842 1312 nec
1868 1270 2024 1310 cura-

447 1386 532 1432 tur
566 1391 580 1427 :
610 1370 746 1424 alter
771 1374 948 1433 autem
973 1377 1114 1433 aeger
1138 1368 1241 1424 est,
1269 1355 1362 1416 sed
1391 1352 1716 1408 medicorum
1744 1361 1904 1416 opera
1933 1344 2029 1398 uti-

445 1475 550 1520 tur.
579 1463 649 1517 At
673 1461 816 1516 enim
840 1455 1056 1510 molesta
1081 1459 1159 1506 est
1182 1446 1385 1503 curatio
1409 1461 1421 1498 :
1442 1457 1621 1497 verum
1647 1439 1787 1494 utilis
1808 1447 1888 1492 est
1913 1438 2028 1506 ejus

445 1555 587 1610 linis.
619 1553 692 1606 lta
713 1561 921 1618 quoque
944 1553 1140 1599 nostra:
1161 1539 1320 1608 hujus
1339 1535 1460 1590 vitae
1481 1549 1540 1588 se
1564 1547 1651 1586 res
1675 1530 1900 1591 habent;
1932 1527 2026 1581 sed

447 1664 476 1702 ιι
507 1641 818 1714 corporibus
847 1647 1150 1692 sermonem
1184 1627 1410 1684 transfer
1435 1624 1499 1680 ad
1522 1623 1747 1686 animas,
1770 1637 1796 1672 a
1825 1619 2026 1673 morbis

443 1739 512 1794 ad
547 1713 782 1807 peccata,
808 1730 876 1785 ab
896 1727 1184 1784 acerbitate
1214 1721 1720 1776 medicamentorum
1747 1713 1810 1767 ad
1845 1726 2028 1807 poenas

444 1843 491 1884 et
509 1803 761 1900 judicium
775 1822 1030 1877 divinum.
1054 1813 1206 1885 Quod
1223 1814 1361 1868 enim
1379 1818 1461 1866 est
1482 1803 2029 1900 medicamentum-ad-

442 1897 670 1974 hibitum
691 1929 719 1969 a
743 1913 1034 1978 medico,et
1051 1907 1214 1962 sectio
1229 1915 1283 1960 ct
1303 1903 1459 1974 ignis,
1475 1903 1575 1956 hoc
1594 1909 1675 1955 est
1695 1915 1722 1953 a
1755 1898 1864 1952 Deo
1884 1897 2027 1950 illata

445 2033 622 2087 poma.
650 2013 781 2070 Nam
803 2017 1237 2078 utsmpenumcro
1261 2000 1504 2055 admotus
1526 1997 1660 2067 ignis
1680 1995 1802 2058 urit,
1820 2003 1872 2047 et
1892 1991 2032 2046 sistit

448 2083 597 2162 ulcus
611 2103 750 2176 quod
767 2098 1030 2173 pascendo
1043 2095 1225 2167 serpit,
1239 2103 1292 2148 et
1306 2091 1681 2146 ferramentum
1699 2083 2028 2156 putredinem

449 2199 712 2263 exhaurit,
745 2196 984 2251 dolerem
1014 2190 1226 2261 quidem
1255 2189 1488 2248 inurens,
1519 2180 1611 2238 sed
1645 2179 1919 2234 utilitatem
1949 2185 2028 2230 ta-

449 2310 570 2349 men
597 2291 809 2361 pariens
844 2305 856 2341 :
883 2287 952 2340 ita
979 2292 1032 2338 et
1056 2283 1221 2336 fames
1242 2321 1257 2347 ,
1295 2289 1347 2333 et
1384 2287 1578 2347 pestes,
1607 2283 1660 2328 et
1683 2284 2030 2342 qum-cumque

447 2384 588 2440 mala
613 2395 732 2436 esse
763 2377 1023 2442 videntur,
1073 2371 1198 2428 ferri
1259 2370 1374 2424 loco
1409 2377 1460 2422 et
1498 2365 1632 2436 ignis
1677 2363 2030 2418 admoventur

449 2477 660 2534 animm,
686 2479 742 2525 ut
761 2468 1160 2539 mgrolationum
1183 2460 1299 2531 ejus
1323 2459 1471 2513 ulcus
1494 2456 1784 2524 depascens
1799 2451 1864 2506 ad
1886 2450 2031 2505 simi-

449 2567 724 2623 litudinem
745 2573 1027 2630 corporum
1049 2554 1352 2617 cohibeant,
1376 2562 1598 2617 eamque
1619 2544 1889 2599 meliorem
1917 2540 2030 2594 effi-

449 2659 612 2712 ciant.
645 2655 847 2708 Rursus
872 2650 977 2704 duo
999 2655 1155 2702 sunto
1182 2651 1532 2703 scortatores;
1560 2636 1792 2692 sermoni
1815 2634 2031 2689 subesse

451 2747 773 2817 intelligatur
792 2744 964 2811 imago
990 2757 1002 2792 :
1027 2738 1149 2800 duo,
1178 2736 1412 2804 inquam,
1436 2737 1775 2790 scortatores,
1804 2740 2029 2795 quorum

451 2855 588 2894 unus
627 2837 773 2891 dives
801 2833 904 2898 sit,
948 2843 1142 2900 pauper
1167 2825 1302 2880 alter
1333 2842 1344 2875 :
1379 2831 1496 2876 nter
1533 2833 1716 2874 eorum
1756 2817 2030 2871 meliorem

451 2929 615 2986 habet
641 2940 789 2998 spem
821 2921 1039 2979 salutis?
1083 2915 1230 2973 llaud
1258 2914 1474 2970 dubium
1503 2911 1627 2982 quin
1659 2923 1874 2979 panper.
1915 2906 2030 2998 Noli

451 3034 578 3090 ergo
630 2997 809 3073 dicere
841 3013 1033 3071 :Dives
1082 3017 1383 3072 scortator,
1433 3013 1486 3058 ct
1529 3003 1718 3070 opibus
1764 2997 2028 3062 abundat;

452 3112 649 3168 idcirco
696 3109 907 3164 beatum
949 3105 1118 3173 ipsum
1169 3099 1398 3170 pudico
1438 3113 1451 3151 :
1508 3093 1634 3164 quin
1683 3092 1856 3162 potius
1903 3091 2030 3144 beao

455 3207 565 3252 tum
591 3195 736 3250 illum
757 3210 785 3246 a
807 3201 860 3246 te
881 3187 1152 3261 prtedicari
1169 3183 1467 3256 oportebat,
1485 3182 1528 3236 si
1548 3195 1668 3235 cum
1687 3185 2027 3240 scortaretur,

452 3301 656 3358 pauper
679 3291 822 3341 esset
853 3300 865 3336 :
892 3282 938 3337 si
974 3295 1095 3336 cum
1127 3285 1469 3339 scortaretur,
1498 3273 1636 3327 fame
1657 3277 2028 3342 premeretur:

455 3379 674 3433 haberet
699 3375 839 3432 enim
865 3371 1109 3427 adactum
1147 3366 1461 3423 necessitate
1497 3363 1769 3418 doctorem
1800 3359 2034 3430 philoso-

456 3470 614 3542 phiae,
642 3472 1026 3538 paupertatem.
1050 3462 1187 3516 Cum
1226 3461 1385 3528 igitur
1414 3455 1711 3526 improbum
1732 3451 1928 3508 videris
1949 3466 2031 3506 se-

455 3562 626 3620 cunda
668 3568 901 3615 utentem
932 3555 1162 3620 fortuna,
1186 3553 1481 3622 lacrymare
1506 3566 1519 3602 :
1548 3548 1653 3603 duo
1674 3547 1868 3617 quippe
1894 3544 2032 3600 mala

456 3665 602 3720 sunt,
626 3652 811 3707 morbo
837 3649 1033 3717 urgeri,
1058 3656 1112 3700 et
1140 3643 1482 3698 insanabilem
1511 3655 1647 3695 esse.
1675 3640 1808 3694 Cum
1836 3636 2033 3692 videris

456 3745 755 3816 improbum
784 3739 1172 3796 calamitatibus
1201 3735 1389 3807 premi,
1417 3733 1717 3799 consolare,
1742 3747 1847 3786 non
1874 3730 2034 3786 modo

457 3838 578 3908 quia
606 3833 794 3888 melior
820 3823 1079 3894 redditur,
1110 3826 1202 3882 sed
1227 3825 1346 3896 quia
1375 3824 1535 3878 multa
1565 3822 1679 3892 ejus
1706 3831 1922 3891 peccata
1948 3820 2035 3875 hic

456 3926 756 3996 expiantur.
801 3919 1030 3976 Attende
1067 3919 1346 3988 diligenter
1370 3915 1434 3969 ad
1461 3929 1522 3969 ea
1549 3929 1666 3982 qum
1688 3913 1842 3978 dico;
1882 3911 2031 3965 multi

459 4020 702 4074 homines
725 4025 779 4071 et
803 4014 888 4068 hic
913 4013 1208 4082 expiantur,
1243 4017 1296 4062 ct
1331 4007 1436 4061 illic
1465 4005 1765 4076 plectuntur
1793 4021 1808 4058 :
1838 4003 1924 4057 alii
1951 4003 2034 4058 hic

459 4121 684 4175 tantum,
731 4108 818 4163 alii
873 4105 979 4160 illic
1027 4113 1250 4158 tantum.
1308 4098 1470 4169 htfige
1514 4097 1692 4152 animo
1737 4093 2032 4150 doctrinam

461 4217 634 4257 meam
665 4218 680 4256 :
706 4199 792 4254 hic
819 4197 1014 4268 quippe
1038 4207 1218 4250 sermo
1237 4200 1424 4247 exacte
1450 4189 1720 4244 discussus
1746 4187 1937 4241 multas
1966 4201 2032 4241 ex

459 4294 638 4347 animo
662 4299 753 4344 tuo
776 4286 1209 4359 perturbationes
1234 4281 1430 4354 ejiciet.

531 4385 735 4439 Beatius
761 4395 830 4437 est
873 4383 924 4435 in
952 4381 1047 4434 hac
1083 4380 1184 4434 sita
1214 4376 1404 4449 puniri.
1447 4404 1514 4416 —
1540 4373 1649 4430 Sed
1696 4372 1958 4443 primum,
1989 4371 2032 4425 si

458 4479 650 4548 placet,
684 4476 737 4528 in
773 4474 1004 4528 medium
1032 4470 1364 4542 proferamus
1403 4482 1524 4522 eum
1545 4507 1560 4533 ,
1587 4469 1677 4536 qui
1708 4465 1814 4519 illic
1849 4464 2034 4535 punia-

461 4580 566 4634 tur,
599 4569 685 4622 hic
712 4581 838 4622 vero
859 4565 1064 4619 deliciis
1100 4561 1297 4632 potitus
1321 4561 1476 4614 fuerit
1507 4578 1518 4614 :
1543 4558 1817 4614 attendant
1845 4559 2035 4613 divites

457 4672 508 4717 et
549 4672 808 4730 pauperes
829 4658 892 4710 iis
925 4672 1042 4726 qum
1062 4654 1309 4708 dicuntur
1338 4671 1351 4706 :
1385 4652 1622 4720 utrisque
1658 4665 1884 4720 namque
1911 4665 2036 4718 per-

459 4753 602 4806 utilis
642 4758 725 4804 est
759 4747 1020 4801 doctrina.
1050 4743 1118 4799 Ut
1155 4742 1297 4797 enim
1327 4742 1463 4796 scias
1502 4741 1585 4795 hic
1623 4750 1678 4796 et
1711 4741 1816 4794 illic
1843 4739 2038 4794 multos

462 4843 658 4913 puniri,
689 4837 956 4895 Christum
987 4835 1248 4890 dicentem
1279 4832 1398 4887 audi
1430 4851 1440 4885 :
1466 4830 1530 4884 In
1552 4846 1914 4903 quamcumque
1940 4847 2034 4882 au-

462 4947 560 4987 tem
584 4932 829 4985 civitatem
868 4937 953 4980 aut
984 4928 1188 4980 domum
1226 4924 1561 4988 intraveritis,
1593 4921 1834 4974 intrantes
1861 4922 1910 4973 in
1942 4922 2035 4972 do-

459 5041 596 5078 mum
641 5020 856 5076 salutate
899 5035 1009 5073 eam
1043 5018 1300 5070 dicentes:
1336 5019 1446 5070 Pax
1492 5013 1608 5066 huic
1651 5013 1822 5066 domui
1853 5029 1871 5078 ;
1914 5023 1959 5064 et
1997 5013 2041 5066 si

462 5116 661 5184 quidem
693 5112 844 5185 fuerit
867 5110 1045 5163 domus
1073 5109 1162 5161 illa
1187 5108 1359 5178 digna,
1386 5107 1548 5159 veniat
1575 5121 1677 5176 pax
1706 5114 1866 5158 vestra
1888 5121 2041 5175 super

461 5223 607 5270 eam;
633 5204 678 5258 si
713 5213 878 5256 autem
903 5218 1003 5255 non
1028 5200 1177 5271 {imit
1218 5199 1389 5268 digna,
1420 5212 1522 5266 pax
1564 5205 1724 5248 vestra
1766 5204 2041 5247 revertatur

463 5299 530 5351 ad
555 5313 654 5351 vos.
688 5293 756 5349 Et
789 5293 1085 5365 quicumque
1115 5307 1212 5343 non
1248 5290 1484 5360 receperit
1509 5304 1612 5350 vos,
1635 5303 1790 5356 neque
1822 5287 2039 5340 audierit

460 5407 724 5446 sermones
761 5393 980 5450 vestros,
1027 5392 1261 5436 exeuntes
1301 5380 1439 5449 {oras
1478 5379 1539 5431 de
1577 5379 1793 5444 civitate,
1829 5378 2044 5432 excutite

466 5479 716 5545 μείρει-ειη
757 5476 819 5530 de
846 5476 1052 5546 pedibus
1087 5475 1276 5527 castris.
1310 5473 1467 5524 Amen
1510 5472 1625 5524 dico
1658 5471 1824 5536 vobis,
1857 5471 2039 5524 tolera-

472 5568 621 5624 ῒζίἱιισ
647 5569 738 5620 erit
778 5579 924 5621 terra:
949 5567 1292 5621 Sodomorum
1329 5573 1372 5617 et
1409 5561 1849 5616 Comorrhatorum
1888 5563 1939 5615 in
1965 5563 2046 5616 die

468 5659 676 5736 iudicii,
690 5676 838 5730 quam
866 5659 942 5714 illi
965 5658 1167 5713 civitati.
1205 5657 1227 5710 l
1238 5675 1266 5710 ιι
1297 5673 1657 5726 quanicumque
1683 5665 1844 5708 autem
1869 5656 2042 5710 civita-

1187 240 1244 297 S.
1285 239 1560 296 JU.~\.\'NtS
1597 233 2031 291 ιῖιιιιγδυδτοεςς

2139 232 2426 288 ιιιοιιιιςι».
2469 231 3002 289 CONSTANTINOP.

3569 237 3688 290 1053

2139 358 2235 400 tem
2258 358 2344 401 aut
2366 349 2568 402 domum
2591 349 2916 414 intraveritis,
2939 351 3238 420 interrogate
3253 350 3358 417 quis
3384 351 3434 404 in
3456 368 3509 404 ea
3531 353 3690 422 dignus

2135 438 2229 496 sit.
2255 448 2303 492 et
2335 439 2404 492 ibi
2433 453 2658 506 numete,
2699 442 2858 495 donec
2887 443 3071 495 excutis
3097 441 3310 509 (Matth.
3348 443 3436 497 10.
3476 443 3579 511 Η).
3619 445 3687 500 Ex

2134 528 2218 582 his
2245 531 2410 599 liquet
2452 531 2753 587 Sodomitas
2784 545 2836 588 et
2880 533 3256 589 Comorrhzros
3294 545 3347 588 et
3381 535 3465 590 hic
3504 540 3692 604 punito;

2135 617 2317 685 fuisse,
2344 633 2395 676 et
2422 621 2528 676 illic
2551 624 2702 690 plecti
2729 642 2742 678 :
2775 641 2894 679 cum
2917 626 3057 679 enim
3081 626 3221 678 dicat
3249 626 3567 682 tolerabilius
3597 631 3693 685 fore

2133 711 2421 767 Sodomitis
2449 731 2605 784 quam
2635 715 2768 782 istis,
2797 716 3028 770 ostendit
3053 733 3145 772 eos
3177 717 3332 786 plecti
3363 719 3591 787 quidem,
3613 723 3692 774 sed

2133 818 2240 857 non
2274 804 2342 858 ita
2375 815 2430 859 ut
2455 807 2560 861 isti.

2204 898 2254 949 4.
2285 895 2419 951 Sunt
2458 911 2671 962 rursus,
2703 899 2793 968 qui
2820 901 3122 968 plectuntur
3163 901 3249 956 hic
3277 911 3515 968 tantum,
3543 916 3590 958 ιιι
3621 906 3695 963 ille

2133 995 2432 1040 scortator:
2479 988 2558 1042 sic
2601 990 2742 1042 enim
2787 991 2852 1044 ad
2897 992 3203 1047 Corinthios
3255 995 3496 1050 scribens
3533 997 3696 1053 beatus

2133 1076 2325 1131 Paulus
2369 1078 2614 1133 dicebat:
2651 1079 2870 1134 Omnino
2906 1084 3109 1135 auditur
3145 1084 3274 1137 inter
3319 1099 3404 1138 vos
3430 1086 3694 1155 fornicatio,

2132 1182 2177 1221 et
2203 1170 2318 1223 talis
2343 1174 2629 1242 fornicatio,
2661 1176 2826 1242 qualis
2851 1191 2939 1227 nec
2969 1175 3094 1228 inter
3113 1186 3301 1246 gentes,
3335 1178 3406 1229 ita
3432 1189 3484 1231 ut
3512 1196 3697 1234 uxorem

2133 1265 2290 1334 patris
2335 1267 2414 1319 sui
2457 1269 2638 1336 aliquis
2677 1267 2875 1320 habeat.
2920 1267 2982 1322 Et
3027 1284 3112 1322 vos
3152 1271 3319 1339 inﬂati
3356 1272 3504 1337 estis,
3533 1281 3576 1325 et
3611 1291 3696 1327 non

2132 1359 2291 1426 magis
2317 1356 2504 1409 luctum
2530 1358 2806 1423 habuistis,
2839 1369 2894 1411 ut
2941 1359 3146 1412 tollatur
3180 1362 3243 1413 de
3272 1361 3436 1413 medio
3471 1373 3695 1427 vestrum,

2132 1451 2218 1519 qui
2242 1451 2336 1503 hoc
2364 1468 2490 1522 opus
2520 1453 2655 1524 fecit.
2693 1451 2800 1523 Ego
2822 1453 3018 1522 quidem
3041 1453 3216 1507 absens
3242 1470 3471 1522 corpore,
3502 1473 3699 1524 prwscm

2132 1552 2294 1595 autem
2322 1544 2525 1612 spiritu,
2549 1545 2662 1614 jam
2678 1544 2909 1613 judicavi
2931 1553 2984 1596 ut
3010 1561 3228 1614 prwsens
3253 1562 3365 1598 cum
3393 1546 3482 1614 qui
3506 1547 3572 1599 sic
3598 1563 3701 1615 ape-

2131 1643 2270 1686 ratus
2298 1643 2370 1687 est
2390 1634 2442 1687 in
2477 1635 2677 1688 nomine
2705 1634 2909 1688 Domini
2935 1636 3093 1687 nostri
3111 1633 3234 1689 Jesu
3259 1635 3479 1701 Christi,
3509 1653 3702 1708 congre-

2132 1726 2263 1794 gatis
2292 1725 2450 1791 nobis,
2475 1737 2520 1780 et
2537 1728 2719 1796 spiritu
2749 1743 2878 1793 meo,
2914 1729 3112 1780 tradere
3139 1728 3431 1797 hujusmodi
3458 1739 3637 1783 satana:
3657 1733 3700 1784 in

2132 1815 2391 1870 interitum
2431 1818 2631 1880 carnis,
2661 1827 2712 1871 ut
2738 1818 2946 1887 spiritus
2989 1818 3158 1872 salt-us
3203 1819 3266 1871 sit
3309 1819 3360 1872 in
3389 1820 3474 1872 die
3518 1819 3702 1874 Domini

2132 1905 2258 1962 Iesu
2314 1910 2389 1980 (ί.
2427 1907 2544 1964 Cor.
2589 1909 2643 1964 5.
2697 1911 2770 1979 1).
2827 1909 2984 1963 Vides
3045 1917 3104 1963 ut
3158 1909 3242 1964 hic
3293 1910 3545 1978 puniatur
3585 1912 3700 1977 iste,

2136 2016 2236 2055 nec
2287 2000 2394 2055 illic
2437 2001 2722 2071 puniatur?
2769 2001 2900 2055 Nam
2942 2001 3190 2070 quoniam
3242 1999 3330 2055 hic
3371 2001 3490 2071 ejus
3529 2017 3704 2071 Corpus

2140 2093 2379 2160 punitum
2423 2100 2525 2154 est,
2567 2091 2676 2145 illic
2703 2108 2806 2144 non
2831 2092 3063 2162 punitur.
3098 2091 3214 2144 .Iam
3251 2092 3538 2147 ostendere
3573 2093 3704 2146 illum

2137 2184 2280 2248 volo,
2309 2182 2398 2253 qui
2426 2182 2631 2238 deliciis
2659 2182 2746 2237 hic
2775 2183 3008 2246 fruatur,
3044 2193 3098 2236 ct
3129 2183 3234 2236 illic
3261 2182 3541 2252 plectatur.
3570 2183 3706 2238 Dives

2135 2285 2243 2330 erat
2272 2275 2498 2344 quidam.
2531 2277 2601 2329 At
2631 2275 2840 2328 tametsi
2887 2273 3125 2328 historia:
3169 2275 3534 2330 narrationem
3572 2284 3706 2330 ante-

2135 2365 2338 2420 vertitis
2361 2407 2378 2432 ,
2407 2373 2714 2435 exspectate
2758 2364 2913 2418 tinem
2950 2365 3241 2430 orationis;
3271 2364 3389 2420 haze
3434 2367 3572 2420 enim
3601 2381 3704 2420 mea

2136 2460 2252 2514 laus
2277 2469 2380 2526 est,
2415 2467 2758 2528 vestrumque
2802 2458 3125 2527 przeconium
3147 2499 3163 2524 ,
3195 2467 3251 2511 ut
3286 2459 3400 2527 jam
3429 2457 3552 2512 dum
3579 2457 3708 2528 prino

2135 2550 2272 2622 cipia
2313 2560 2594 2616 seruntur,
2635 2565 2732 2604 vos
2773 2558 2980 2619 segetes
3025 2549 3288 2619 colligatis
3334 2549 3588 2603 :assidua
3625 2564 3708 2603 vos

2136 2656 2441 2696 sermomun
2492 2641 2693 2694 auditio
2740 2641 2989 2694 doctores
3032 2639 3301 2694 reddidit:
3344 2640 3445 2694 sed
3479 2644 3707 2709 quoniam

2137 2733 2408 2790 vobiscum
2437 2742 2492 2788 et
2531 2733 2766 2787 nonnulli
2792 2731 3056 2802 peregrini
3103 2741 3228 2785 sunt
3263 2731 3529 2799 ingressi,
3561 2731 3708 2785 nolite

2136 2839 2374 2891 currere,
2401 2823 2496 2879 sed
2522 2839 2616 2878 eos
2635 2823 2722 2893 qui
2753 2823 3072 2888 claudicant,
3099 2831 3430 2892 exspectate.
3455 2822 3710 2893 Siquidem

2139 2930 2336 2985 corpus
2359 2924 2443 2970 est
2464 2915 2702 2968 Ecclesia
2732 2932 2745 2967 :
2775 2915 2987 2969 oculum
3019 2915 3173 2968 habet
3197 2924 3249 2968 ct
3273 2927 3439 2984 caput
3459 2915 3629 2969 habet.
3653 2913 3712 2970 Ut

2138 3008 2298 3078 igitur
2326 3006 2372 3061 si
2396 3007 2644 3062 ealcaneo
2665 3007 2818 3076 spina
2860 3009 2926 3061 sit
2965 3009 3144 3074 inlixa,
3176 3007 3430 3062 deorsum
3458 3007 3637 3061 oculus
3659 3022 3712 3068 so

2138 3099 2380 3164 inclinat,
2406 3097 2546 3168 quod
2588 3098 2885 3152 membrmn
2921 3100 2990 3152 sit
3028 3099 3270 3167 corporis
3298 3140 3311 3164 ,
3349 3114 3528 3169 neque
3552 3099 3670 3154 dicit
3698 3118 3709 3152 :

2139 3189 2578 3260 Quandoquidem
2610 3191 2663 3243 in
2690 3190 2800 3244 alto
2841 3190 3025 3255 sedeo,
3057 3191 3353 3245 membrum
3387 3191 3532 3261 quod
3571 3190 3712 3245 deor-

2137 3297 2254 3337 sum
2278 3292 2360 3337 est
2386 3282 2534 3336 nihili
2556 3281 2727 3346 facio;
2759 3283 2852 3337 sed
2882 3283 3096 3336 inclinat
3127 3299 3208 3348 se,
3237 3298 3507 3354 suamque
3530 3283 3711 3338 deserit

2138 3372 2473 3428 altitudinem
2504 3389 2517 3426 :
2548 3372 2758 3427 tametsi
2802 3372 2924 3442 quid
2961 3365 3210 3427 calcaneo
3242 3373 3441 3428 vilius?
3468 3384 3557 3428 aut
3599 3374 3712 3444 quid

2140 3466 2298 3521 oculo
2327 3466 2592 3520 nobilius?
2618 3465 2724 3520 Sed
2770 3465 3182 3535 inaequalitatem
3225 3467 3479 3535 cognatio
3527 3477 3714 3520 natum

2139 3557 2378 3626 corrigit,
2411 3565 2464 3610 et
2491 3557 2683 3610 caritas
2707 3557 2886 3610 omnia
2915 3556 3123 3610 miscet.
3172 3555 3246 3609 Ita
3274 3556 3355 3610 fac
3390 3565 3448 3610 tu
3475 3570 3674 3626 quoque
3699 3574 3710 3608 :

2139 3647 2380 3717 quamvis
2401 3648 2543 3701 celer
2569 3655 2623 3701 et
2648 3646 2927 3715 expeditus
2969 3646 3072 3711 sis,
3102 3659 3262 3717 atque
3288 3647 3355 3701 ad
3406 3647 3712 3702 audiendum

2139 3750 2375 3809 paratus,
2403 3739 2446 3793 si
2474 3739 2688 3793 fratrem
2723 3739 2938 3801 habeas,
2968 3739 3056 3807 qui
3083 3754 3142 3792 ea
3176 3755 3293 3808 qua:
3319 3748 3711 3810 proponuntur,

2140 3831 2347 3898 assequi
2380 3837 2641 3899 nequeat,
2684 3829 2972 3884 descendat
3006 3830 3070 3883 ad
3113 3831 3309 3885 calcem
3357 3833 3550 3886 oculos
3573 3839 3712 3893 tuus,

2141 3919 2490 3974 claudicantis
2515 3921 2737 3974 membri
2766 3922 3229 3976 commiseratione
3257 3929 3532 3991 tangatur,
3567 3923 3632 3976 ita
3660 3931 3713 3976 ut

2141 4013 2210 4066 ob
2243 4023 2384 4066 tuam
2411 4013 2736 4066 celeritatem
2763 4022 2816 4067 et
2859 4013 2996 4067 illius
3037 4013 3335 4068 tarditatem
3375 4030 3572 4086 expers
3613 4029 3715 4067 ser-

2141 4103 2317 4157 monis
2349 4103 2461 4170 ipse
2479 4117 2582 4156 non
2606 4112 2855 4157 maneat:
2890 4105 2994 4158 noli
3025 4114 3112 4158 tua
3139 4105 3486 4174 intelligentia
3514 4108 3564 4159 in
3590 4106 3715 4158 illius

2141 4192 2429 4264 perniciem
2457 4192 2622 4259 abuti,
2657 4194 2749 4247 sed
2772 4195 2840 4247 ob
2869 4203 3011 4248 luant
3033 4195 3364 4250 celeritatem
3404 4197 3514 4249 Deo
3535 4197 3718 4266 gratias

2141 4299 2261 4353 age.
2289 4283 2446 4338 Dives
2480 4283 2578 4337 es?
2603 4285 2810 4353 gaudeo
2839 4283 3291 4354 vehementerque
3325 4285 3483 4341 laetor
3508 4303 3523 4340 :
3560 4296 3613 4340 at
3639 4286 3719 4340 ille

2145 4391 2345 4446 pauper
2369 4375 2542 4430 adhuc
2565 4387 2645 4431 est
2675 4394 2688 4430 :
2718 4392 2784 4432 ne
2809 4387 3025 4447 pmpter
3046 4378 3256 4432 divitias
3285 4390 3401 4432 tuas
3422 4379 3474 4432 in
3497 4387 3720 4449 egestate

2146 4479 2378 4524 maneat.
2429 4469 2644 4540 Spinam
2676 4469 2833 4524 habet
2860 4471 2981 4537 ille,
3015 4472 3376 4541 perturbatam
3420 4474 3718 4527 rationem:

2147 4571 2201 4616 tu
2228 4577 2355 4616 vero
2381 4562 2446 4616 ad
2471 4563 2615 4616 illum
2649 4563 2933 4628 descende,
2981 4579 3042 4618 ac
3064 4566 3268 4633 spinam
3307 4565 3559 4621 extrahe.
3593 4562 3730 4633 Quid

2148 4653 2305 4722 igitur
2333 4653 2444 4707 ait?
2483 4653 2633 4708 Dives
2673 4665 2778 4707 erat
2805 4655 3042 4726 quidam;
3082 4657 3326 4721 nomine,
3376 4651 3484 4710 non
3516 4658 3719 4726 reipsa;

2147 4745 2294 4800 dives
2321 4755 2436 4800 erat
2461 4747 2674 4816 quidam
2707 4763 2935 4817 purpura
2969 4749 3205 4813 indutus,
3229 4750 3314 4803 cui
3348 4766 3536 4804 mensa
3568 4764 3721 4821 appo-

2148 4837 2374 4891 nebatnr
2395 4839 2609 4907 opipara
2635 4880 2649 4905 ,
2681 4841 2787 4892 vini
2821 4849 3056 4895 crateres
3084 4841 3282 4895 habens
3304 4855 3612 4907 coronatos,
3643 4842 3722 4910 qui

2148 4929 2389 4981 convivia
2416 4930 2652 4997 quotidie
2681 4931 2980 4985 celebrabat
3005 4949 3018 4993 ;
3048 4931 3180 4985 alter
3216 4947 3342 4986 vero
3371 4933 3589 5002 quidam
3621 4943 3722 4988 erat

2151 5033 2370 5086 panper,
2398 5019 2630 5074 Lazarus
2653 5022 2866 5075 nomine
2899 5020 3051 5094 (Luc.
3081 5022 3166 5076 l6.
3203 5023 3311 5092 l9).

2223 5108 2326 5163 Cur
2351 5095 2543 5164 ‘nomen
2586 5111 2754 5165 divitis
2798 5129 2897 5166 non
2938 5113 3000 5167 sit
3039 5129 3348 5182 expressum.
3379 5141 3447 5154 υ-
3480 5114 3580 5170 Ubi
3608 5128 3723 5182 ergo

2154 5217 2350 5256 nomen
2376 5202 2554 5256 divitis
2579 5203 2603 5256 ?
2633 5203 2921 5273 Nusquam,
2951 5205 3144 5274 quippe
3167 5205 3257 5276 qui
3288 5207 3505 5262 nomine
3535 5218 3720 5260 careat.

2151 5292 2371 5360 Quanta.-
2416 5293 2655 5348 divitiaa?
2703 5294 2812 5350 Nec
2857 5305 3030 5350 tamen
3087 5297 3163 5350 illi
3212 5312 3402 5351 nomen
3452 5299 3720 5366 reperitur.

2153 5383 2347 5451 Quales
2377 5384 2587 5438 tandem
2615 5384 2697 5439 lue
2723 5385 2967 5440 divitize?
2996 5387 3168 5440 Arbor
3200 5387 3340 5442 foliis
3363 5402 3616 5450 vernans,
3641 5384 3725 5440 Sed

2155 5475 2326 5530 fructu
2367 5477 2615 5531 destituta
2650 5495 2662 5531 :
2706 5493 2934 5547 quercus
2977 5479 3026 5532 in
3073 5481 3239 5534 altum
3285 5489 3532 5549 protensa
3561 5521 3575 5543 ,
3620 5491 3724 5547 qtlJ:

2154 5568 2398 5636 glandem
2458 5569 2624 5623 brutis
2674 5570 3029 5628 animantibus
3083 5571 3132 5624 in
3187 5569 3362 5626 cibum
3413 5569 3725 5638 suppeditat,

2162 5657 2318 5713 homo
2349 5659 2434 5730 qui
2465 5659 2686 5714 fructum
2719 5677 2821 5715 nun
2853 5659 3010 5716 habet
3041 5661 3286 5716 hominis.
3324 5659 3414 5716 ilbi
3443 5659 3588 5718 enim
3610 5655 3724 5714 αἰγὶ·
