4030 6136
309 379 435 431 1051

307 512 418 557 σον,
446 492 567 546 εἰπέ
601 510 711 561 μοι,
739 494 1060 565 μακαρίζεις
1098 492 1294 560 τοῦτον,
1330 493 1688 566 ἧταλανίζεις
1708 511 1723 559 ;
1744 493 1870 547 Ἐἀν

305 579 362 632 δὲ
385 579 569 650 ἕτερον
596 576 710 648 ἴδῃς
743 577 915 648 ὑδέρῳ
946 590 971 618 ι
999 577 1382 648 κατεχόμενον,
1430 578 1687 649 ἰατρικῶν
1735 578 1864 631 ἀπο-

309 662 539 715 λαύοντα
564 663 795 735 χειρῶν,
826 663 971 734 λιμῷ
1004 662 1192 717 ἑαυτὸν
1224 662 1520 727 ἐκδιδόντα,
1567 664 1624 716 ἐν
1670 662 1874 733 ἀπορίᾳ

309 746 475 816 πολλῇ
506 746 656 808 ὄντα,
711 748 1023 817 φαρμάκοις
1070 744 1581 820 προσκαρτεροῦντα
1635 746 1870 816 πικροῖς,

306 829 488 899 έχουσι
526 830 624 898 μὲν
659 829 874 901 ὀδύνην,
889 828 1209 884 τίκτουσιδέ
1236 828 1321 882 διά
1340 829 1440 899 τῆς
1454 828 1641 899 ὀδύνης
1663 826 1871 896 ὑγείαν,

304 911 428 982 οὐχὶ
460 911 648 966 τοῦτον
671 912 811 983 ὑπὲρ
838 914 1044 966 ἐκεῖνον
1077 912 1438 982 μακαρίζειςς
1478 910 1833 981 Ὠμολόγηται
1856 925 1870 939 ⁸

305 995 335 1046 6
363 993 462 1063 μὲν
489 992 596 1065 γὰρ
627 998 792 1057 νοσεῖ,
815 994 911 1048 καὶ
941 995 1002 1046 οὐ
1030 993 1390 1066 θεραπεύεται
1414 1009 1427 1023 ·
1454 995 1483 1046 6
1506 992 1563 1046 δὲ
1595 995 1757 1057 νοσεῖ,
1781 990 1873 1045 καὶ

305 1075 569 1129 ἀπολαύει
618 1077 874 1148 ἰατρείας.
917 1076 1055 1130 Ἀλλ’
1099 1076 1417 1146 ἐπίπονοςή
1458 1075 1686 1146 ἰατρεία.
1735 1075 1885 1128 Ἀλλ’

305 1158 581 1229 ὠφέλιμον
607 1160 777 1229 αὐτῆς
804 1159 865 1213 τὸ
880 1159 1051 1223 τέλος.
1084 1158 1270 1222 Οὕτως
1294 1159 1410 1213 ἐστὶ
1429 1159 1523 1212 καὶ
1545 1160 1602 1212 έν
1626 1158 1704 1229 τῷ
1731 1175 1873 1228 παρ-

305 1241 422 1294 όντι
484 1242 605 1312 βίῳ.
647 1241 783 1295 Ἀλλ’
812 1242 921 1296 ἀπὸ
950 1241 1058 1296 τῶν
1089 1242 1355 1313 σωμάτων
1397 1240 1577 1310 ἄπαγε
1598 1241 1689 1295 τὸν
1718 1239 1874 1309 λόγον

306 1324 399 1376 ἐπὶ
426 1324 525 1386 τὰς
555 1322 751 1393 ψυχάς,
784 1324 893 1378 ἀπὸ
924 1325 1031 1378 τῶν
1053 1323 1374 1395 νοσημάτων
1402 1322 1498 1376 ἐπὶ
1533 1324 1600 1376 τά
1622 1323 1872 1394 ἁμαρτή-

308 1423 475 1476 ματα,
505 1406 613 1460 ἀλπδ
629 1407 728 1477 τῆς
757 1407 982 1478 πικρίας
1008 1406 1116 1461 τῶν
1137 1406 1442 1479 φαρμάκων
1469 1406 1561 1459 ἐπὶ
1588 1407 1686 1471 τὰς
1701 1422 1874 1475 τιμω-

309 1489 432 1558 ρίας
464 1489 555 1544 καί
588 1490 689 1560 τὴν
740 1490 923 1562 κρίσιν
978 1489 1074 1543 τοῦ
1118 1489 1272 1544 Θεοῦ.
1316 1490 1492 1560 Ὅπερ
1516 1490 1623 1561 γάρ
1670 1489 1787 1542 ἐστι
1814 1487 1876 1541 τὸ

307 1572 596 1644 φάρμακον
647 1573 706 1626 τὸ
754 1572 905 1645 παρά
932 1573 1025 1627 τοῦ
1063 1571 1269 1643 ἰατροῦ,
1305 1572 1401 1625 καὶ
1431 1572 1464 1641 ὴ
1493 1570 1635 1641 τομὴ
1687 1571 1782 1623 καὶ
1813 1570 1876 1622 τὸ

306 1653 440 1725 πῦρ,
463 1654 621 1708 τοῦτό
636 1657 784 1709 ἐστιν
815 1658 847 1726 ή
875 1655 1113 1726 τιμωρία
1136 1658 1169 1725 ἡ
1200 1654 1349 1726 παρά
1368 1653 1460 1708 τοῦ
1485 1651 1639 1707 Θεοῦ.
1665 1652 1876 1723 ’Ὥσπερ

305 1736 415 1808 γὰρ
446 1737 507 1790 16
540 1738 651 1807 πῦρ
684 1737 941 1801 πολλάκις
965 1738 1302 1809 ἐπαγόμενον
1335 1736 1503 1800 καίει,
1544 1736 1639 1789 καὶ
1664 1734 1765 1806 τὴν
1791 1751 1877 1787 νο·

310 1819 417 1890 μὴν
446 1819 666 1883 κωλύει,
701 1820 795 1873 καὶ⁸
822 1820 882 1873 τὸ
912 1819 1148 1889 σιδήριον
1168 1820 1480 1890 ἀφαιρεῖται
1522 1816 1619 1888 τὴν
1645 1816 1875 1889 σηπεδό-

306 1919 395 1963 να.
422 1902 541 1972 ἕχον
570 1902 669 1973 μὲν
704 1902 916 1972 όδύνην,
954 1904 1188 1974 παρέχον
1204 1903 1261 1956 δὲ
1290 1902 1586 1972 ὠφέλειαν·
1614 1899 1757 1954 οὕτω
1781 1899 1876 1953 καὶ

305 1986 463 2056 λιμὸς
494 1988 587 2040 καὶ
614 1986 793 2057 λοιμοὶ
831 1988 925 2041 καὶ
951 1989 1051 2041 ὅσα
1078 1986 1225 2041 κακά
1259 1983 1520 2040 δοκοῦντα
1544 1981 1713 2051 εἶναι,
1756 1984 1876 2038 ἀντὶ

306 2069 524 2140 σιδήρου
557 2071 650 2124 καὶ
681 2070 851 2141 πυρὸς
881 2070 1175 2139 ἐπάγονται
1198 2072 1263 2138 τῇ
1296 2069 1465 2141 ψυχῇ,
1484 2068 1571 2122 ἵνα
1590 2067 1690 2139 τὴν
1706 2066 1875 2137 νομὴν

303 2152 412 2205 τῶν
439 2153 757 2224 νοσημάτων
780 2152 922 2207 κατά
951 2154 1049 2224 τὴν
1092 2152 1275 2207 εἰκόνα
1309 2151 1417 2205 τῶν
1466 2150 1731 2221 σωμάτων
1763 2166 1875 2203 κω-

304 2234 441 2306 λύσῃ
478 2237 570 2289 καὶ
624 2234 870 2305 βελτίονα
916 2236 1235 2307 ἐργάσηται.
1285 2233 1456 2289 Πάλιν
1512 2232 1755 2287 εστωσαν
1783 2230 1877 2284 δύο

307 2319 515 2389 πόρνοι,
550 2319 642 2371 καὶ
670 2318 974 2372 ὑποκείσθω
995 2318 1072 2389 τῷ
1090 2318 1233 2390 λόγῳ
1260 2320 1293 2390 ἡ
1324 2317 1487 2372 εἰκών
1508 2333 1522 2347 ·
1548 2315 1643 2371 δύο
1664 2315 1870 2387 πόρνοι·

304 2401 421 2454 ἀλλ’
451 2403 481 2453 6
521 2402 617 2471 μὲν
653 2401 923 2465 πλούσιος.
958 2404 985 2455 6
1007 2402 1064 2456 δὲ
1093 2401 1282 2470 πένης.
1307 2399 1403 2463 Τίς
1434 2398 1635 2470 μᾶλλον
1655 2397 1877 2462 ἐλπίδας

308 2485 580 2554 σωτηρίας
604 2484 753 2555 ἔχεις
792 2483 1148 2555 ὀμολόγηται
1179 2481 1420 2553 δηλονότι
1472 2483 1501 2535 ὁ
1542 2480 1731 2550 πένης.
1782 2479 1875 2551 Μὴ

303 2566 483 2619 τοίνυν
510 2568 669 2636 εἴπῃς
692 2609 706 2627 ,
737 2568 817 2621 ὅτι
859 2567 887 2619 6
933 2565 1186 2629 πλούσιος
1224 2562 1476 2634 πορνεύει
1509 2564 1603 2617 καὶ
1632 2563 1872 2627 πλουτεῖ,

305 2651 402 2703 καὶ
429 2649 515 2703 διά
547 2652 703 2703 τοῦτο
735 2650 1023 2721 μακαρίζω
1050 2649 1231 2704 αὐτόν.
1278 2648 1492 2702 Μᾶλλον
1529 2647 1635 2700 ἔδει
1677 2663 1737 2700 σε
1768 2663 1874 2716 μα-

196 2772 213 2783 .
305 2733 550 2802 καρίζειν
582 2733 764 2799 αὐτὸν,
811 2734 861 2785 εἰ
894 2731 1171 2804 πορνεύων
1200 2730 1440 2797 ἐπένετο,
1496 2732 1544 2783 εἰ
1599 2729 1876 2799 πορνεύων

305 2815 621 2885 ἐλίμωττεν·
653 2810 765 2886 εἶχε
782 2816 890 2887 γὰρ
912 2815 1224 2870 διδάσκαλον
1243 2812 1762 2885 κατηναγκασμένον
1778 2812 1877 2882 τῆς

307 2899 626 2968 φιλοσοφίας
649 2900 747 2971 τὴν
771 2899 978 2969 πενίαχ.
1009 2900 1176 2953 Ὅταν
1203 2900 1318 2972 ἴδῃς
1347 2898 1514 2953 κακὸν
1542 2896 1877 2969 εὑημεροῦν-

304 3002 392 3051 τα,
426 2985 720 3057 δάκρυσον·
756 2984 850 3038 δύο
878 2983 987 3053 γάρ
1016 2984 1182 3047 κακά,
1219 2985 1311 3037 καὶ
1334 2984 1489 3047 νόσος
1513 2983 1607 3037 καὶ
1636 2982 1700 3035 16
1724 2982 1877 3035 avia-

303 3087 414 3124 τον.
439 3069 607 3123 Ὅταν
627 3068 740 3142 ἴδῃς
764 3068 931 3123 κακὸν
956 3071 1013 3122 ἐν
1036 3070 1338 3140 συμφοραῖς
1355 3066 1503 3131 ὄντα,
1524 3062 1874 3138 παραμυθοῦ,

309 3154 385 3224 μὴ
406 3154 494 3206 διὰ
513 3151 668 3206 τοῦτο
691 3153 872 3224 μόνον,
902 3152 983 3205 ὅτι
1010 3151 1228 3221 βελτίων
1250 3150 1480 3219 γίνεται,
1508 3149 1623 3204 ἀλλ’
1646 3152 1728 3203 ὅτι
1756 3150 1878 3203 πολ-

302 3235 372 3288 λά
398 3235 506 3288 τῶν
523 3235 932 3306 ἁμαρτημάτων
959 3234 1121 3287 αὐτοῦ
1141 3231 1369 3287 ἐνταῦθα
1382 3229 1674 3286 διαλύεται.
1703 3231 1879 3303 Πρόσ-

302 3335 397 3388 εχε
434 3320 572 3389 μετά
592 3318 878 3389 ἀκριϐείας
906 3316 983 3387 τῷ
1009 3317 1172 3387 λόγῳ.
1208 3315 1399 3370 Πολλοὶ
1433 3316 1543 3369 τῶν
1576 3314 1877 3387 ἀνθρώπων

303 3404 399 3456 καὶ
444 3401 677 3455 ἐνταῦθα
731 3400 1070 3465 διαλύονται,
1105 3400 1199 3453 καὶ¹
1226 3402 1343 3453 ἐκεῖ
1383 3400 1690 3471 κρίνονται·
1739 3400 1787 3453 οἰ
1821 3398 1879 3452 δὲ

303 3482 540 3538 ἐνταῦθα
580 3483 757 3553 μόνον,
784 3483 832 3536 οἰ
855 3483 911 3536 δὲ
936 3485 1052 3536 ἐκεῖ
1082 3482 1258 3553 μόνον.
1296 3482 1509 3553 Κάτεχέ
1542 3499 1645 3553 μου
1678 3481 1775 3553 τὴν
1798 3481 1877 3535 δι-

300 3565 597 3627 δασκαλίαν
616 3582 629 3595 ·
662 3559 816 3628 οὗτος
845 3565 954 3636 γάρ
980 3564 1373 3635 διευκρινηθείς
1397 3566 1426 3619 6
1450 3563 1607 3633 λόγος
1649 3563 1875 3627 πολλοὺς

302 3648 566 3722 θορύϐους
588 3648 807 3702 ἐκϐαλεῖ
835 3664 927 3701 σου
958 3646 1052 3700 τοῦ
1084 3646 1365 3718 λογισμοῦ.

391 3730 549 3795 Ἀλλ’,
585 3732 633 3784 εἰ
674 3730 840 3793 δοκεῖ,
876 3731 1289 3802 παραγάγωμεν
1335 3732 1415 3793 εἰς
1451 3729 1614 3801 μέσον
1662 3729 1875 3802 πρῶτον

302 3816 396 3871 τὸν
443 3817 559 3870 ἐκεῖ
596 3815 695 3885 μὲν
737 3812 1115 3884 κολαζόμενον,
1155 3811 1388 3867 ἐνταῦθα
1409 3812 1466 3866 δὲ
1495 3812 1875 3867 ἀπολαύσαντα

303 3900 536 3970 τρυφῆς.
570 3897 991 3969 Προσεχέτωσαν
1020 3897 1114 3949 καὶ
1139 3894 1387 3949 πλούσιοι
1413 3894 1506 3949 καὶ
1537 3895 1769 3966 πένητες
1797 3892 1875 3964 τῷ

303 3984 599 4054 λεγομένῳ·
650 3980 930 4052 ἑκατέροις
985 3980 1095 4051 γὰρ
1152 3980 1420 4051 χρήσιμος
1463 3980 1496 4051 ἡ
1537 3978 1872 4033 διδασκαλία.

309 4069 431 4120 Ὅτι
458 4066 564 4136 γὰρ
592 4065 683 4119 καὶ
716 4063 863 4137 [ΤΠ]
896 4063 1129 4117 ἐνταῦθα
1159 4062 1254 4117 καὶ
1299 4064 1416 4116 ἐκεῖ
1451 4061 1636 4115 πολλοὶ
1665 4061 1877 4132 κρίνον-

302 4169 413 4212 ται.
437 4150 600 4203 ἄκουε
619 4149 712 4203 τοῦ
735 4147 968 4219 Χριστοῦ
994 4147 1259 4217 λέγοντος·
1289 4151 1395 4214 Εἰς
1422 4145 1502 4215 ἢν
1525 4146 1576 4200 δ’
1600 4145 1676 4201 ἂν
1696 4147 1876 4200 πόλιν

299 4237 342 4303 ἢ
373 4234 568 4287 οὶκίαν
593 4229 921 4299 εἰσέλθητε,
949 4231 1357 4300 εἰσερχόμενοι
1392 4232 1481 4296 είς
1505 4228 1619 4299 τὴν
1654 4229 1871 4295 οἰκίαν,

301 4315 669 4372 ἀσπάσασθε
719 4313 934 4379 αὐτὴν,
986 4312 1286 4381 λέγοντες·
1324 4311 1545 4381 Εἰρήνη
1598 4311 1680 4378 τῷ
1730 4313 1875 4377 οἴκῳ

300 4401 512 4463 τούτῳ.
544 4397 672 4451 Κᾶν
694 4396 812 4466 μὲν
846 4390 888 4467 ᾖ
913 4397 951 4464 ἠ
990 4396 1147 4449 οἰκία
1169 4396 1330 4460 ἀξία,
1371 4395 1687 4450 εἰσελθέτω
1719 4397 1758 4465 ἠ
1794 4400 1873 4450 εἰ·

298 4482 454 4555 ρήνη
478 4479 646 4548 ὑμῶν
666 4480 759 4533 ἐπ’
781 4478 992 4547 αὐτήν·
1023 4478 1133 4533 ἐὰν
1158 4478 1226 4531 δὲ
1242 4477 1329 4547 μὴ
1356 4473 1398 4549 ᾖ
1420 4478 1581 4543 ἀξία.
1605 4479 1643 4546 η
1668 4478 1874 4547 εἰρήνη

300 4564 470 4636 ὑμῶν
495 4565 586 4634 ἐφ’
618 4563 772 4633 ὑμᾶς
802 4560 1219 4631 ἐπιστραφήτω
1240 4561 1289 4615 ιδ.
1318 4562 1426 4616 Καὶ
1454 4562 1522 4628 ὃς
1565 4561 1642 4615 ἂν
1661 4562 1747 4631 μὴ
1779 4562 1875 4616 δέ·

301 4650 480 4717 ξηται
502 4648 678 4720 ὑμᾶς,
704 4648 861 4717 μηδέ
887 4649 1123 4714 ἀκούσῃ
1158 4645 1302 4711 τοὺς
1318 4649 1542 4716 λόγους
1568 4647 1752 4716 ὑμῶν,
1774 4649 1874 4713 ἐξ·

300 4734 616 4803 ἐρχόμενοι
665 4732 780 4795 ἔξω
841 4728 951 4799 τῆς
1014 4731 1246 4795 πόλεως
1266 4768 1282 4793 ,
1357 4728 1702 4794 ἐκτινάξατε
1769 4731 1877 4785 τὸν

302 4816 617 4884 κονιορτὸν
664 4812 781 4868 τῶν
822 4813 1023 4868 ποδῶν
1065 4810 1251 4882 ὑμῶν.
1305 4812 1482 4883 Ἀμὴν
1510 4813 1665 4884 λέγω
1709 4817 1873 4884 ὑμῖν,

299 4901 694 4967 ἀνεκτότερον
724 4898 895 4951 ἐσται
926 4895 1002 4965 γῇ
1026 4896 1303 4966 Σοδόμων
1332 4896 1432 4950 καί
1462 4897 1781 4967 Γομόρρων
1804 4899 1877 4952 ἐν

301 4985 494 5054 ἡμέρᾳ
532 4982 804 5049 κρίσεως,
836 4980 875 5047 ἢ
903 4977 978 5047 τῇ
1017 4981 1191 5033 πόλει
1216 4980 1436 5050 ἐκείνῃ.
1464 4982 1567 5046 Εἰς
1600 4978 1682 5048 ἢν
1716 4981 1768 5036 δ’
1798 4982 1877 5038 ἂν

302 5070 487 5121 πόλιν
520 5064 559 5132 ἢ
592 5064 787 5117 οἰκίαν
816 5064 1146 5130 εἰσέλθητε,
1181 5062 1506 5127 ἐξετάσατε
1548 5064 1639 5131 τίς
1662 5064 1733 5119 ἐν
1769 5068 1876 5120 αὑ-

302 5150 379 5217 τῇ
419 5147 587 5213 ἄξιός
626 5147 777 5209 ἐστι,
813 5144 989 5200 κάκεῖ
1012 5146 1275 5214 μείνατε,
1320 5144 1431 5212 ἕως
1459 5146 1536 5199 ἂν
1564 5146 1871 5216 ἐξέλθητε.

316 5233 450 5287 Ἀπὸ
470 5231 673 5285 τούτων
700 5229 858 5298 δῆλον
888 5230 970 5282 ὅτι
990 5230 1039 5282 οἰ
1066 5230 1315 5300 Σοδόμων
1343 5233 1437 5285 καὶ
1462 5232 1753 5304 Γομόρρων
1780 5234 1875 5287 καὶ

302 5313 540 5368 ἐνταῦθα
592 5311 906 5383 ἐκρίθησαν,
962 5312 1056 5365 καὶ
1101 5312 1218 5365 ἐκεῖ
1267 5322 1290 5350 ε
1332 5312 1668 5378 κολάζονται.
1704 5315 1879 5370 ’Ὅταν⁶

304 5399 417 5471 γάρ
453 5397 607 5468 λέγῃ,
657 5397 738 5450 ὅτι
781 5394 1130 5467 ἀνεκτότερον
1181 5394 1332 5451 ἐσται
1376 5397 1630 5468 Σοδόμοις
1673 5399 1706 5471 ἦ
1750 5400 1873 5454 τού-

362 5629 379 5697 ξ’
402 5634 486 5697 γει
497 5635 555 5697 i_c.
567 5635 767 5697 ὓδερείᾳ.

361 5694 388 5731 ι’
416 5694 568 5758 Valig.
592 5694 707 5758 πρὸς
728 5694 849 5758 ύμᾷς
865 5695 1217 5758 άναστραφέτω.

362 5760 389 5790 ο
412 5758 494 5807 sjc
518 5755 693 5817 “uin,
725 5755 780 5806 in
810 5755 978 5805 κοῖαι.
1003 5755 1051 5805 οι
1079 5756 1228 5810 Sam.
1253 5769 1369 5808 vero
1392 5760 1472 5809 καὶ
1490 5760 1676 5812 ἐκεῖθεν.

1519 373 1603 428 DE
1640 370 1917 427 LAZABO
1954 368 2202 427 CONCIO
2244 370 2328 426 Vl.

3414 361 3552 420 107.2

1976 485 2430 561 τοις,’δείκνυσιν,
2467 493 2550 547 ὃτι
2586 491 2903 555 κολάζονται
2931 487 3054 560 μὲν,
3080 487 3180 558 οὐχ
3199 484 3341 539 οὕτω
3383 483 3439 538 δὲ
3476 483 3552 537 «bs

1975 569 2140 632 οὗτοι.

2047 667 2108 721 δ’.
2129 667 2298 722 Πάλιν
2318 667 2456 720 εἰσὶν
2485 668 2534 719 οί
2552 664 2785 720 ἐνταῦθα
2798 661 3148 726 κολαζόμενοι
3168 658 3349 730 μόνον,
3362 657 3550 729 ὥσπερ

1974 752 2005 804 6
2036 748 2442 822 πεπορνευκώς.
2469 748 2776 821 Κορινθίοις
2812 747 2923 817 γάρ
2950 743 3278 798 ἐπιστέλλων
3313 745 3342 797 6
3367 743 3550 813 μακά-

1978 850 2093 904 ριος
2142 832 2373 896 Παῦλος,
2420 831 2593 895 οὕτως
2652 832 2856 900 ἔλεγεν·
2910 829 3097 894 Ὅλως
3144 827 3424 882 ἀκούεται
3479 825 3552 880 ἐν

1973 915 2116 985 ὑμῖν
2138 916 2404 984 πορνεία,
2426 914 2527 969 καί
2555 916 2798 983 τοιαύτη
2833 913 3100 983 πορνεία,
3142 910 3272 978 ἣτις
3306 909 3451 963 οὐδὲ
3479 909 3552 963 ἐν

1974 998 2099 1065 τοῖς
2140 998 2384 1053 ἔθνεσιν
2420 996 2783 1077 ὀνομάζεται,
2815 996 2972 1051 ὥστε
2999 992 3255 1066 γυναῖκά
3281 1009 3415 1046 τινα
3441 986 3550 1046 τοῦ

1976 1081 2197 1149 πατρὸς
2222 1082 2405 1149 ἔχειν.
2436 1075 2547 1134 Καὶ
2573 1080 2743 1149 ὑμεῖς
2778 1078 3217 1148 πεφυσιωμένοι
3257 1076 3418 1137 ἐστὲ,
3452 1075 3551 1128 καί

1976 1165 2113 1234 οὐχί
2150 1164 2392 1234 μᾶλλον
2434 1161 2825 1230 ἐπενθήσατε,
2860 1163 2960 1216 ἵνα
2986 1158 3211 1229 ἐξαρθῇ
3247 1159 3316 1213 ἐκ
3354 1157 3552 1227 μέσου

1975 1246 2143 1316 ὑμῶν
2164 1250 2196 1301 ό
2218 1247 2284 1300 τό
2308 1246 2484 1316 ἔργον
2510 1245 2686 1300 τοῦτο
2707 1242 2987 1310 ποιήσας.
3025 1242 3173 1312 Ἐγὼ
3194 1240 3311 1310 μὲν
3334 1239 3444 1310 γὰρ
3471 1240 3553 1305 ὡς

1976 1329 2147 1383 ἀπὼν
2178 1328 2257 1395 τῷ
2296 1327 2540 1398 σώματι,
2591 1328 2797 1396 παρὼν
2847 1324 2917 1380 δὲ
2952 1324 3033 1391 τῷ
3076 1324 3387 1393 πνεύματι,
3434 1321 3552 1390 ἤδη

1977 1411 2242 1481 κέκρικα,
2272 1411 2352 1476 ὡς
2390 1409 2595 1479 παρὼν
2622 1410 2731 1463 τὸν
2757 1409 2910 1464 οὕτω
2941 1406 3116 1461 τοῦτο
3146 1402 3552 1473 κατεργασμέ-

1975 1510 2105 1557 νον,
2131 1494 2201 1546 ἐν
2222 1491 2304 1558 τῷ
2330 1493 2573 1561 ὀνόματι
2599 1490 2707 1547 τοῦ
2729 1492 2949 1559 Κυρίου
2986 1488 3155 1559 ήμῶν
3194 1486 3392 1557 Ἰησοῦ
3417 1488 3552 1555 Χρι-

1976 1577 2125 1631 στοῦ
2149 1574 2576 1645 συναχθέντων
2607 1572 2818 1644 ἡμῶνά
2844 1572 2944 1627 καί
2983 1572 3086 1627 τοῦ
3116 1570 3263 1641 ἐμοῦ
3292 1570 3555 1639 πνεύμα-

1976 1674 2098 1722 τος,
2133 1657 2505 1725 παραδοῦναι
2555 1656 2661 1711 τὸν
2711 1655 2986 1711 τοιοῦτον
3043 1652 3125 1719 τῷ
3175 1650 3410 1718 σατανᾷ
3464 1654 3557 1719 εἰς

1977 1740 2228 1808 ὄλεθρον
2248 1739 2359 1809 τῆς
2383 1739 2631 1809 σαρκὸς,
2679 1740 2781 1794 ἵνα
2808 1738 2874 1792 τὸ
2910 1737 3147 1807 πνεῦμα
3183 1734 3352 1803 σωθῇ
3384 1734 3454 1789 ἐν
3478 1733 3556 1805 τῇ

1974 1822 2166 1892 ἡμέρᾳ
2187 1823 2293 1878 τοῦ
2314 1825 2537 1893 Κυρίου
2568 1823 2786 1891 Ἰησοῦ.
2827 1819 2980 1886 Εἶδες
3010 1821 3128 1884 πῶς
3152 1815 3307 1883 οὗτος
3330 1814 3434 1875 ὦδε
3463 1835 3556 1872 κο-

1974 1905 2215 1971 λάζεται,
2267 1906 2362 1960 καὶ
2408 1908 2525 1960 ἐκεῖ
2574 1907 2635 1959 οὐ
2677 1905 2999 1970 κολάζεται;
3046 1902 3262 1971 Ἐπειδὴ
3299 1900 3408 1974 γάρ
3448 1894 3554 1955 ὦδε

1975 1988 2243 2059 ἐκολάσθη
2288 1988 2451 2043 αὑτοῦ
2483 1989 2546 2043 τὸ
2580 1988 2760 2060 σῶμα,
2795 1991 2910 2042 ἐκεῖ
2939 1989 2999 2041 ού
3044 1986 3353 2051 κολάζεται.
3402 1984 3555 2040 Θέλω

1978 2070 2079 2143 [δὲ]
2100 2071 2287 2125 λοιπὸν
2325 2072 2495 2138 δεῖξαι
2523 2071 2616 2126 τὸν
2645 2069 2747 2126 ὦδε
2770 2072 3148 2143 τρυφήσαντα,
3177 2072 3295 2123 ἐκεῖ
3316 2070 3373 2124 δὲ
3394 2069 3557 2123 κολα-

1976 2154 2223 2225 ζόμενον.
2251 2151 2363 2210 Ἦν
2383 2172 2474 2222 τις
2497 2158 2815 2221 πλούσιος.
2854 2155 2993 2208 Ἀλλ’
3023 2156 3073 2207 εί
3107 2154 3205 2207 καὶ
3231 2152 3554 2225 προλαμϐά-

1974 2254 2094 2290 νετε
2128 2238 2228 2308 τὴν
2265 2238 2506 2309 ἱστορίαν
2554 2237 2650 2291 τοῦ
2683 2238 3044 2308 διηγήματος,
3084 2236 3413 2307 ἀναμείνατε
3455 2236 3554 2306 τὴν

1974 2319 2127 2375 λύσιν
2152 2320 2246 2374 τοῦ
2279 2321 2459 2391 λόγου·
2480 2321 2638 2375 τοῦτο
2656 2321 2766 2391 γάρ
2795 2321 2926 2390 ἐμὸν
2964 2320 3266 2391 ἐγκώμιον,
3296 2321 3392 2374 καὶ
3411 2320 3551 2390 ὑμέ-

1974 2420 2132 2476 τερος
2162 2403 2399 2471 ἔπαινος,
2429 2405 2730 2477 προοιμίων
2757 2404 3267 2474 καταϐαλλομένων,
3284 2404 3383 2474 ἤδη
3406 2404 3553 2474 ὑμᾶς

1974 2486 2067 2541 τὸν
2096 2489 2294 2558 στάχυν
2324 2488 2639 2559 δρέπεσθαι.
2671 2487 3038 2551 Διδασκάλους
3074 2488 3219 2558 ὑμᾶς
3258 2487 3554 2559 εἰργάσατο

1974 2573 2008 2641 ὴ
2042 2572 2270 2642 συνεχὴς
2309 2571 2420 2625 τῶν
2457 2570 2631 2639 λόγων
2682 2571 3001 2634 ἀπόλαυσις·
3050 2569 3165 2625 ἀλλ’
3198 2570 3385 2640 ἐπειδὴ
3433 2570 3553 2641 μεθ’

1976 2652 2130 2723 ὑμῶν
2177 2656 2285 2707 εἰσι
2325 2654 2420 2709 καὶ
2460 2653 2602 2721 ξένοι
2632 2654 2779 2718 τινὲς
2807 2653 3084 2719 εἰσιόντες,
3129 2652 3203 2725 μὴ
3242 2652 3466 2725 τρέχετε
3501 2662 3551 2712 ο,

1975 2737 2091 2791 ἀλλ’
2135 2737 2464 2806 ἀναμείνατε
2512 2738 2640 2802 τοὺς
2680 2736 3034 2807 χωλεύοντας.
3070 2736 3183 2790 Καὶ
3224 2734 3333 2806 γὰρ
3367 2737 3401 2804 ή
3437 2734 3555 2788 Ἐκ-

1976 2819 2174 2890 κλησία
2225 2819 2385 2890 σῶμά
2440 2821 2608 2873 ἐστιν·
2660 2819 2936 2890 ὀφθαλμὸν
2985 2819 3117 2888 εχει,
3169 2819 3266 2872 καὶ
3309 2817 3554 2889 κεφαλὴν

1974 2901 2108 2973 ἔχει.
2140 2902 2351 2973 Ὠσπερ
2395 2897 2489 2956 οὖν
2528 2902 2624 2956 ἐὰν
2661 2903 2695 2973 ἡ
2742 2902 2951 2974 πτέρνα
2982 2901 3199 2971 δέξηται
3230 2900 3488 2965 ἄκανθαν,
3522 2901 3553 2954 6

1973 2984 2248 3056 ὀφθαλμὸς
2275 2984 2426 3039 κάτω
2465 2983 2681 3048 κύπτει,
2711 2984 2872 3054 μέλος
2911 2982 2985 3037 ὢν
3020 2982 3115 3037 τοῦ
3156 2984 3425 3053 σώματος.
3455 2985 3553 3037 καὶ

1974 3070 2036 3121 ού
2064 3068 2232 3137 λέγει,
2272 3068 2490 3138 Ἐπειδὴ
2538 3068 2595 3121 ἐν
2631 3065 2755 3137 ὕψει
2792 3067 3058 3139 κάθημαι,
3095 3066 3420 3138 καταφρονῶ
3454 3068 3551 3122 τοῦ

1976 3150 2129 3204 κάτω
2154 3151 2367 3221 μέλους,
2402 3150 2537 3205 ἀλλά
2566 3150 2762 3204 κύπτει
2787 3150 2879 3204 καὶ
2912 3149 3311 3220 καταλιμπάνει
3344 3150 3405 3203 16
3426 3150 3553 3203 ἐαυ-

1974 3232 2069 3287 τοῦ
2134 3233 2287 3303 GLI/01'
2352 3233 2532 3288 καίτοι
2581 3233 2634 3287 τί
2682 3233 2920 3304 πτέρνης
2967 3232 3363 3302 εὐτελέστερον,
3410 3232 3443 3303 ἢ
3497 3232 3552 3286 τί

1974 3317 2253 3388 ὀφθαλμοῦ
2277 3317 2687 3389 εύγενέστερονς
2710 3317 2879 3388 ἀλλ’ἢ
2909 3316 3227 3387 συμπάθεια
3246 3316 3306 3370 τὸ
3330 3316 3554 3386 ἀνώμα-

1975 3402 2066 3455 λον
2092 3400 2391 3471 διώρθωσε,
2432 3402 2528 3455 καὶ
2565 3402 2599 3472 ἡ
2635 3401 2822 3470 ἀγάπη
2847 3401 2908 3454 τὸ
2942 3403 3051 3454 πάν
3098 3398 3379 3471 ἐκέρασεν·
3407 3399 3552 3454 οὕτω

1976 3483 2071 3538 καὶ
2115 3484 2178 3537 σὺ
2224 3484 2385 3537 ποίει·
2436 3483 2538 3537 κᾶν
2568 3483 2739 3553 ταχὺς
2773 3479 2860 3555 ᾖς,
2895 3481 2999 3537 κᾶν
3033 3483 3550 3554 παρεσκευασμένος

1976 3565 2113 3636 πρὸς
2160 3566 2443 3638 ἀκρόασιν,
2492 3565 2568 3637 μὴ
2621 3566 2751 3638 ἔχῃς
2800 3567 2856 3619 δὲ
2902 3566 3415 3638 παρακολουθοῦντα
3456 3566 3550 3621 τὸν

1976 3645 2206 3715 ἀδελφὸν
2248 3648 2360 3710 τοῖς
2399 3644 2912 3716 καταϐαλλομένοις,
2948 3646 3243 3717 καταϐήτω
3280 3648 3309 3700 ό
3346 3645 3550 3715 ὀφθαλ-

1979 3731 2078 3801 μός
2108 3745 2203 3783 σου
2233 3728 2369 3799 πρὸς
2394 3727 2491 3799 τὴν
2513 3728 2765 3800 πτέρναν·
2802 3729 3169 3799 συμπασχέτω
3191 3729 3271 3799 τῷ
3292 3728 3551 3798 χωλεύον-

1972 3830 2027 3866 τι
2076 3812 2249 3884 μέλει,
2292 3810 2431 3865 ὥστε
2468 3811 2543 3883 μὴ
2583 3810 2672 3865 διά
2712 3809 2812 3882 τὴν
2856 3811 2953 3880 σὴν
2984 3812 3279 3881 ταχυτῆτα,
3315 3812 3408 3864 καὶ
3450 3811 3549 3882 τὴν

1976 3894 2186 3950 ἐκείνου
2248 3893 2578 3966 βραδυτῆτα,
2637 3892 2843 3963 ἔρημον
2888 3892 3050 3946 αὑτὸν
3111 3894 3400 3963 ἀπομεῖναι
3450 3892 3547 3946 τοῦ

1976 3976 2126 4049 [778]
2162 3976 2341 4044 λόγου.
2392 3975 2483 4046 Μὴ
2512 3977 2577 4046 τῇ
2612 3975 2824 4028 συνέσει
2864 3976 2930 4045 τῇ
2973 3976 3038 4046 σῇ
3079 3976 3157 4037 εἰς
3199 3974 3407 4027 ἐκείνου
3444 3974 3552 4027 ἀπ-

1973 4059 2169 4115 ώλειαν
2221 4061 2531 4131 ἀποχρήσῃ,
2570 4057 2707 4113 ἀλλά
2734 4057 2896 4129 χάριν
2930 4058 3019 4129 ἔχε
3053 4057 3132 4129 τῷ
3160 4057 3279 4128 Θεῷ
3319 4056 3408 4111 διὰ
3448 4058 3550 4129 τὴν

1976 4144 2075 4216 σὴν
2095 4144 2390 4215 ταχυτῆτα.
2424 4141 2685 4206 Πλούσιος
2713 4137 2799 4207 εἷς
2835 4141 3012 4214 χαίρω
3041 4143 3136 4195 καὶ
3160 4139 3541 4211 εύφραίνομαι·

1974 4227 2088 4282 ἀλλ’
2117 4228 2323 4289 ἐκεῖνος
2361 4225 2442 4279 ἔτι
2470 4225 2716 4279 πένεται·
2744 4223 2930 4297 μὴδιά
2958 4224 3050 4278 τὸν
3081 4223 3171 4277 σὺν
3190 4222 3420 4278 πλοῦτον
3447 4241 3542 4294 με·

1975 4312 2113 4366 νέτω
2152 4312 2211 4365 ἐν
2234 4312 2300 4381 τῇ
2323 4308 2585 4379 πτωχείᾳ.
2619 4306 2895 4362 ’Δκανθαν
2924 4306 3035 4377 ἔχει
3067 4307 3291 4371 ἐκεῖνος,
3320 4306 3545 4380 τεθορυ-

1977 4393 2214 4465 ϐημένον
2256 4390 2534 4460 λογισμόν·
2577 4389 2715 4444 ἀλλά
2752 4388 3024 4461 κατάϐηθι
3063 4389 3198 4460 πρὸς
3235 4390 3418 4454 αὑτὸν,
3453 4391 3549 4444 καὶ

1977 4476 2124 4542 ἐξελε
2148 4474 2248 4545 τὴν
2270 4473 2532 4531 ἄκανθαν.
2551 4471 2616 4526 Τί
2648 4467 2741 4527 οὖν
2762 4489 2923 4543 φησιν
2942 4489 2957 4537 ;
2986 4469 3097 4527 Ἦν
3117 4490 3206 4540 τις
3227 4474 3544 4540 πλούσιος,

1976 4559 2221 4630 ὀνόματι,
2239 4557 2364 4630 οὐχὶ
2385 4551 2804 4627 πράγματι.Ἦν
2826 4573 2916 4621 τις
2930 4557 3247 4622 πλούσιος,
3261 4555 3548 4629 πορφύραν

1976 4641 2413 4712 ἐνδιδυσκόμενος
2440 4682 2456 4706 ,
2489 4637 2768 4717 τράπεζαν
2799 4638 3235 4712 παρατιθέμενος
3258 4639 3543 4709 πολυτελῆ,

1976 4725 2258 4799 κρατῆρας
2307 4723 2445 4793 ἔχων
2496 4723 2860 4794 ἐστεμμένους
2896 4722 3063 4789 οίνου,
3108 4722 3383 4793 συμπόσια
3423 4722 3544 4776 καθ’

1978 4808 2217 4879 ἑκάστην
2240 4806 2452 4878 ἡμέραν
2481 4807 2670 4861 ποιῶν·
2706 4806 2892 4879 ἕτερος
2921 4806 2980 4862 δέ
3010 4823 3095 4872 τις
3117 4802 3185 4880 ῆν
3212 4806 3404 4878 πένης,
3438 4805 3545 4860 Δά-

1977 4891 2141 4963 ζαρος
2162 4890 2404 4961 ὀνόματι.

2048 4974 2159 5025 Καὶ
2188 4971 2292 5030 ποῦ
2322 4972 2384 5025 τὸ
2407 4971 2578 5044 ὄνομα
2605 4972 2697 5027 τοῦ
2729 4971 3017 5036 πλουσίους
3047 4967 3318 5041 Οὐδαμοῦ·
3343 4968 3545 5023 ἀνώνυ-

1980 5072 2077 5126 μος
2119 5055 2398 5127 γάρίέστι.
2434 5055 2606 5119 Πόσος
2639 5055 2892 5118 πλοῦτος;
2926 5053 3021 5108 καὶ
3066 5054 3236 5124 ὄνομα
3268 5050 3416 5122 αὐτῷ
3448 5051 3544 5121 οὐχ

1975 5136 2306 5211 εὑρίσκεται.
2338 5138 2494 5201 Ποῖος
2548 5137 2776 5201 πλοῦτος
2826 5131 3012 5202 οὖτος;
3067 5135 3289 5206 Δένδρον
3328 5134 3544 5204 φύλλοις

1980 5219 2081 5290 μὲν
2133 5220 2339 5291 κομῶν,
2390 5220 2602 5291 καρποῦ
2640 5220 2696 5273 δὲ
2741 5219 3205 5291 ἀπεστερημένον,
3247 5218 3378 5290 δρῦς
3410 5219 3544 5289 πρὸς

1977 5302 2108 5372 ὕψος
2156 5304 2552 5373 ἀνατεταμένη,
2606 5301 2824 5370 ἀλόγοις
2856 5301 3061 5374 τροφὴν
3099 5301 3411 5373 παρέχουσα
3447 5303 3545 5372 τὴν

1978 5385 2226 5454 βάλανον,
2285 5386 2571 5458 ἄνθρωπος
2622 5385 2724 5438 οὐκ
2783 5383 2920 5454 ἔχων
2967 5384 3254 5457 ἀνθρώπου
3309 5386 3543 5456 καρπόν.

1978 5467 2149 5521 Ὀπου
2182 5467 2291 5536 γὰρ
2324 5465 2552 5529 πλοῦτος
2584 5467 2678 5519 καὶ
2724 5467 2990 5538 ἁρπαγαὶ,
3021 5467 3183 5531 λύκος
3215 5469 3244 5521 6
3283 5466 3530 5540 βλεπόμε·

1976 5567 2085 5614 νος·
2114 5552 2246 5605 ὅπου
2275 5549 2504 5615 πλοῦτος
2526 5550 2621 5605 καὶ
2649 5549 2929 5621 θηριωδία,
2954 5551 3140 5607 λέοντα
3164 5551 3295 5625 όρῶ,
3330 5555 3426 5607 καὶ
3446 5554 3548 5607 εύκ

2034 5703 2063 5745 d
2091 5705 2214 5770 ﬂag.
2240 5719 2348 5755 cum
2381 5706 2529 5757 Savil.
2556 5710 2705 5770 ὑμῶν.

2042 5773 2066 5800 ⁸
2090 5766 2239 5816 ναῐίο.
2267 5770 2330 5830 μὴ
2348 5786 2422 5831 ιιι..
2439 5766 2714 5831 λαμϐάνετε.
3540 5825 3588 5868 Ι
