4030 6136
503 406 645 463 1053

492 521 794 592 ἄνθρωπον·
822 519 1068 575 ἀπώλεσε
1103 520 1201 594 τὴν
1232 523 1508 592 εὐγένειαν
1541 527 1608 595 τῇ
1645 525 1932 595 δυσγενείᾳ
1966 522 2065 594 τῆς

493 603 776 674 πονηρίας.
828 598 941 657 Ἦν
977 621 1069 671 τις
1101 606 1418 673 πλούσιος,
1460 607 1745 678 πορφύραν
1791 607 1912 661 καθ’
1940 606 2068 660 ἐκά-

494 703 628 757 στην
655 687 872 757 ἡμέραν
900 687 1358 760 ἐνδιδυσκόμενος,
1395 689 1492 762 τὴν
1520 690 1577 744 δὲ
1605 691 1783 762 ψυχὴν
1822 690 2067 762 ἀράχνης

489 768 696 838 γέμων,
741 767 913 840 μύρου
962 769 1162 835 πνέων,
1188 771 1454 838 δυσωδίας
1479 773 1538 826 δὲ
1587 773 2066 846 ἐμπεπλησμένος,

489 849 771 923 τράπεζαν
796 852 1226 924 παρατιθέμενος
1254 855 1545 927 πολυτελῆ,
1583 858 1919 929 παρασίτους
1942 856 2067 926 τρέ-

490 951 606 1003 φων
631 935 724 988 καὶ
743 934 1002 1000 κόλακας,
1024 936 1122 1008 τὴν
1148 937 1341 1010 δούλην
1372 939 1601 993 πιαίνων
1620 939 1718 1010 τὴν
1741 939 1939 1011 σάρκα,
1966 938 2066 1009 τὴν

486 1016 775 1072 δέσποιναν
796 1017 852 1071 δὲ
876 1020 974 1089 τὴν
1001 1019 1179 1090 ψυχὴν
1211 1021 1357 1093 λιμῴ
1385 1022 1748 1095 φθειρομένην
1773 1020 2061 1094 περιορῶν·

487 1101 901 1174 κατεστεμμένη
936 1096 1085 1174 αὐτῷ
1110 1105 1143 1176 ἠ
1173 1105 1340 1170 οίκία,
1368 1106 1464 1160 καὶ
1489 1107 1518 1159 6
1548 1106 1647 1176 τῆς
1678 1106 1950 1177 ἁμαρτίας
1978 1104 2066 1158 θε-

491 1182 675 1252 μέλιος
737 1186 1143 1255 κεκονιαμένος·
1212 1189 1271 1242 ἐν
1334 1188 1462 1258 οίνῳ
1524 1189 1625 1258 τὴν
1680 1188 1856 1260 ψυχὴν
1924 1187 2064 1259 ἔχων

486 1268 1006 1339 κατορωρυγμένην.
1057 1264 1168 1323 Ἦν
1220 1269 1403 1325 τοίνυν
1464 1272 1495 1323 6
1552 1271 1808 1335 πλούσιος
1858 1272 2064 1334 ἐκεῖνος

487 1346 766 1418 τράπεζαν
815 1349 956 1419 ἔχων
1016 1351 1303 1423 πολυτελῆ,
1351 1356 1637 1425 κρατῆρας
1696 1353 2066 1425 ἐστεμμένους

486 1429 653 1493 οἴνου,
681 1432 1016 1502 παρασίτους
1050 1434 1265 1505 τρέφων
1305 1437 1399 1489 καὶ
1435 1437 1688 1501 κόλακας,
1731 1436 1791 1490 τὸ
1829 1435 2065 1507 πονηρὸν

485 1510 580 1565 τοῦ
612 1512 861 1567 διαϐόλου
896 1515 1141 1588 θέατρον,
1172 1519 1299 1581 τοὺς
1330 1517 1526 1584 λύκους
1559 1520 1686 1584 τοὺς
1729 1518 2065 1589 αἰχμαλωτί-

486 1598 678 1664 ζοντας
719 1601 947 1666 πολλοὺς
983 1604 1091 1658 τῶν
1136 1604 1528 1672 πλουτούντων,
1562 1608 1689 1671 τοὺς
1724 1607 2066 1679 ὠνουμένους

485 1681 587 1752 τῆς
624 1683 831 1749 οἰκείας
874 1687 1111 1759 γαστρὸς
1151 1690 1216 1760 τῇ
1256 1688 1542 1761 πλησμονῇ
1572 1691 1671 1762 τὴν
1700 1692 1924 1745 ἐκείνων
1966 1692 2065 1744 ἀπ-

483 1765 700 1831 ώλειαν,
751 1769 878 1832 τοὺς
908 1770 1074 1842 πολλῇ
1113 1774 1245 1843 τιμῇ
1287 1770 1382 1826 καὶ
1413 1773 1671 1846 κολακείᾳ
1710 1775 1801 1828 τὸν
1834 1773 2063 1830 πλοῦτον

485 1847 932 1921 λυμαινομένους.

555 1932 671 1987 Ούκ
730 1934 797 1989 άν
839 1952 923 1999 τις
963 1936 1199 2006 ἁμάρτοι
1230 1938 1356 2001 τοὺς
1383 1938 1656 2003 τοιούτους
1689 1939 1885 2005 λύκους
1908 1959 2067 2013 προσ-ο

484 2015 675 2085 ειπὼν,
733 2018 783 2071 οἳ
826 2019 1080 2092 καθάπερ
1119 2021 1390 2093 πρόϐατον
1419 2024 1511 2077 τὸν
1542 2024 1795 2078 πλούσιον
1823 2026 1880 2077 ἐν
1916 2026 2066 2097 μέσῳ

482 2099 761 2168 λαϐόντες,
802 2103 1088 2174 ἐπαίρουσι
1133 2106 1246 2168 τοῖς
1278 2106 1540 2171 ἐπαίνοις,
1575 2108 1671 2162 καί¹
1704 2107 1916 2177 φυσῶσι
1953 2112 2068 2173 τοῖς

487 2184 804 2255 ἐγκωμίοις,
827 2186 1042 2239 καὶούκ
1068 2188 1295 2256 ἀφιᾶσιν
1316 2189 1480 2243 αὑτὸν
1506 2190 1628 2244 οὐδὲ
1651 2190 1713 2249 τὸ
1731 2191 1887 2254 ἕλκος
1916 2191 2064 2255 ἰδεῖν,

485 2269 620 2322 ἀλλά
645 2268 936 2338 τυφλοῦσιν
962 2270 1128 2332 αὑτοῦ
1158 2270 1255 2342 τὴν
1281 2271 1538 2338 διάνοιαν,
1560 2276 1655 2329 καὶ
1685 2274 1939 2342 αὔξουσιν
1969 2275 2067 2329 αύ-

485 2351 580 2407 τοῦ
623 2354 725 2424 τὴν
767 2354 1051 2425 σηπεδόνα.
1110 2350 1245 2410 Εἶτα
1298 2357 1812 2428 καταλαμϐάνοντος
1870 2358 2064 2431 καιροῦ

488 2434 794 2506 μεταϐολῆς
826 2448 873 2503 ο,
898 2438 958 2491 ἐν
996 2441 1141 2510 φυγῇ
1183 2441 1232 2493 οἱ
1264 2439 1431 2510 φίλοι,
1462 2443 1521 2495 ἐν
1558 2442 1871 2512 συμπαθείᾳ.
1906 2444 2067 2512 ἡμεῖς

484 2519 535 2571 οἱ
578 2519 962 2590 ἐπιτιμῶντες·
1012 2523 1081 2575 τά
1131 2526 1448 2593 προσωπεῖα
1485 2525 1707 2579 ἐκείνων
1741 2524 2062 2587 κρύπτεται·

487 2603 626 2672 ὅπερ
647 2602 710 2671 δὴ
748 2603 841 2655 καὶ
877 2603 1135 2668 πολλάκις
1155 2605 1251 2659 νῦν
1271 2606 1517 2675 γέγονεν.

559 2679 733 2737 ε’.Ἦν
745 2683 922 2739 τοίνυν
942 2688 971 2739 6
998 2685 1250 2751 πλούσιος
1269 2689 1474 2752 ἐκεῖνος
1494 2688 1829 2761 παρασίτους
1849 2690 2065 2762 τρέφων

487 2767 584 2823 καὶ
616 2767 871 2832 κόλακας,
906 2768 1133 2842 θέατρον
1162 2772 1263 2844 τὴν
1296 2771 1474 2826 οἰκίαν
1517 2772 1902 2845 ἐργαζόμενος,
1936 2775 2066 2848 οίνῳ

486 2850 719 2906 ἕκαστον.
748 2852 975 2916 ἐκλύων,
1013 2856 1071 2907 ἐν
1102 2857 1373 2928 εὐημερίᾳ
1398 2856 1567 2929 πολλῇ
1608 2858 1916 2931 διατρίϐων·
1948 2860 2067 2914 ἐτε-

492 2950 587 3011 ρος
598 2934 653 2987 δέ
673 2953 755 2999 τις
780 2931 847 3008 ἦν
874 2934 1124 3008 Λάζαρος
1158 2938 1333 2993 ἐλκῶν
1356 2939 1564 3010 γέμων,
1594 2941 1730 3011 πρὸς
1758 2943 1849 2996 τὸν
1881 2942 2067 2997 πυλῶ-

486 3008 554 3069 να
583 3017 677 3072 τοῦ
709 3018 964 3074 πλουσίου
997 3008 1383 3094 καθεζόμενος,
1415 3008 1508 3077 καὶ
1537 3008 1820 3095 ἐπιθυμῶν
1847 3025 2063 3097 ψιχίων.

487 3100 661 3175 Παρὰ,
690 3102 790 3173 τὴν
829 3103 1011 3175 πηγὴν
1057 3103 1234 3174 ἐδίψα,
1279 3107 1339 3160 ἐν
1383 3107 1655 3180 εὐημερίᾳ
1689 3107 1989 3179 ἐλίμωττεν
2012 3107 2062 3166 δ.

487 3183 600 3238 Καὶ
628 3184 731 3237 ποῦ
761 3184 1021 3258 έρριπτος
1054 3187 1170 3249 Οὐκ
1213 3190 1294 3251 είς
1330 3189 1391 3242 τὸ
1423 3190 1683 3259 ἄμφοδον,
1718 3191 1817 3247 οὐκ
1856 3192 1935 3255 εἰς
1967 3191 2066 3263 ρύ-

492 3284 622 3337 μην,
668 3268 769 3322 ούκ
799 3271 880 3333 είς
914 3271 1208 3334 στενωπὸν,
1253 3271 1351 3324 οὐκ
1384 3273 1465 3335 είς
1487 3273 1657 3345 μέσην
1684 3273 1910 3345 ἀγοράν,
1949 3275 2065 3331 ἀλλ’

488 3351 571 3412 εἰς
591 3350 682 3404 τὸν
702 3351 923 3405 πυλῶνα
941 3352 1034 3406 τοῦ
1058 3354 1335 3419 πλουσίου,
1361 3355 1494 3417 ὅπου
1517 3355 1762 3424 ἀνάγκην
1783 3352 1928 3428 εἶχεν
1957 3359 2068 3411 είσ-

488 3432 622 3487 όδων
642 3436 736 3489 καὶ
757 3434 952 3500 ἐξόδων
978 3438 1006 3490 6
1027 3437 1280 3502 πλούσιος
1302 3449 1349 3503 ε,
1376 3439 1463 3492 ἵνα
1487 3439 1561 3511 μὴ
1588 3438 1645 3494 λέ
1657 3452 1744 3511 γη*
1768 3442 1882 3495 Ούκ
1907 3437 2063 3507 εἶδον,

489 3516 863 3590 παρέδραμον,
894 3519 994 3578 ούκ
1022 3515 1158 3582 εἶδόν
1188 3538 1289 3591 μου
1320 3522 1368 3574 οἱ
1399 3521 1683 3593 ὀφθαλμοί.
1712 3524 1807 3588 Εἰς
1827 3524 1926 3598 τὴν
1955 3524 2066 3578 εἰσ-

489 3599 608 3680 οδόν
649 3616 740 3655 σου
783 3604 982 3664 κεῖται,
1021 3605 1050 3657 6
1080 3605 1425 3677 μαργαρίτης
1480 3607 1537 3659 ἐν
1572 3606 1837 3680 βορϐόρῳ,
1875 3609 1967 3663 καὶ
2004 3611 2065 3664 ού

493 3679 746 3749 βλέπειςς
769 3684 797 3735 6
830 3684 1011 3755 ίατρδς
1035 3683 1186 3758 [779]
1217 3688 1367 3759 παρὰ
1394 3688 1484 3740 τὸν
1514 3688 1756 3753 πυλῶνα,
1783 3679 1876 3745 καὶ
1895 3692 1954 3745 ού
1980 3692 2069 3747 θε-

493 3762 740 3835 ραπεύῃς
774 3765 802 3818 6
840 3766 1180 3844 κυϐερνήτης
1217 3769 1275 3822 ἐν
1315 3768 1394 3839 τῷ
1440 3770 1639 3841 λιμένι,
1681 3774 1775 3825 καὶ
1812 3774 2068 3844 ναυάγιον

493 3845 820 3939 ὑπομένεις-ς
849 3838 1442 3939 παρασίτουςῌτρέφεις.
1467 3838 1560 3906 καὶ
1587 3855 1829 3939 πένητας
1860 3858 1920 3911 οὐ
1943 3838 2069 3939 τρέ,

492 3944 644 4013 φεις;
667 3930 926 4013 λἘγίνετο
958 3934 1079 3987 τότε
1116 3934 1308 3999 ταῦτα,
1342 3935 1549 4003 γίνεται
1580 3936 1637 3990 δὲ
1676 3939 1770 3992 καὶ
1805 3930 2064 4013 σήμερον.

491 4009 591 4073 ᾼιά
618 4011 726 4084 γὰρ
753 4014 912 4069 τοῦτο
945 4017 1128 4070 ἐκεῖνα
1147 4015 1174 4057 (ι
1200 4017 1529 4089 γέγραπται,
1562 4019 1648 4073 ἵνα
1668 4022 1717 4073 οἱ
1736 4009 2067 4091 μετάήταῦτα

491 4095 602 4161 ἀπὸ
639 4097 749 4159 τῶν
790 4102 1129 4171 πραγμάτων
1168 4102 1519 4163 παιδευθῶσι.
1565 4104 1658 4158 καὶ
1705 4105 1780 4177 μὴ
1824 4106 2067 4167 πάθωσιν

491 4181 694 4246 ἐκεῖνα,
721 4183 866 4255 ειπερ
887 4184 1088 4241 ἔπαθεν
1114 4178 1290 4249 οὗτος.
1313 4186 1531 4242 ’Έκειτο
1555 4187 1734 4242 τοίνυν
1767 4190 1825 4243 ἐν
1852 4189 1930 4262 τῷ
1962 4209 2067 4245 πυ-

493 4263 623 4317 λῶνι
652 4266 680 4317 6
707 4266 892 4336 πένης·
921 4269 1088 4338 πένης
1113 4269 1213 4339 μὲν
1238 4268 1457 4334 ἔξωθεν,
1486 4269 1738 4336 πλούσιος
1765 4273 1822 4340 δέ
1843 4273 2063 4333 ἐσωθεν·

492 4346 671 4403 ἔκειτο
698 4349 1018 4421 ήλκωμένος
1046 4351 1109 4404 τὸ
1142 4351 1321 4422 σῶμα·
1352 4352 1623 4426 θησαυρὸς
1664 4353 1870 4412 ἄνωθεν
1900 4360 2068 4415 ἀκάν-

493 4429 594 4493 θας
634 4431 793 4501 ἔχων,
828 4433 1071 4488 κάτωθεν
1125 4435 1182 4487 δὲ
1225 4436 1592 4507 μαργαρίτας.
1646 4436 1711 4494 Τί
1754 4440 1862 4513 γάρ
1917 4442 2068 4515 αύτῷ

493 4514 692 4601 βλάϐος
726 4516 834 4601 ἀπὸ
861 4517 961 4587 τῆς
986 4518 1297 4589 ἀρρωστίας
1326 4518 1418 4573 τοῦ
1458 4519 1731 4592 σώματος,
1758 4510 1859 4595 τῆξ
1890 4510 2068 4601 ψυχῆς
2102 4510 2109 4517 ’

494 4598 879 4670 ὑγιαινούσηςς
914 4600 1283 4657 Ἀκουέτωσαν
1325 4603 1376 4656 οἱ
1413 4603 1667 4677 πένητες,
1705 4607 1801 4667 καὶ
1831 4609 1905 4683 μὴ
1933 4598 2068 4666 ἀπὸ-

493 4684 846 4754 πνιγήτωσαν
878 4693 902 4723 ε
930 4683 1037 4747 ἀπὸ
1053 4684 1154 4754 τῆς
1174 4684 1429 4757 ἀθυμίας·
1459 4689 1804 4745 ἀκουέτωσαν
1827 4693 1877 4746 οἱ
1902 4694 2068 4749 πλού-

494 4784 622 4832 σιοι,
648 4766 741 4851 καί
776 4767 1262 4851 μεταϐαλέσθωσαν
1289 4768 1398 4823 ἀπὸ
1413 4771 1512 4842 τῆς
1528 4773 1809 4844 πονηρίας.
1833 4775 1931 4830 Διά
1959 4779 2068 4851 γάρ

492 4851 652 4905 τοῦτο
675 4845 833 4905 αὗται
866 4853 921 4904 at
949 4850 1043 4904 δύο
1078 4853 1212 4925 ἡμῖν
1237 4854 1444 4918 εἰκόνες
1470 4855 1810 4929 πρόκεινται,
1834 4845 2066 4917 πλούτου

494 4935 590 4997 καὶ
631 4934 838 4999 πενίας,
862 4935 1144 5008 ὠμότητος
1180 4940 1274 4992 καὶ
1310 4939 1622 5012 καρτερίας,
1656 4941 1934 5015 ὑπομονῆς
1976 4948 2069 5002 καὶ

493 5017 829 5082 πλεονεξίας,
868 5019 936 5071 ἵν’
977 5019 1104 5079 ὅταν
1156 5020 1272 5094 ίδῃς
1316 5022 1524 5093 πένητα
1589 5024 1927 5095 ἡλκωμένον,
1977 5031 2070 5093 καὶ

494 5104 1024 5176 καταφρονούμενον,
1076 5104 1150 5178 μὴ
1197 5105 1359 5158 αὑτὸν
1409 5105 1719 5179 ταλανίσῃς·
1783 5110 1910 5166 ὅταν
1954 5114 2070 5187 ἴδῃς

498 5187 751 5243 πλούσιον
800 5189 1310 5261 καλλωπιζόμενον,
1374 5190 1448 5261 μὴ
1513 5191 1677 5245 αὐτὸν
1732 5196 2065 5269 μακαρίσῃς.

508 5271 809 5344 Ἀνάδραμε
874 5274 966 5326 ἐπὶ
1011 5274 1110 5345 τὴν
1160 5272 1496 5344 παραϐολήν·
1542 5274 1637 5328 ἐάν
1673 5274 1874 5351 θορυϐῇ
1909 5295 1969 5332 σε
2008 5281 2069 5334 τὸ

496 5355 754 5423 ναυάγιον
783 5354 892 5409 τῶν
919 5356 1216 5428 λογισμῶν,
1244 5356 1419 5428 δράμε
1446 5357 1539 5412 ἐπὶ
1558 5357 1651 5411 τὸν
1684 5358 1896 5430 λιμένα,
1936 5363 2069 5419 λαϐὲ

495 5437 603 5499 ἀπὸ
632 5438 735 5508 τῆς
760 5438 1063 5511 διηγήσεως
1094 5440 1464 5512 παραμυθίαν,
1485 5441 1735 5513 ἐννόησον
1778 5444 1868 5505 τὸν
1895 5446 2074 5514 Λάζα-⁴

533 5573 1229 5661 ε
1251 5577 1415 5641 μεταϐ.
1442 5574 1567 5626 Infra
1592 5577 1724 5626 idem
1746 5578 1826 5625 καὶ
1844 5580 2070 5637 πολλάκις

496 5638 680 5734 γέγονεν
703 5641 756 5682 ει
774 5638 1065 5744 παρνασίτους
1087 5638 1226 5700 ἔχων.
1254 5638 1263 5641 ⁷

568 5760 578 5762 -
614 5695 807 5762 128ml-
862 5696 1278 5762 ;éwepquM
1298 5699 1512 5762 ἐτήκετο·
1602 5752 1623 5762 ς

561 5760 583 5788 ο
621 5758 819 5826 Βςηιθι.
838 5758 998 5826 εἰσιὼν
1018 5758 1099 5807 καὶ
1117 5758 1266 5814 ’ἐξιὼν
1289 5762 1315 5807 6
1335 5760 1574 5817 πλούσιος.
1600 5760 1663 5811 Et
1680 5762 1826 5826 paulo
1847 5768 1957 5826 post
1980 5765 2067 5815 οὐκ

499 5820 643 5888 ιῖγδρν,
658 5817 738 5864 ὅτε
766 5818 1079 5888 παρέδραμον.

559 5878 582 5915 τ’
611 5878 780 5925 Henzel
791 5913 801 5923 .
827 5878 993 5924 έκεῖνο.

568 5945 593 5982 ρ
611 5938 807 5995 ncnzel.
829 5938 891 5999 μὴ
916 5938 1255 5992 ἀθυμείτωσανπ

1190 399 1247 455 S.
1289 397 1577 455 JOANNIS
1611 377 2104 456 CHRYSOSTOMI
2142 398 2461 455 ARCIIIEP.
2493 399 3039 458 CONSTANTINOP.

3588 403 3698 460 1034

2179 539 2269 594 ρον
2308 522 2839 595 καταφρονούμενον,
2871 525 3126 592 ἐννόησον
3157 520 3248 573 τὸν
3277 516 3521 571 πλούσιον
3545 519 3704 590 εὐημε-

2179 609 2373 677 ροῦντα
2414 608 2509 661 καὶ
2542 604 2885 661 ἀπολαύοντα
2913 605 3144 675 τρυφῆς,
3174 601 3270 655 καὶ
3302 599 3463 671 μηδέν
3494 616 3547 654 σε
3570 602 3704 674 θορν-

2175 689 2338 743 6είτω
2371 689 2485 743 τῶν
2512 691 2572 743 ἐν
2595 685 2673 758 τῷ
2707 684 2815 758 βίῳΔ
2830 686 3151 757 γινομένων.
3200 684 3325 738 Ἐὰν
3356 682 3463 754 γὰρ
3486 683 3704 756 λογισμὸν

2173 772 2307 846 ἔχῃς
2338 771 2739 844 ήκριϐωμένον,
2763 771 2826 825 ού
2849 767 3098 842 βαπτίζει
3116 784 3176 821 σε
3208 765 3279 820 τὰ
3306 765 3537 836 κύματα,
3560 768 3613 820 οὐ
3634 769 3697 836 γί-

2173 872 2327 910 νεται
2365 854 2697 927 ὑποϐρύχιον
2739 853 2802 906 16
2843 852 3046 915 πλοῖον,
3084 850 3180 904 ἐὰν
3220 853 3288 923 τῇ
3337 849 3588 920 διακρίσει
3619 850 3707 904 τῶν

2172 938 2453 1011 λογισμῶν
2476 939 2695 1010 διαιρῇς
2718 936 2828 991 τῶν
2861 936 3205 1007 πραγμάτων
3228 934 3327 1004 τὴν
3351 932 3523 1002 φύσιν.
3551 933 3609 986 Τί
3637 950 3708 1004 μοι

2172 1022 2373 1091 λέγεις,
2403 1022 2477 1076 Τὸ
2509 1020 2671 1090 σῶμά
2706 1037 2806 1091 μου
2841 1021 3290 1091 πενοχωρεῖται;
3323 1017 3390 1069 Ἠ
3418 1015 3609 1070 διάνοιά
3633 1033 3709 1070 σου

2176 1106 2252 1178 μὴ
2287 1104 2667 1178 παραϐλαϐείη
2704 1103 2748 1159 ί.
2794 1102 2853 1157 Ὀ
2888 1102 3035 1157 δεῖνα
3073 1100 3325 1165 πλούσιος
3359 1101 3454 1154 καὶ
3491 1101 3707 1173 πονηρός·

2172 1190 2268 1244 καὶ
2294 1190 2346 1244 τί
2372 1188 2531 1244 τοῦτο
2565 1189 2591 1229 ε
2610 1205 2624 1253 ;
2663 1186 2780 1240 ἀλλ’
2814 1189 2848 1259 η
2880 1187 3049 1241 κακία
3088 1185 3189 1239 οὐκ
3237 1186 3491 1261 αἰσθητή.
3521 1186 3603 1256 Μή
3639 1203 3711 1257 μοι

2171 1272 2282 1328 ἀπὸ
2304 1273 2416 1327 τῶν
2445 1271 2646 1339 ἔξωθεν
2668 1269 2760 1325 τὸν
2782 1269 3090 1343 ἄνθρωπον,
3124 1267 3262 1323 ἀλλά
3292 1267 3404 1322 τῶν
3439 1268 3628 1322 ἔνδοθεν
3646 1269 3712 1323 6o-

2172 1355 2393 1427 κίμαζε.
2437 1354 2562 1408 Ἐὰν
2595 1353 2711 1424 ίδῃς
2737 1353 2972 1424 δένδρον,
2999 1352 3067 1406 τὰ
3092 1351 3264 1421 φύλλα
3289 1350 3714 1421 καταμανθάνεις,

2171 1438 2205 1511 ἢ
2235 1438 2329 1493 τὸν
2356 1438 2605 1509 καρπόν;
2635 1436 2793 1491 Οὖτω
2820 1437 2885 1509 δὴ
2928 1437 3020 1491 καὶ
3052 1437 3145 1490 ἐπὶ
3171 1435 3267 1489 τοῦ
3301 1433 3602 1504 ἀνθρώπου,
3635 1435 3716 1491 ἐὰν

2174 1521 2290 1595 ἴδῃς
2310 1522 2617 1594 ἄνθρωπον,
2665 1520 2740 1592 μὴ
2768 1521 2837 1575 τά
2871 1520 3072 1586 ἔξωθεν
3104 1517 3385 1591 δοκίμαζε,
3417 1519 3546 1574 ἀλλά
3564 1519 3624 1573 τὰ
3648 1519 3717 1572 ἐν,

2171 1592 2345 1671 δοθεν·
2390 1592 2481 1659 τὸν
2510 1603 2723 1675 καρπὸν
2756 1605 3164 1676 καταμάνθανε,
3200 1602 3295 1657 καὶ
3331 1601 3407 1674 μὴ
3449 1601 3516 1656 τά
3553 1601 3716 1671 φύλλα.

2172 1690 2399 1761 Μήποτε
2435 1690 2724 1762 ἁγριελαία
2749 1690 2848 1760 μέν
2877 1688 3013 1751 ἔστι,
3040 1687 3320 1760 νομίζεται
3343 1686 3400 1740 δὲ
3432 1684 3592 1739 ἐλαία·
3628 1685 3717 1756 μή·

2173 1788 2306 1827 ποτε
2341 1773 2509 1838 λύκος
2545 1776 2644 1845 μέν
2681 1774 2817 1839 ἔστι,
2850 1773 3130 1843 νομίζεται
3172 1772 3229 1826 δέ
3258 1766 3398 1825 εῖναι
3448 1769 3718 1841 ἄνθρωπος.

2172 1856 2265 1929 Μὴ
2306 1856 2486 1910 τοίνυν
2520 1858 2630 1912 ἀπὸ
2665 1858 2763 1930 τῆς
2796 1856 3011 1927 φύσεως
3042 1855 3456 1926 καταμάνθανε,
3491 1852 3596 1906 ἀλλ’
3631 1850 3721 1903 ἀπὸ

2116 1996 2122 2002 ,
2173 1942 2272 2013 τῆς
2304 1941 2699 2014 προαιρέσεως,
2739 1942 2812 2013 μὴ
2859 1940 2968 1994 ἀπὸ
2995 1939 3096 2009 τῆς
3123 1939 3320 2008 ὅψεως,
3356 1937 3474 1992 ἀλλ’
3510 1935 3608 1989 ἀπὸ
3638 1932 3721 2000 τῆς

2174 2022 2420 2094 γνώμης·
2460 2026 2556 2078 κα)⁵
2587 2025 2692 2078 οὐκ
2727 2024 2836 2078 ἀπὸ
2868 2023 2970 2092 τῆς
3001 2022 3228 2093 γνώμης
3269 2020 3455 2092 μόνον,
3490 2016 3618 2072 άλλὰ
3643 2014 3723 2073 καὶ

2174 2107 2538 2177 περιεργάζου
2577 2105 2744 2161 αὑτοῦ
2792 2106 2882 2161 τὸν
2915 2104 3049 2177 βίον.
3097 2105 3161 2158 Et
3206 2101 3574 2173 φιλοπτωχίαν
3607 2098 3719 2174 ἔχει,

2173 2187 2460 2260 ἄνθρωπός
2518 2191 2686 2243 ἐστιν·
2725 2190 2774 2242 εί
2816 2189 2872 2243 δέ
2901 2191 2962 2244 ἐν
2994 2186 3289 2258 ἐμπορίαις
3329 2183 3727 2253 ἀναστρέφεται,

2172 2268 2304 2341 δρῦς
2337 2272 2505 2325 ἐστιν·
2557 2274 2606 2325 εί
2637 2272 2694 2325 δὲ
2732 2272 2889 2343 θυμῷ
2927 2269 3199 2342 θηριώδης
3227 2269 3365 2331 ἐστὶ,
3400 2266 3535 2320 λέων
3578 2263 3723 2347 ἐστίν·
3758 2338 3763 2347 1

2174 2355 2223 2406 εἰ
2262 2353 2319 2407 δὲ
2358 2353 2542 2425 ἅρπαξ
2587 2355 2724 2419 ἐστὶ,
2767 2354 2931 2417 λύκος
2968 2353 3134 2406 ἐστίν·
3179 2353 3229 2405 εί
3260 2350 3318 2404 δέ
3347 2347 3578 2411 θπουλός
3606 2346 3726 2407 ἐστι,

2173 2435 2339 2499 ἀσπίς
2359 2437 2496 2491 ἐστι.
2534 2437 2642 2490 Καὶ
2679 2437 2800 2491 είπέ
2822 2454 2836 2469 ·
2877 2434 3020 2505 Ἐγὼ
3043 2435 3328 2507 ἄνθρωπον
3355 2432 3525 2505 ζητῶ,
3558 2429 3608 2481 τί
3650 2444 3727 2498 μοι

2174 2517 2383 2584 ἔδειξας
2419 2519 2608 2591 θηρίον
2641 2520 2761 2574 ἀντὶ
2792 2517 3112 2591 ἀνθρώπους
3138 2516 3293 2572 Μάθε
3326 2515 3380 2568 τί
3425 2531 3549 2567 ποτε
3580 2509 3729 2580 ἀρετὴ

2173 2601 2485 2675 ἀνθρώπου,
2517 2602 2612 2657 καὶ
2641 2604 2716 2675 μὴ
2745 2601 2998 2674 θορυϐοὖ.
3029 2597 3136 2654 Ἦν
3161 2598 3341 2652 τοίνυν
3367 2599 3400 2651 6
3425 2596 3659 2665 Λάζαρος
3679 2593 3731 2643 ἐν

2172 2684 2250 2756 τῷ
2275 2685 2480 2739 πυλῶνι
2503 2685 2777 2757 κείμενος,
2803 2681 3306 2769 ἡλκωμένος,-λιμῷ
3342 2681 3656 2769 τηκόμενος·
3686 2675 3735 2769 οξ

2172 2768 2230 2822 δὲ
2258 2769 2419 2834 κύνες
2452 2771 2738 2842 ἐρχόμενοι
2769 2769 2974 2840 ἐλειχον
3004 2765 3169 2821 αὑτοῦ
3205 2766 3274 2820 τὰ
3310 2764 3730 2851 τραύματαίτοιξ

2172 2852 2461 2927 ἀνθρώπου
2506 2855 2556 2907 οἱ
2599 2853 2764 2918 κύνες
2797 2851 3294 2923 φιλανθρωπότεροι
3338 2848 3549 2919 ἐλειχον
3585 2844 3737 2927 αὐτού

2172 2936 2243 2991 τά
2283 2925 2610 3009 τραύματα,
2661 2937 2757 2991 καὶ
2809 2937 2908 3009 τὴν
2975 2935 3242 3005 σηπεδόνα
3299 2933 3596 3006 περιῄρουν
3651 2925 3737 2981 κσῖι

2173 3020 2544 3092 ἐξεκάθαιρον.
2576 3022 2795 3075 Ἐκειτο
2822 3020 2877 3074 δὲ
2908 3021 3118 3082 ἐκεῖνος
3151 3017 3409 3089 καθάπερ
3446 3014 3657 3087 χρυσίον
3685 3011 3737 3063 ἐν

2173 3104 2391 3176 καμίνῳ
2423 3103 2962 3177 παρακαθεζόμενος,
3001 3103 3096 3163 καὶ
3130 3100 3504 3171 δοκιμώτερος
3537 3093 3736 3166 γινόμε-

2173 3205 2283 3252 νος·
2325 3189 2426 3242 οὐκ
2457 3184 2612 3242 εἶπεν
2657 3187 2685 3241 6
2722 3187 2907 3242 πολλοὶ
2941 3186 3048 3239 τῶν
3085 3187 3353 3257 πενήτων·
3398 3182 3581 3237 Ταῦτα
3620 3193 3737 3250 προς

2173 3274 2320 3338 νοίας
2340 3290 2355 3338 ;
2379 3270 2488 3343 ἆρα
2514 3272 2645 3336 Θεὸς
2666 3272 2836 3344 ἐφορᾷ
2859 3271 2925 3324 τά
2946 3268 3292 3341 ἁνθρώπινα;
3321 3268 3441 3337 ἐγὼ
3468 3268 3526 3320 ὲν
3552 3264 3738 3317 δικαιο-

2174 3356 2332 3429 σύνῃ,
2366 3357 2461 3410 καὶ
2492 3356 2747 3426 πένομαι,
2781 3354 2876 3408 καὶ
2904 3348 3060 3418 οὗτος
3094 3353 3152 3406 ἐν
3177 3351 3367 3435 ἀδικίᾳ
3394 3352 3446 3417 ιι,
3474 3350 3568 3435 καὶ
3595 3346 3740 3435 πλουί

2172 3441 2291 3504 τεῖ;
2341 3439 2509 3493 Ούδέν
2545 3437 2751 3492 τούτων
2797 3437 3100 3505 ἐλογίσατο,
3147 3434 3283 3490 ἀλλά
3314 3432 3632 3506 παρεχώρει
3671 3432 3740 3494 τῷ

2174 3520 2547 3594 ἀκαταλήπτῳ
2572 3522 2672 3592 τῆς
2701 3521 2797 3574 τοῦ
2827 3519 2962 3573 Θεοῦ
2993 3518 3432 3591 φιλανθρωπίας·
3465 3515 3563 3587 τὴν
3580 3509 3745 3583 ψυχὴν

2173 3604 2272 3676 τὴν
2309 3606 2503 3660 ἐαυτοῦ
2538 3605 2894 3675 ἀποσμήχων,
2936 3603 3036 3673 τὴν
3072 3601 3373 3674 καρτερίαν
3423 3600 3624 3671 φέρων,
3652 3595 3741 3664 τὴν

2174 3689 2450 3761 ὑπομονὴν
2485 3688 2633 3762 [78οἶ
2664 3686 3091 3758 ἐνδεικνύμενος,
3123 3686 3382 3757 κείμενος
3413 3683 3494 3755 τῷ
3521 3679 3739 3762 σώματι.

2174 3774 2270 3827 καὶ
2301 3761 2511 3845 τρέχων
2538 3775 2605 3844 τῇ
2646 3771 2873 3843 διανοίᾳ,
2916 3769 3296 3842 ἐπτερωμένος
3334 3771 3407 3840 τῇ
3452 3765 3665 3836 γνώμῃ.
3690 3761 3743 3813 τὸ

2178 3856 2427 3929 βραϐεῖον
2453 3856 2734 3928 ἁρπάζων,
2765 3854 2964 3919 ἀναδὺς
2981 3854 3090 3907 τῶν
3114 3853 3320 3915 κακῶν,
3357 3852 3456 3907 καὶ
3477 3850 3586 3907 τῶν
3618 3849 3744 3916 ἀγα-

2175 3939 2284 3993 θῶν
2315 3940 2543 4011 μάρτυς.
2574 3940 2688 3992 Ούκ
2727 3933 2880 3993 εἶπεν
2905 3954 2919 3970 ·
2955 3939 3255 4010 Παράσιτοι
3295 3937 3445 4008 μετὰ
3480 3932 3747 4003 δαψιλείας

2175 4022 2528 4087 ἀπολαύουσι,
2554 4020 2665 4090 ἐγὼ
2684 4022 2741 4076 δέ
2760 4021 2957 4093 ψιχίων
2986 4022 3047 4075 οὐ
3073 4019 3331 4087 καταξιοῦ
3340 4037 3468 4091 μαι·
3500 4017 3634 4073 ἀλλά
3663 4015 3742 4079 τίς

2175 4106 2529 4176 Ηύχαρίστει,
2568 4106 2663 4157 καὶ
2696 4104 2911 4171 ἐδόξαζε
2944 4103 3036 4157 τὸν
3068 4102 3221 4157 Θεόν.
3258 4104 3522 4172 Ἐγένετο
3558 4098 3749 4155 ἀποθα-

2174 4190 2285 4242 νεῖν
2304 4186 2520 4252 αύτούς·
2549 4187 2820 4242 ἀπέθανεν
2839 4189 2868 4240 6
2897 4185 3170 4251 πλούσιος,
3194 4186 3287 4239 καὶ
3314 4188 3523 4257 ἐτάφη·
3551 4180 3745 4252 ἀπῆλθε

2174 4270 2270 4327 καὶ
2298 4273 2326 4324 6
2351 4270 2620 4343 Λάζαρος·
2647 4270 2708 4324 οὐ
2731 4271 2841 4341 γάρ
2867 4269 2933 4325 ἂν
2964 4270 3193 4341 εἴποιμι,
3218 4270 3489 4323 ἀπέθανε.
3523 4265 3629 4322 Τοῦ
3659 4264 3749 4335 μὲν

2173 4353 2284 4426 γάρ
2308 4354 2563 4407 πλουσίου
2603 4355 2631 4407 6
2660 4353 2888 4417 θάνατος
2913 4354 3143 4418 θάνατος
3172 4353 3267 4409 καὶ
3299 4354 3482 4422 τάφος
3506 4354 3551 4415 ἱ,
3584 4349 3673 4403 τοῦ
3698 4347 3748 4403 δέ

2175 4439 2406 4508 πένητος
2451 4437 2481 4493 ὁ
2531 4435 2760 4501 θάνατος
2800 4436 3100 4508 ἀποδημία,
3146 4436 3239 4491 καὶ
3287 4435 3431 4507 πρὸς
3468 4435 3538 4488 τὰ
3571 4431 3748 4505 βελτίω

2177 4522 2528 4593 μετάστασις,
2563 4520 2658 4575 καὶ¹
2681 4519 2789 4574 ἀπὸ
2806 4519 2900 4573 τοῦ
2931 4520 3252 4590 σκάμματος
3288 4518 3389 4573 ἐπὶ
3437 4518 3513 4573 τὰ
3537 4515 3751 4589 βραδεῖα

2173 4606 2202 4659 6
2231 4604 2429 4676 δρόμος
2455 4643 2470 4667 ,
2498 4603 2607 4657 ἀπὸ
2629 4602 2724 4660 τοῦ
2756 4603 3021 4671 πελάγους
3046 4602 3138 4655 ἐπὶ
3165 4602 3256 4658 τὸν
3281 4600 3631 4673 λιμένα,άπδ
3660 4598 3751 4666 τῆς

2176 4685 2531 4758 παρατάξεως
2557 4685 2649 4740 ἐπὶ
2674 4686 2733 4739 τὸ
2759 4686 3038 4757 τρόπαιον,
3086 4685 3194 4739 ἀπὸ
3225 4685 3335 4738 τῶν
3390 4685 3640 4752 ἱδρώτων
3669 4680 3751 4736 ἐπὶ

2173 4770 2267 4823 τὸν
2288 4769 2569 4839 στέφανον.
2605 4768 2875 4835 Ἀπῆλθον
2895 4768 3192 4839 ἀμφότεροι
3216 4770 3349 4831 ἐκεῖ,
3379 4767 3525 4822 ὀποῦ
3549 4767 3616 4821 τὰ
3635 4765 3751 4832 άλη-

2175 4849 2298 4906 θινά
2323 4852 2645 4924 πράγματα·
2678 4850 2851 4923 ἐλύθη
2880 4850 2942 4905 16
2971 4851 3217 4923 θέατρον,
3252 4850 3347 4904 καὶ
3390 4846 3751 4921 ἀπεκαλύφθη

2173 4935 2243 4991 τὰ
2264 4937 2604 5008 προσωπεῖα.

2246 5018 2514 5091 Καθάπερ
2536 5017 2645 5090 γὰρ
2672 5018 2731 5074 ἐν
2759 5017 2834 5088 τῷ
2863 5017 3075 5090 θεάτρῳ
3112 5017 3287 5088 τούτῳ
3326 5018 3390 5070 ἐν
3441 5012 3752 5089 μεσημϐρίᾳ

2179 5102 2320 5179 μέσῃ
2350 5102 2830 5171 παραπετάσματα
2863 5100 3093 5168 γίνεται,
3125 5101 3220 5152 καὶ
3255 5101 3611 5171 εἰσέρχονται
3639 5095 3756 5179 πολέ

2175 5183 2258 5237 λοὶ
2297 5183 2405 5238 τῶν
2433 5183 2727 5253 σκηνικῶν,
2752 5182 3170 5255 ὑποκρινόμενοι
3191 5224 3206 5248 ,
3252 5186 3589 5253 προσωπεῖα
3612 5184 3669 5234 ἐν
3694 5178 3756 5255 τῇ

2174 5265 2294 5336 ὄψει
2321 5265 2556 5336 ἔχοντες,
2588 5266 2683 5318 καὶ
2717 5264 2885 5335 μῦθον
2910 5264 3137 5329 παλαιὸν
3174 5265 3648 5333 ἀπαγγέλλοντες,
3675 5260 3757 5315 καὶ

2174 5349 2242 5402 τά
2271 5351 2571 5420 πράγματα
2595 5348 2963 5420 διηγούμενοι,
2995 5350 3089 5402 καὶ
3121 5351 3151 5402 6
3174 5349 3271 5420 μὲν
3301 5349 3525 5417 γίνεται
3556 5347 3759 5416 φιλόσο-

2176 5449 2294 5500 φος,
2323 5432 2424 5489 οὐκ
2471 5430 2546 5484 ὣν
2574 5432 2881 5503 φιλόσοφος,
2911 5435 2939 5487 6
2970 5432 3026 5489 δὲ
3063 5432 3268 5502 γίνεται
3309 5432 3583 5502 βασιλεὺς
3604 5470 3621 5495 ,
3667 5429 3760 5483 οὐκ

2175 5514 2250 5568 ὢν
2287 5515 2560 5586 βασιλεὺς..
2592 5515 2728 5579 ἀλλά
2757 5517 2941 5593 σχῆμα
2980 5516 3121 5586 ἔχων
3147 5516 3238 5577 διὰ
3265 5515 3369 5585 τῆς
3395 5516 3757 5586 ὑφηγήσεως’

2174 5599 2203 5654 ὁ
2231 5598 2286 5652 δὲ
2318 5599 2499 5671 ἰατρὸς
2536 5600 2659 5652 οὐδὲ
2695 5599 2849 5667 ξύλον
2888 5599 3378 5675 μεταχειρίσασθαι
3415 5598 3755 5671 δυνάμενοςν

2242 5761 2259 5800 ί
2288 5762 2486 5827 ξεστοί.
2508 5763 2598 5827 είή
2614 5761 2805 5827 Δδιοὶνοιτιί
2825 5764 3001 5827 σουμή
3011 5759 3472 5827 *παραϐλαϐεἰηβιὶί
3500 5762 3569 5824 μή
3595 5758 3752 5823 B1636-

2238 5827 2262 5863 ε
2290 5823 2486 5871 Benzel.
2509 5823 2748 5878 πλούσιος.
2776 5827 2868 5873 Καὶ
2889 5823 3112 5873 τίτοῖποζ

2238 5884 2263 5954 ξι
2286 5884 2482 5955 ῐξρυῑοε.
2510 5885 2557 5933 ἐν
2572 5885 2835 5955 gmw;
2864 5885 2991 5945 Infra
3009 5887 3135 5944 alius
3154 5886 3236 5945 τήν
3267 5884 3512 5949 τιμωρίαν
3536 5885 3702 5955 φέρων.

2243 5946 2258 5985 i
2290 5944 2483 6003 Benzcl.
2512 5946 2586 5995 καί
2611 5944 2752 6017 ταὴιι.
