4030 6136
393 325 530 381 1033

391 442 477 496 tia:
504 455 566 494 ac
596 436 816 508 rapinar,
850 437 1003 505 lupus
1033 444 1115 490 ρει
1147 433 1190 487 is
1216 432 1305 503 qui
1345 430 1581 487 cernitur
1614 450 1626 486 :
1655 430 1741 485 ubi
1771 427 1976 485 divitia:

389 544 442 589 et
485 533 690 595 feritas,
735 531 944 603 leonem
979 527 1134 583 video
1173 541 1277 580 non
1307 525 1614 580 hominem:
1646 523 1975 580 nobilitatem

391 622 616 695 perdidit
647 620 973 692 ignobilitate
1017 617 1252 673 malitiae.
1287 616 1438 671 Dives
1467 624 1572 670 erat
1613 616 1819 687 quidam
1843 656 1858 682 ,
1887 614 1976 685 qui

386 715 622 788 quotidie
646 729 875 784 purpura
903 711 1256 767 induebatur:
1285 710 1458 764 anima
1482 723 1608 764 vero
1632 708 1750 777 ejus
1766 706 1977 762 araneis

386 807 584 864 referta
611 815 726 863 erat
765 822 780 859 :
827 812 1092 876 unguenta
1123 803 1388 873 spirabat,
1435 810 1490 856 at
1536 799 1741 856 fauoris
1789 799 1978 869 plenus

385 907 504 956 erat
536 915 551 954 :
582 911 766 952 mensa
796 897 872 951 illi
919 894 1285 966 apponebatur
1327 894 1544 964 opipara
1577 909 1590 946 :
1619 892 1880 963 parasitos
1923 893 1984 947 et'

387 994 688 1050 adulatores
730 991 903 1047 alebat
949 1008 963 1043 :
1007 1004 1224 1045 carnem
1254 988 1531 1059 saginabat
1558 985 1804 1041 ancillam
1839 1002 1851 1039 :
1882 984 1978 1040 do-

387 1087 587 1142 minam
641 1091 816 1140 autem
846 1083 1074 1137 animam
1104 1081 1244 1136 fame
1273 1079 1571 1136 conlectam
1624 1078 1931 1150 negligebat’
1958 1095 1971 1131 :

386 1177 579 1232 domus
616 1177 691 1230 illi
721 1184 834 1231 erat
867 1175 1024 1229 sertis
1054 1171 1297 1228 redimita
1317 1213 1334 1238 ,
1365 1171 1461 1227 sed
1489 1169 1826 1225 fundamenta
1855 1183 1976 1238 pec-

386 1270 490 1324 cati
519 1269 664 1324 calce
708 1266 934 1322 obducta
953 1306 967 1330 ,
1010 1273 1066 1320 et
1091 1264 1268 1320 anima
1299 1265 1353 1318 in
1379 1261 1503 1316 vino
1532 1260 1765 1317 defossa.
1817 1260 1975 1314 Dives

386 1362 547 1432 igitur
592 1360 683 1415 ille
730 1374 916 1414 mensa
963 1358 1231 1414 fruebatur
1269 1355 1487 1426 opipara
1533 1353 1840 1424 poculisque
1865 1353 1972 1407 vini

385 1451 653 1507 coronatis
683 1468 696 1505 :
729 1451 992 1520 parasitos
1033 1458 1087 1504 et
1121 1457 1482 1503 assentatores
1510 1446 1719 1510 alebat,
1749 1459 1970 1514 pravum

386 1541 582 1597 diaboli
613 1540 878 1597 theatrum
900 1582 916 1607 ,
957 1539 1110 1610 lupos
1135 1539 1252 1593 illos
1272 1579 1286 1603 ,
1319 1538 1406 1608 qui
1438 1537 1632 1592 multos
1659 1535 1886 1590 divitum
1917 1536 1970 1589 in

385 1634 696 1688 servitutem
728 1631 1006 1702 redigunt,
1054 1631 1143 1700 qui
1188 1629 1474 1700 perniciem
1523 1627 1736 1682 illorum
1769 1625 1972 1682 ventris

386 1725 468 1780 sui
496 1724 799 1794 expletione
830 1732 1163 1788 mercantur,
1191 1721 1280 1792 qui
1322 1719 1532 1774 divitias
1567 1718 1770 1773 honore
1805 1716 1980 1770 multo

386 1829 442 1875 et
469 1818 828 1874 assentatione
856 1815 1193 1887 pepulantur.

461 1913 560 1969 Ubi
595 1913 745 1969 semel
782 1912 1025 1966 inclinata
1060 1926 1139 1964 res
1170 1917 1263 1977 est,
1287 1908 1437 1961 amici
1469 1907 1532 1960 de
1567 1904 1841 1960 medio.-—
1870 1902 1972 1958 Ne-

385 2021 649 2078 quaquam
675 2006 886 2060 aberret
909 2003 998 2073 qui
1015 2001 1154 2056 tales
1173 1999 1417 2055 homines
1444 1998 1598 2069 lupos
1621 1994 1972 2067 compellave-

388 2101 476 2164 rit,
509 2098 596 2168 qui
624 2096 774 2167 quasi
803 2109 957 2150 ovem
985 2091 1204 2148 divitem
1236 2091 1289 2145 in
1316 2089 1492 2144 medio
1520 2087 1770 2158 positum,
1802 2084 1972 2139 laudi-

386 2191 486 2245 bus
501 2188 761 2245 extollunt
786 2196 839 2241 et
860 2185 1136 2257 praeconiis
1159 2181 1364 2248 inflant,
1397 2195 1460 2234 ac
1485 2193 1552 2234 ne
1575 2175 1793 2249 quidem
1821 2175 1970 2230 ulcus

386 2283 566 2338 videre
595 2281 807 2344 sinunt,
849 2278 944 2334 sed
973 2277 1087 2347 ejus
1116 2283 1348 2330 mentem
1378 2279 1681 2338 excarcant,
1730 2267 1937 2338 putredi
1957 2294 1970 2308 -

385 2388 509 2428 nem
539 2378 750 2441 augent.
785 2367 984 2424 Deinde
1009 2364 1081 2439 (a)
1105 2373 1304 2419 mutata
1329 2377 1506 2417 rerum
1534 2359 1685 2425 faeie,
1708 2358 1862 2412 amici
1889 2355 1973 2410 fu-

382 2464 554 2535 giunt,
592 2477 689 2516 nos
728 2475 854 2516 vero
893 2459 984 2528 qui
1023 2453 1448 2525 increpabamus,
1503 2448 1970 2506 commiseratione

383 2570 662 2611 movemur
692 2572 704 2607 :
737 2552 898 2606 larva:
928 2550 1030 2604 illae
1049 2589 1064 2616 ,
1101 2546 1243 2619 quod
1270 2545 1582 2616 plerumque
1617 2541 1726 2610 jam
1753 2538 1966 2607 accidit,

381 2647 734 2704 occultantur.

453 2740 507 2794 5.
550 2738 707 2793 Dives
749 2748 878 2806 ergo
908 2733 995 2789 ille
1040 2731 1301 2802 parasitos
1342 2728 1520 2784 alebat
1558 2735 1611 2782 et
1639 2724 1964 2790 adulatores,

381 2833 598 2887 domum
647 2828 916 2900 propriam
963 2823 1225 2879 theatrum
1277 2820 1512 2885 fecerat,
1559 2818 1693 2873 vino
1731 2816 1968 2887 singulos

381 2922 721 2987 resolvebat,
771 2919 931 2974 rebus
979 2915 1263 2970 admodmn
1324 2911 1594 2983 prosperis
1646 2909 1964 2964 fruebatur:

379 3015 513 3070 alius
541 3029 670 3068 vero
699 3009 914 3081 quidam
941 3015 1056 3064 erat
1082 3007 1332 3070 Lazarus,
1365 3002 1632 3058 ulceribus
1660 3001 1869 3070 plenus,
1900 2995 1967 3051 ad

380 3107 573 3159 ostium
604 3103 778 3158 divitis
804 3101 995 3156 sedens
1015 3141 1030 3165 ,
1074 3099 1164 3169 qui
1193 3098 1276 3151 vel
1309 3097 1472 3150 micas
1501 3093 1746 3164 cupiebat
1776 3108 1789 3145 :
1816 3091 1975 3162 juxta

380 3198 580 3252 fontem
611 3196 838 3259 sitiebat,
870 3194 923 3247 in
954 3206 1011 3247 re
1038 3200 1143 3245 tam
1173 3203 1426 3259 prospera
1456 3187 1591 3241 fame
1616 3183 1968 3240 consumeba-

380 3300 486 3344 tur.
517 3290 580 3343 l£t
600 3302 832 3359 quonam
854 3285 1123 3354 projectus
1147 3280 1360 3337 fuerat?
1390 3279 1504 3334 Non
1530 3279 1581 3333 in
1610 3278 1829 3342 bivium,
1859 3291 1964 3331 non

380 3385 433 3436 in
460 3382 656 3444 vicum,
689 3394 793 3432 non
823 3377 875 3431 in
901 3375 1256 3445 angiportum,
1282 3387 1386 3426 non
1415 3369 1645 3425 medium
1672 3370 1724 3423 in
1753 3369 1962 3434 forum;

377 3473 472 3528 sed
501 3471 568 3526 ad
597 3471 791 3524 ostium
838 3466 1014 3521 divitis
1034 3507 1050 3533 ,
1091 3479 1193 3534 qua
1237 3463 1571 3533 ingressurus
1600 3461 1690 3515 ille
1717 3473 1964 3530 egressu-

377 3581 577 3636 rusque
602 3562 904 3619 necessario
921 3569 1036 3616 erat
1065 3577 1077 3610 :
1101 3574 1169 3613 ne
1194 3558 1414 3622 diceret,
1447 3571 1553 3610 non
1582 3553 1710 3620 vidi,
1739 3562 1963 3624 praeter-

380 3660 449 3714 ivi
476 3659 514 3724 ¹,
545 3673 648 3712 non
680 3655 848 3710 oculis
876 3652 1102 3724 inspexi.
1133 3650 1212 3705 Ad
1256 3650 1551 3720 ingressum
1608 3655 1756 3701 tuum
1797 3644 1960 3715 jacet,

377 3757 661 3820 margartta
689 3748 738 3804 iu
767 3762 942 3813 caeno,
971 3754 1024 3799 et
1053 3759 1156 3798 non
1185 3741 1372 3796 vides?
1402 3739 1638 3795 Medicus
1657 3737 1722 3792 ad
1746 3737 1960 3804 ostium,

376 3852 429 3897 ct
456 3859 560 3896 non
597 3839 800 3895 curaris
819 3839 844 3890 ?
888 3837 1223 3892 Gubernator
1251 3834 1304 3888 in
1332 3841 1522 3902 portu,
1551 3839 1606 3886 et
1633 3827 1963 3898 naufragium

376 3931 620 4004 pateris?
665 3929 931 3984 Parasitos
958 3926 1078 3992 alis,
1124 3934 1178 3980 et
1205 3936 1465 3994 pauperes
1504 3936 1608 3974 non
1653 3918 1794 3974 alis?
1837 3917 1964 3974 Haec

377 4032 504 4078 tunc
529 4029 676 4092 gesta
705 4028 861 4084 sunt,
899 4017 1161 4086 hodieque
1203 4023 1480 4085 geruntur.
1530 4011 1652 4066 Ideo
1676 4011 1818 4064 enim
1849 4009 1965 4064 hare

375 4116 571 4185 scripta
601 4123 758 4178 sunt,
802 4119 863 4166 ut
890 4109 1086 4181 posteri
1133 4123 1198 4163 ex
1237 4107 1397 4162 rebus
1443 4103 1570 4176 ipsis
1601 4102 1958 4166 erudirentur,

374 4225 439 4264 ac
466 4196 531 4263 ne
579 4205 764 4262 eadem
796 4205 909 4274 ipsa
951 4211 1293 4274 paterentur,
1335 4214 1454 4268 quae
1500 4211 1688 4267 passus
1728 4194 1818 4248 ille
1857 4201 1961 4247 est.

374 4300 458 4356 Ad
488 4298 684 4353 ostium
711 4297 869 4366 igitur
890 4294 1100 4363 jacebat
1128 4307 1335 4362 pauper
1364 4308 1377 4342 :
1411 4303 1610 4359 pauper
1636 4286 1786 4352 foris,
1813 4285 1962 4340 dives

376 4392 518 4447 intus
548 4407 560 4442 :
591 4400 816 4455 corpore
861 4383 1128 4438 ulceribus
1158 4381 1316 4451 pleno
1352 4379 1565 4450 jacebat
1600 4394 1614 4430 :
1657 4376 1960 4441 thesaurus,

373 4483 463 4553 qui
493 4482 544 4535 in
585 4477 865 4548 superficie
893 4474 1090 4544 spinas,
1122 4473 1266 4526 intus
1290 4483 1418 4524 vero
1448 4468 1762 4538 margaritas
1799 4466 1962 4521 habe-

374 4577 484 4630 bat.
517 4569 671 4653 ρυοά
715 4569 856 4624 enim
883 4567 958 4622 illi
1001 4572 1377 4620 noeumentum
1405 4576 1471 4616 ex
1503 4561 1808 4615 infirmitate
1835 4575 1960 4615 eor-

375 4665 523 4736 poris
543 4705 558 4730 ,
588 4661 762 4715 anima
792 4658 929 4714 bene
957 4655 1209 4711 valente?
1235 4654 1466 4708 Audiant
1494 4666 1752 4722 pauperes
1772 4691 1786 4716 ,
1815 4660 1869 4706 et
1895 4660 1971 4704 ne‘

374 4773 608 4816 maerore
638 4755 999 4826 praefocentur
1023 4770 1036 4807 :
1064 4750 1284 4805 audiant
1322 4747 1514 4802 divites
1535 4787 1550 4813 ,
1584 4755 1639 4801 et
1665 4762 1695 4800 a
1727 4744 1962 4815 nequitia

373 4861 773 4909 convertantur.
823 4849 945 4904 Ideo
991 4859 1221 4915 namque
1251 4842 1334 4898 hae
1363 4841 1482 4896 duae
1521 4839 1675 4895 nobis
1703 4838 1962 4907 imagines

375 4951 652 5016 prostant,
698 4941 1000 4995 divitiarum
1043 4946 1096 4992 et
1138 4933 1502 5007 paupertatis,
1547 4928 1880 4986 crudelitatis
1909 4937 1963 4982 et

377 5033 714 5097 tolerantiae,
765 5029 1032 5100 patientia:
1074 5035 1130 5082 et
1172 5025 1427 5081 avaritiae.
1476 5023 1546 5078 Ut
1592 5035 1715 5076 cum
1761 5019 1962 5074 videris

374 5141 664 5201 pauperem
693 5123 958 5177 ulceribus
988 5121 1200 5189 plenum
1231 5124 1285 5172 et
1311 5117 1618 5185 despectum
1644 5154 1659 5177 ,
1702 5127 1770 5166 ne
1795 5111 1959 5165 mise-

376 5238 494 5279 rum
523 5217 894 5291 prmdicaveris
922 5233 937 5270 :
967 5229 1090 5269 cum
1120 5213 1312 5267 videris
1337 5210 1553 5265 divitem
1583 5216 1826 5262 ornatum
1845 5245 1860 5270 ,
1893 5218 1962 5260 ne

377 5316 592 5372 beatum
619 5312 839 5368 dixeris.
887 5308 1122 5366 Gradum
1167 5307 1308 5362 refer
1342 5305 1408 5359 ad
1451 5303 1756 5374 parabolam
1789 5317 1802 5354 :
1833 5299 1876 5354 si
1907 5307 1960 5354 te

377 5407 557 5465 turbet
581 5383 912 5474 naufragium
941 5399 1341 5470 cogitationum,
1373 5395 1494 5466 fuge
1524 5396 1574 5448 in
1606 5402 1817 5463 portum
1847 5409 1861 5446 :
1893 5406 1958 5445 ex

373 5504 492 5574 ejus
538 5499 841 5555 narratione
881 5493 1298 5552 consolationem
1330 5490 1552 5558 accipe:
1587 5487 1754 5556 cogita
1798 5483 1963 5539 Laza-

441 5667 458 5698 ι
496 5659 706 5720 Benzel.,
733 5667 834 5710 Non
856 5654 955 5708 vidi
977 5667 1088 5706 omn
1111 5649 1376 5720 praeterivi.
1551 5710 1560 5718 _
1587 5714 1619 5720 __
1713 5707 1740 5720 μ
1853 5707 1882 5720 ν
1904 5707 1934 5720 ν

440 5707 524 5789 (a)—
535 5707 645 5772 iiii;
654 5707 981 5789 fraga—neruum
991 5707 1788 5789 eum'aliisphrysostomi‘ypsalia:
1808 5707 1960 5781 edidit

376 5775 638 5844 vir‘d'octus
656 5775 817 5837 EriEus
835 5780 1084 5834 Bemelius
1106 5779 1164 5830 ad
1182 5776 1328 5827 ﬁdem
1342 5775 1534 5827 'codicis
1555 5775 1843 5822 Barucciaui.

1631 317 1716 371 DE
1755 314 2025 372 LAZARO
2063 314 2305 377 CONClO
2347 321 2431 376 Vl.

3511 337 3676 392 ’1051

2055 449 2204 489 rum
2251 435 2600 508 despectum,
2651 436 2820 512 cogita
2864 442 3080 500 divitem
3126 463 3378 516 prospere
3427 461 3670 520 agentem

2085 523 2398 596 deliciisque
2429 527 2691 586 fruentem
2716 573 2731 598 ,
2779 533 3012 605 nihilque
3053 544 3106 591 te
3149 540 3420 606 perturbet
3457 556 3670 608 eorum,

2085 631 2204 685 qua:
2249 617 2300 671 in
2351 619 2456 674 vita
2503 633 2778 691 geruntur.
2829 625 2961 680 Nam
3008 627 3051 680 si
3099 640 3348 686 accurato
3395 633 3673 689 ratiocinio

2086 711 2286 776 utaris,
2337 727 2440 766 non
2475 723 2525 769 te
2569 714 2761 771 fluctus
2804 717 3120 790 demergunt
3148 738 3162 775 :
3192 721 3341 778 navis
3380 740 3485 780 non
3515 726 3674 782 undis

2085 800 2361 868 obruitur,
2406 804 2450 858 si
2497 807 2760 862 ratiocinii
2817 811 3102 880 sagacitate
3148 828 3329 869 rerum
3379 815 3673 888 distinguas

2085 900 2350 947 naturam.
2380 894 2516 960 Quid
2547 904 2602 950 tu
2627 897 2754 952 mihi
2780 899 2947 967 dicis,
2980 918 3173 972 corpus
3199 920 3375 960 meum
3407 907 3458 962 in
3497 924 3666 981 anguc

2083 990 2169 1035 sto
2206 981 2392 1052 jacet?
2435 984 2582 1041 Mens
2624 1004 2690 1043 ue
2721 988 2960 1045 laedatur.
2996 993 3087 1047 llle
3112 994 3262 1050 dives
3295 1005 3351 1052 et
3395 997 3669 1068 improbus

2085 1084 2166 1129 est
2191 1093 2204 1128 :
2228 1077 2352 1146 quid
2382 1086 2491 1131 tum
2520 1083 2747 1149 postea?
2778 1084 2844 1136 At
2867 1083 3178 1154 improbitas
3200 1103 3305 1144 non
3332 1089 3432 1144 sub
3453 1107 3667 1146 sensum

2082 1166 2244 1220 cadit.
2272 1167 2352 1223 Ne
2380 1169 2509 1224 mihi
2555 1171 2824 1227 hominem
2855 1174 2922 1229 ab
2956 1178 3215 1232 exteriori
3262 1179 3395 1235 facie
3436 1191 3663 1250 spectes,

2081 1257 2178 1312 sed
2205 1258 2345 1315 hunc
2370 1263 2605 1318 exterius
2634 1265 2820 1334 proba.
2847 1266 2981 1322 Cum
3009 1269 3158 1324 vides
3180 1270 3446 1339 arborem,
3474 1274 3669 1331 foliane

2081 1352 2410 1421 consideras,
2443 1371 2509 1410 an
2541 1357 2811 1413 fructum?
2839 1357 2913 1414 lta
2939 1372 2994 1416 et
3032 1361 3082 1415 in
3114 1362 3347 1420 horniuc.
3388 1366 3443 1421 Si
3474 1369 3666 1423 videris

2082 1441 2388 1512 hominem,
2436 1461 2504 1502 ne
2545 1449 2811 1504 exteriora
2852 1453 3183 1522 perpendas,
3227 1456 3322 1510 sed
3369 1455 3664 1513 interiora:

2081 1532 2310 1589 fructum
2334 1536 2662 1604 consideres,
2683 1556 2788 1595 non
2816 1539 2940 1596 folia
2966 1545 2981 1574 ¹
3010 1560 3111 1600 :ne
3139 1545 3275 1601 forte
3296 1548 3411 1604 olea
3433 1549 3502 1604 sit
3517 1566 3674 1620 agre-

2081 1624 2213 1690 stis,
2258 1625 2386 1680 dum
2424 1630 2654 1697 genuina
2697 1631 2814 1685 olea
2846 1641 3058 1701 putatur
3086 1652 3099 1686 :
3129 1651 3197 1690 ne
3229 1635 3364 1692 forte
3393 1639 3546 1709 lupus
3574 1642 3664 1705 sit,

2079 1715 2204 1770 dum
2233 1717 2470 1773 creditur
2511 1735 2632 1776 esse
2675 1721 2857 1777 homo.
2896 1723 2975 1779 Ne
3004 1725 3180 1795 itaque
3213 1741 3244 1781 a
3271 1739 3460 1784 natura
3490 1729 3673 1785 homi-

2079 1823 2202 1864 nem
2246 1811 2442 1881 proba,
2486 1812 2582 1869 sed
2610 1828 2641 1868 a
2668 1815 2952 1871 voluntatis
2988 1821 3260 1889 proposito
3289 1837 3304 1876 :
3334 1837 3399 1876 ne
3432 1839 3462 1878 a
3494 1825 3659 1891 vultu,

2079 1901 2172 1957 sed
2198 1917 2228 1957 a
2269 1905 2532 1960 sententia
2563 1924 2574 1960 :
2607 1922 2704 1962 nec
2731 1923 2760 1962 a
2789 1911 3050 1965 sententia
3091 1922 3295 1969 tantum
3318 1957 3333 1980 ,
3377 1915 3471 1972 sed
3501 1917 3662 1972 vitam

2077 1995 2360 2066 diligenter
2402 1997 2650 2070 inquire;
2700 2002 2744 2058 si
2789 2018 3080 2074 pauperum
3123 2011 3204 2062 est
3247 2023 3454 2076 amans,
3501 2009 3663 2065 homo

2076 2095 2157 2142 est
2187 2104 2200 2140 :
2230 2087 2272 2142 si
2316 2092 2368 2144 in
2393 2094 2728 2150 commerciis
2757 2105 3028 2164 versatur,
3056 2114 3284 2169 quercus
3317 2110 3399 2156 est
3435 2119 3450 2154 :
3495 2102 3543 2157 si
3582 2113 3661 2158 est

2076 2180 2256 2236 animo
2281 2181 2445 2250 ferus,
2479 2184 2563 2240 leo
2587 2195 2670 2241 est
2697 2205 2711 2240 :
2743 2185 2789 2242 si
2817 2205 2978 2260 rapax
2999 2231 3014 2257 ,
3058 2191 3212 2263 lupus
3241 2202 3324 2249 est
3351 2211 3365 2248 :
3395 2195 3440 2250 si
3468 2195 3662 2251 subdo-

2076 2272 2372 2344 lus,,aspis.
2409 2276 2475 2330 Et
2497 2276 2603 2343 die,
2636 2276 2906 2335 hominem
2936 2297 3138 2352 quaero,
3171 2284 3296 2355 quid
3324 2285 3453 2341 mihi
3485 2295 3538 2341 tu
3566 2303 3662 2358 pro

2074 2360 2292 2420 homine
2314 2364 2478 2420 feram
2501 2369 2782 2424 ostendis?
2807 2371 2958 2427 Disce
2978 2374 3105 2443 quid
3127 2375 3199 2430 sit
3218 2376 3386 2432 virtus
3407 2376 3658 2446 hominis,

2075 2462 2130 2508 et
2167 2469 2235 2509 ne
2271 2455 2520 2512 turberis.
2551 2457 2682 2514 Erat
2723 2460 2880 2531 igitur
2905 2462 3140 2520 Lazarus
3181 2464 3234 2520 in
3265 2467 3404 2522 ostio
3441 2467 3658 2534 sedens,

2075 2547 2344 2604 ulceribus
2396 2550 2628 2620 plenus,
2673 2553 2813 2608 fame
2860 2554 3188 2624 tabefactus,
3236 2558 3663 2630 accedentesque

2074 2652 2234 2694 canes
2282 2640 2556 2712 lingebant
2603 2645 2719 2713 ejus
2763 2645 3026 2713 vulnera;
3074 2663 3234 2703 canes
3283 2644 3498 2706 homine
3545 2652 3662 2721 ipso
3723 2714 3729 2721 _

2074 2729 2416 2786 humaniores
2443 2734 2713 2804 lingcbant
2741 2737 2858 2807 ejus
2887 2737 3104 2794 vulnera
3123 2779 3138 2806 ,
3167 2739 3374 2796 saniem
3407 2741 3662 2797 tollebant

2073 2830 2126 2875 et
2151 2823 2530 2879 emundabant.
2572 2825 2791 2883 Jacebat
2832 2829 2922 2884 ille
2951 2831 3101 2900 quasi
3139 2846 3329 2886 aurum
3361 2832 3412 2886 in
3442 2831 3660 2889 fornace

2073 2912 2300 2980 sedens,
2342 2923 2397 2968 et
2422 2916 2698 2984 probatior
2720 2917 2960 2973 effectus.
3008 2919 3122 2975 Non
3149 2921 3360 2977 diccbat
3385 2923 3434 2977 id
3459 2965 3476 2990 ,
3518 2925 3659 2994 quod

2072 3005 2288 3076 plurimi
2331 3023 2593 3077 pauperes
2634 3010 2855 3064 dicunt:
2886 3011 3119 3068 hmecine
3158 3024 3239 3068 est
3283 3016 3614 3084 providentia
3637 3018 3662 3070 ἲ

2075 3099 2287 3154 Deusne
2316 3098 2544 3154 humana
2577 3102 2836 3170 respicit?
2881 3103 2994 3173 Ego
3022 3105 3075 3159 in
3096 3105 3298 3174 justitia
3322 3107 3504 3162 vivens
3531 3124 3659 3178 pau-

2073 3205 2169 3260 per
2211 3205 2368 3257 sum,
2414 3201 2470 3246 et
2514 3192 2606 3247 ille
2656 3191 2870 3262 iniquus
2913 3195 3064 3250 dives
3107 3197 3234 3254 est?
3278 3197 3418 3252 Nihil
3469 3198 3657 3254 horum

2071 3282 2356 3353 cogitabat,
2402 3282 2496 3338 sed
2539 3284 3067 3355 incomprehensibili
3111 3287 3206 3342 Dei
3250 3304 3372 3358 erga
3415 3289 3660 3346 homines

2071 3373 2368 3430 clementia:
2411 3375 2590 3430 omnia
2636 3377 3033 3443 committebat,
3082 3379 3318 3433 animum
3362 3381 3658 3436 emundans

2071 3477 2226 3519 suum
2248 3506 2262 3531 ,
2294 3465 2586 3520 crueiatum
2616 3467 2880 3532 tolerans,
2911 3468 3220 3538 patientiam
3250 3470 3542 3537 exhibens,
3571 3472 3659 3542 ja-

2070 3569 2200 3610 ccns
2229 3571 2456 3626 corpore
2476 3597 2490 3622 ,
2529 3573 2750 3612 currens
2779 3567 2956 3614 mente
2975 3600 2996 3626 ,η
3030 3560 3212 3615 animo
3237 3561 3422 3616 volans
3451 3572 3506 3618 et
3535 3563 3658 3618 bra-

2069 3647 2214 3702 vium
2263 3649 2562 3718 arripiens,
2607 3665 2891 3722 emergens
2943 3668 3009 3708 ex
3056 3653 3248 3721 malis,
3294 3665 3349 3709 et
3393 3654 3658 3711 bonorum

2071 3740 2242 3796 testis.
2287 3739 2401 3796 Non
2431 3741 2564 3796 dixit
2597 3760 2610 3796 :
2641 3743 2864 3814 parasiti
2894 3743 3120 3799 ubertim
3154 3743 3402 3802 fruuntur
3429 3747 3654 3814 deliciis,

2068 3847 2169 3904 ego
2198 3849 2265 3888 ne
2291 3833 2446 3889 micis
2474 3834 2688 3905 quidem
2716 3837 2906 3906 dignus
2936 3837 3156 3894 habeor.
3201 3839 3306 3894 Sed
3335 3841 3505 3911 quid?
3545 3842 3658 3896 Deo

2068 3927 2293 3998 gratiam
2319 3935 2372 3982 et
2401 3926 2624 3999 gloriam
2654 3929 2937 3984 referebat.
2971 3929 3180 3984 Accidit
3215 3939 3273 3984 ut
3299 3931 3457 3986 ambo
3484 3948 3660 3987 more-

2068 4026 2256 4072 rentur
2286 4034 2300 4071 :
2330 4027 2574 4072 mortuus
2621 4027 2702 4072 est
2743 4018 2925 4082 dives,
2973 4019 3316 4089 sepultusque
3355 4019 3454 4074 fuit
3485 4037 3498 4075 :
3529 4022 3660 4077 abiit

2068 4118 2122 4165 et
2151 4109 2383 4164 Lazarus
2403 4151 2418 4176 ,
2457 4125 2631 4179 neque
2658 4109 2801 4164 enim
2829 4110 3056 4165 dixerim
3075 4151 3090 4177 ,
3121 4121 3363 4166 mortuus
3389 4120 3489 4168 est.
3521 4113 3654 4170 Nam

2068 4200 2248 4257 divitis
2275 4201 2490 4272 quidem
2517 4216 2665 4257 mors
2687 4217 2816 4256 vere
2843 4217 2991 4257 mors
3013 4211 3095 4257 est
3119 4211 3177 4258 ct
3203 4203 3495 4273 sepultura,
3525 4220 3659 4276 pau-

2069 4293 2213 4363 peris
2243 4308 2370 4348 vero
2399 4308 2544 4348 mors
2581 4302 2664 4348 est
2689 4294 3048 4364 peregrinatio
3073 4302 3125 4348 et
3155 4285 3426 4350 translatio
3450 4297 3515 4350 ad
3545 4313 3658 4351 meo

2070 4388 2203 4442 liora
2223 4427 2238 4452 ,
2275 4401 2568 4456 cursusque
2593 4401 2623 4440 a
2654 4397 2943 4441 scammate
2981 4385 3046 4440 ad
3074 4387 3347 4456 praemium
3369 4429 3384 4455 ,
3414 4404 3442 4440 a
3471 4390 3656 4459 pelago

2069 4478 2134 4533 ad
2173 4485 2418 4550 portum,
2467 4477 2535 4533 ab
2577 4477 2694 4533 acie
2738 4477 2805 4532 ad
2851 4488 3109 4548 tropaeum
3136 4519 3151 4542 ,
3198 4493 3227 4530 a
3275 4478 3559 4536 sudoribus
3588 4482 3654 4534 ad

2069 4583 2343 4624 coronam.
2373 4569 2547 4624 Ambo
2587 4569 2712 4624 illuc
2739 4568 2987 4624 abierunt
3007 4609 3022 4633 ,
3051 4569 3139 4624 ubi
3188 4585 3274 4624 res
3302 4586 3441 4626 vera:
3471 4589 3485 4626 :
3514 4571 3656 4627 solu-

2071 4671 2180 4716 tum
2207 4669 2289 4716 est
2319 4660 2584 4715 theatrum
2606 4702 2620 4726 ,
2654 4662 2874 4715 sublata:
2903 4660 3082 4714 larva).

2141 4754 2243 4808 Res
2284 4754 2520 4806 humana:
2560 4768 2724 4807 scena:
2767 4761 3147 4824 comparantur.
3187 4781 3260 4792 -—-
3299 4751 3656 4819 Quemadmo-

2069 4845 2197 4902 dum
2229 4843 2302 4918 (a)
2335 4845 2478 4900 enim
2523 4846 2576 4898 in
2619 4845 2826 4900 theatro
2865 4846 2918 4899 in
2948 4844 3170 4900 meridie
3201 4844 3460 4898 velamina
3490 4845 3656 4900 multa

2069 4949 2195 4995 sunt
2215 4981 2229 5005 ,
2275 4940 2536 5009 multique
2565 4939 2760 4994 scenici
2793 4937 3019 5008 ingressi
3059 4935 3424 4990 histrionicam
3452 4939 3656 4990 larvam

2071 5035 2124 5089 in
2155 5033 2303 5088 vultu
2344 5033 2576 5101 habent,
2617 5042 2853 5088 veterem
2897 5030 3123 5086 fabulam
3170 5037 3432 5094 tractam,
3463 5044 3660 5099 resque

2069 5123 2497 5196 gemas-narrant
2538 5142 2552 5178 :
2594 5133 2646 5178 et
2684 5124 2819 5176 alius
2847 5121 3058 5191 quidem
3109 5119 3478 5190 philosophum
3527 5120 3654 5190 agit,

2069 5219 2158 5288 qui
2200 5234 2305 5272 non
2348 5227 2430 5273 est
2472 5216 2819 5287 philosolthus
2849 5231 2862 5267 :
2891 5215 3026 5268 alius
3054 5227 3231 5281 regem
3254 5251 3267 5274 ,
3301 5212 3389 5280 qui
3422 5227 3516 5266 rex
3549 5229 3656 5266 non

2070 5319 2174 5376 est,
2203 5309 2298 5364 sed
2326 5308 2465 5378 regis
2493 5307 2726 5361 habitmn
2753 5305 2912 5359 habet
2937 5319 3030 5373 per
3056 5303 3492 5358 enarrationem:
3519 5304 3658 5358 alius

2069 5402 2311 5458 medicus
2330 5443 2343 5467 ,
2375 5400 2463 5471 qui
2490 5415 2558 5454 ne
2592 5397 2792 5468 lignum
2822 5397 3038 5468 quidem
3069 5405 3296 5451 tractare
3323 5405 3530 5466 potest,
3561 5398 3654 5450 sed

2135 5582 2153 5614 ι
2187 5577 2500 5642 Ηίοῳιίῐιόθῐη
2521 5573 2863 5642 desideranmr
2883 5572 2932 5622 in
2969 5569 3184 5634 Benzel.,
3204 5585 3315 5635 quze
3335 5572 3579 5622 habentur
3600 5572 3650 5619 in

2068 5645 2214 5693 Codd.
2239 5635 2360 5700 aliis,
2389 5647 2442 5689 et
2455 5637 2690 5700 quadram
2710 5635 2769 5686 ad
2788 5642 2995 5686 textura.

2131 5709 2206 5766 (a)
2240 5695 2358 5754 Haec
2391 5695 2698 5766 paucioribus
2728 5706 2901 5751 tractat
2940 5709 3084 5761 supra
3121 5695 3284 5747 bomil.
3314 5701 3346 5743 It
3379 5697 3444 5745 de
3466 5700 3661 5747 Lazaro.

2072 5781 2200 5819 num.
2223 5768 2272 5818 5.
