4030 6136
389 289 526 351 «οδε
550 362 553 363 γ

390 401 580 459 medici
609 399 843 457 vestibus
868 398 1089 458 amictus
1120 409 1200 453 est
1225 416 1236 450 :
1268 398 1405 459 alius
1430 410 1640 460 servus,
1669 396 1756 465 qui
1786 403 1966 451 tamen

390 494 526 550 liber
551 503 669 548 est:
697 493 834 547 alius
863 492 1069 557 doctor,
1097 492 1183 561 qui
1213 507 1280 545 ne
1310 491 1513 544 litteras
1540 488 1753 558 quidem
1781 487 1925 542 novit
1949 506 1962 541 :

392 586 540 642 nullo
579 584 738 639 modo
776 598 924 638 suam
947 624 963 648 ,
1008 583 1102 638 sed
1132 582 1355 637 alienam
1386 580 1619 650 speciem
1651 582 1963 635 referentes.

390 677 521 732 Nam
549 674 787 734 medicus
816 683 1068 745 apparet,
1100 673 1190 747 qui
1221 687 1326 729 non
1354 680 1436 726 est
1476 670 1715 728 medicus
1747 687 1760 721 :
1793 668 1968 739 philu-

390 769 592 841 sophus
615 775 856 845 apparet,
881 765 969 838 qui
994 781 1200 823 comam
1228 764 1387 818 habet
1409 764 1545 819 intra
1572 763 1793 824 larvam,
1815 759 1968 815 miles

389 870 610 934 apparet
648 861 715 926 is,
756 859 847 930 qui
887 857 1069 914 militis
1115 857 1316 913 cultum
1362 857 1545 909 refert.
1596 852 1816 908 Etiamsi
1844 865 1970 905 vero

389 953 550 1009 larva:
593 951 800 1023 species
840 949 1005 1013 fallat,
1046 948 1141 1004 sed
1186 962 1293 1002 non
1338 947 1472 1002 fallit
1509 952 1773 1011 naturam,
1820 943 1970 1013 cujus

391 1045 670 1101 veritatem
693 1043 871 1113 specie
915 1050 1252 1099 transmutat.
1300 1041 1479 1095 Donec
1518 1048 1696 1094 autem
1727 1052 1887 1092 scena
1915 1046 1972 1092 et

394 1136 657 1195 theatrum
701 1143 816 1200 est,
863 1127 1075 1202 laetique
1118 1139 1446 1202 spectatores
1487 1128 1762 1194 assident,
1811 1127 1972 1181 larva:

392 1234 609 1286 manent
650 1241 664 1280 :
707 1241 830 1280 cum
873 1235 1050 1279 autem
1093 1222 1411 1277 adveniente
1440 1233 1658 1289 vespera
1708 1217 1970 1272 theatrum

393 1317 640 1381 solvitur,
672 1314 1046 1372 recedentibus
1072 1312 1337 1377 omnibus,
1380 1311 1543 1365 larva:
1581 1308 1969 1381 projiciuntur:

394 1421 519 1467 tunc
543 1409 633 1485 qui
679 1409 819 1463 intus
847 1422 939 1462 rex
971 1415 1104 1470 erat,
1151 1402 1280 1459 foris
1323 1403 1542 1457 mrarius
1584 1410 1686 1456 est.
1718 1400 1974 1470 Projecta:

393 1510 519 1559 sunt
539 1501 723 1567 larvm,
746 1499 1005 1555 abscessit
1031 1496 1258 1561 fallacia,
1281 1495 1477 1550 veritas
1501 1493 1746 1564 apparuit
1770 1511 1783 1546 :
1806 1501 1860 1548 et
1883 1493 1973 1563 qui

395 1594 541 1647 intus
568 1591 707 1646 liber
736 1599 879 1656 erat,
905 1589 1033 1643 foris
1062 1602 1247 1647 servus
1274 1584 1710 1658 deprehenditur.
1742 1580 1808 1640 Ut
1830 1584 1973 1638 enim

392 1684 500 1755 jam
524 1682 661 1753 dixi,
677 1682 822 1736 intus
845 1680 1066 1746 fallacia,
1091 1677 1220 1735 foris
1239 1676 1436 1731 veritas
1461 1693 1474 1731 :
1496 1675 1711 1731 advenit
1731 1689 1977 1744 vespera,

393 1775 629 1833 solutum
655 1781 738 1827 est
766 1771 1049 1836 theatrum,
1076 1768 1319 1841 apparuit
1343 1765 1557 1822 veritas.
1588 1765 1660 1819 lta
1689 1778 1899 1840 quoque
1924 1765 1981 1826 in

394 1866 503 1923 vita
532 1874 586 1919 ct
610 1864 664 1918 in
694 1862 798 1919 fine
825 1863 943 1916 vita:
972 1875 1058 1915 res
1085 1867 1374 1929 prtescntcs
1401 1867 1524 1917 sunt
1553 1856 1816 1912 theatrum
1845 1871 1863 1922 ;
1893 1854 1978 1909 hi-

396 1958 707 2019 strionicam
749 1964 914 2026 agunt
957 1953 1156 2013 divitia:
1194 1961 1249 2008 et
1289 1961 1606 2022 paupertas,
1654 1950 1901 2022 princops
1926 1958 1982 2011 et

397 2048 658 2113 subditus,
689 2054 742 2101 et
770 2046 852 2101 his
875 2044 1064 2099 similia
1090 2060 1111 2113 ς,
1140 2058 1262 2102 cum
1289 2052 1467 2098 autem
1495 2041 1611 2096 dies
1638 2041 1729 2096 illa
1757 2040 1981 2097 transie-

396 2144 486 2209 rit,
514 2152 568 2197 et
594 2156 698 2195 nox
730 2140 817 2199 illa
849 2137 1122 2200 tremenda
1149 2137 1469 2202 advenerit;
1507 2134 1615 2191 imo
1647 2134 1821 2204 potius
1842 2133 1983 2198 dies,

397 2247 517 2309 qua:
544 2228 915 2305 peccatoribus
942 2243 1069 2295 uox,
1095 2226 1359 2298 justisque
1381 2225 1496 2282 dies
1521 2225 1622 2283 erit
1649 2242 1667 2285 ς
1693 2240 1811 2279 cum
1837 2223 1982 2279 solu-

398 2336 508 2379 tum
552 2320 716 2376 fuerit
760 2320 1048 2385 theatrum,
1093 2333 1213 2373 cum
1260 2319 1509 2387 projectac
1553 2314 1748 2371 fuerint
1796 2315 1984 2383 larvas,

396 2428 517 2469 eum
547 2411 912 2483 unusquisque
950 2420 1005 2465 et
1034 2423 1195 2480 opera
1239 2407 1306 2463 ad
1346 2422 1569 2469 examen
1613 2405 1978 2463 vocabuntur:

397 2521 506 2563 non
534 2505 896 2581 unusquisque
922 2513 976 2560 et
1001 2502 1197 2561 diviti-.e
1224 2502 1341 2574 ejus
1360 2542 1374 2566 ,
1410 2515 1517 2555 non
1544 2499 1906 2570 unusquisque
1930 2507 1985 2553 et

399 2597 734 2673 principatus
771 2595 910 2665 ejus,
954 2608 1062 2648 non
1115 2591 1477 2661 unusquisque
1522 2598 1578 2644 et
1623 2588 1796 2644 honor
1844 2588 1980 2657 ejus,

400 2705 505 2743 uon
534 2687 897 2756 unusquisque
941 2694 996 2737 et
1024 2683 1259 2752 potentia
1288 2681 1444 2751 ejus;
1489 2679 1583 2735 sed
1622 2679 1985 2749 unusquisque

398 2791 453 2836 ct
480 2794 644 2851 opera
671 2777 806 2847 ejus,
840 2785 895 2829 et
923 2776 1168 2845 princeps
1198 2784 1251 2829 et
1291 2773 1598 2842 imperator,
1631 2782 1685 2827 et
1711 2772 1903 2826 mulier
1932 2780 1986 2826 et

399 2874 482 2931 vir
501 2911 518 2937 ,
549 2885 669 2925 cum
701 2884 731 2921 a
762 2867 915 2922 nobis
946 2866 1107 2921 vitam
1151 2865 1366 2936 probam
1396 2873 1450 2919 et
1477 2864 1615 2918 bona
1644 2879 1806 2934 opera
1832 2878 1985 2933 repe-

401 2977 511 3032 tet,
539 2979 645 3019 non
672 2963 985 3033 dignitatum
1017 2974 1285 3030 pompam,
1328 2973 1431 3012 non
1459 2957 1785 3028 paupertatis
1811 2957 1985 3011 vilita-

401 3067 550 3121 tem,
596 3070 700 3108 uon
750 3053 1034 3122 despectus
1086 3049 1441 3120 tyrannidem.
1494 3048 1565 3102 Da
1615 3046 1744 3101 mihi
1800 3061 1983 3116 opera,

400 3146 608 3207 etiamsi
635 3159 826 3200 servus
855 3143 950 3207 sis,
993 3157 1151 3212 quam
1180 3140 1332 3196 liberi
1362 3139 1461 3193 viri
1491 3139 1748 3203 meliora;
1778 3138 1985 3193 etiamsi

402 3239 593 3301 mulier
634 3236 738 3298 sis,
772 3250 929 3314 quam
962 3233 1060 3289 viri
1104 3231 1345 3293 fortiora.
1376 3229 1509 3285 Cum
1539 3229 1760 3303 abjecta:
1787 3227 1988 3285 fuerint

402 3331 583 3395 larvae,
618 3335 742 3380 tunc
774 3332 1035 3405 apparent
1062 3333 1115 3378 et
1140 3322 1288 3378 dives
1317 3330 1371 3376 et
1397 3335 1615 3398 pauper.
1649 3320 1713 3375 Et
1735 3319 1988 3391 quemad—

404 3418 620 3479 modum
649 3417 758 3483 hic,
786 3427 1066 3487 postquam
1096 3416 1329 3470 solutum
1357 3412 1454 3470 fuit
1485 3412 1774 3480 theatrum,
1797 3413 1843 3467 si
1868 3412 1988 3487 quis

407 3520 647 3568 nostrum
680 3509 733 3562 in
762 3507 906 3563 edito
949 3507 1070 3561 loco
1112 3505 1308 3561 sedens
1342 3504 1534 3563 viderit
1575 3519 1697 3559 eum
1727 3503 1817 3574 qui
1847 3504 1989 3559 intus

406 3599 754 3681 philosophus
790 3606 904 3652 erat
927 3638 942 3665 ,
994 3596 1123 3653 foris
1153 3595 1398 3650 aerarium
1438 3609 1586 3661 esse,
1630 3593 1984 3650 exclamabit:

408 3692 569 3752 item!
615 3691 805 3745 Annon
837 3688 923 3743 hic
962 3688 1102 3742 intus
1125 3684 1477 3757 philosophus
1502 3686 1658 3740 erat?
1703 3685 1818 3741 Jam
1859 3685 1989 3740 foris

408 3783 656 3845 aerarium
684 3779 839 3835 video
868 3796 882 3834 :
908 3793 1086 3832 annon
1136 3777 1222 3831 hic
1264 3792 1355 3830 rex
1403 3776 1545 3829 intus
1572 3774 1735 3830 erat?
1772 3774 1843 3830 Et
1877 3775 1989 3844 jam

413 3873 543 3929 foris
568 3873 726 3926 vilem
757 3869 1039 3940 quemdam
1068 3867 1335 3922 hominem
1364 3866 1770 3921 ceram—Annon
1798 3865 1884 3919 hic
1912 3866 1992 3920 in-

409 3972 499 4026 tus
537 3962 685 4017 dives
716 3960 872 4016 erat?
900 3962 970 4014 At
1005 3960 1132 4013 foris
1163 3972 1450 4029 pauperem
1480 3957 1636 4011 video
1667 3972 1679 4009 :
1710 3956 1778 4010 ita
1805 3963 1858 4009 et
1887 3956 1991 4010 illic

410 4057 532 4112 erit.

483 4147 536 4202 6.
568 4146 879 4201 Sermonem
909 4158 1013 4198 non
1034 4142 1259 4198 ulterius
1286 4139 1598 4210 producam,
1621 4154 1690 4195 ne
1711 4138 1990 4194 verborunt

410 4238 562 4306 copia
592 4236 886 4298 auditorem
917 4234 1138 4289 obruam
1168 4250 1181 4285 ε
1210 4230 1303 4287 sed
1331 4230 1534 4286 duabus
1562 4230 1847 4308 prepositis
1873 4245 1994 4299 per-

408 4328 555 4384 sonis
585 4335 748 4382 totam
791 4326 981 4381 theatri
1013 4324 1380 4379 histrionicam
1417 4322 1716 4379 declarabo.
1752 4324 1825 4378 Dc
1864 4322 1994 4378 dua-

410 4422 511 4476 bus
542 4419 785 4490 personis
815 4417 1070 4482 tractavi,
1101 4431 1272 4488 exque
1302 4415 1407 4470 illis
1445 4413 1650 4469 duabus
1674 4413 1829 4468 vobis
1855 4414 1991 4468 viam

408 4511 596 4581 aperui
642 4517 698 4568 et
740 4509 1074 4565 occasionem
1119 4490 1319 4577 priebui
1366 4524 1380 4560 :
1424 4521 1519 4576 per
1553 4506 1676 4561 vitm
1719 4506 1994 4575 prmsentis

411 4603 806 4660 enarrationem
852 4609 1084 4655 tuentem
1127 4599 1342 4654 dilatavi
1386 4608 1658 4663 vestram,
1703 4606 1760 4652 ut
1803 4597 1995 4667 singuli

411 4709 591 4752 rerum
619 4692 907 4748 discrimen
929 4689 1188 4744 ediscant.
1221 4688 1346 4742 Dure
1368 4687 1526 4758 igitur
1545 4697 1698 4743 erant
1720 4702 1992 4761 personat:

411 4786 548 4842 alter
573 4792 856 4855 personam
881 4779 1099 4852 gerebat
1125 4777 1323 4844 divitis,
1351 4778 1484 4832 alter
1513 4778 1759 4851 pauperis
1791 4795 1803 4831 :
1832 4776 1998 4831 Laza-

414 4894 507 4937 rus
549 4889 832 4947 personam
860 4870 1108 4945 pauperis
1128 4912 1143 4937 ,
1172 4869 1322 4923 dives
1366 4869 1454 4923 ille
1486 4884 1765 4938 personam
1794 4867 1992 4924 divitis.

410 4971 509 5033 ilic
538 4976 663 5023 sunt
705 4965 866 5020 larva:
895 4971 950 5018 et
982 4976 1226 5032 personae
1250 5002 1263 5027 ,
1300 4975 1405 5015 non
1442 4976 1618 5016 rerum
1659 4961 1853 5016 veritas
1890 4959 1993 5032 (a).

410 5059 542 5118 Illuc
575 5060 736 5115 ambo
761 5057 1036 5120 abierunt,
1068 5054 1218 5110 dives
1247 5054 1453 5110 scilicet
1478 5063 1529 5108 et
1558 5069 1757 5124 pauper
1786 5071 1800 5107 :
1827 5054 1995 5109 Laza-

412 5170 528 5219 rum
557 5156 910 5221 susceperunt
931 5145 1104 5217 angeli
1125 5187 1138 5212 ,
1167 5153 1291 5217 post
1316 5159 1475 5200 canes
1505 5144 1623 5199 illos
1649 5145 1852 5215 angeli,
1880 5153 2000 5215 post

494 5353 546 5422 ρ)
573 5360 704 5422 pave
728 5340 1405 5422 puteschuseseuiztnzau
1426 5341 1996 5422 tutissimum-(>29-

471 5355 546 5465 ᾖα)
578 5360 704 5403 Cave
728 5355 873 5422 putes
892 5355 1293 5419 Chrysostotrtttm,
1318 5358 1405 5418 qui
1426 5357 1473 5392 tu
1496 5355 1886 5414 prmceaenttnus
1910 5355 1996 5391 no-

412 5420 474 5465 mi
498 5417 558 5465 iis
573 5415 828 5476 historiam
845 5415 999 5476 Laan
1022 5415 1075 5457 et
1092 5407 1255 5461 dtvttts
1270 5414 1410 5476 quast
1442 5417 1606 5476 verum
1630 5404 1879 5476 historiam
1885 5417 2001 5476 pro.

414 5477 541 5535 tulit,
561 5470 984 5538 jam_palinodiam
1005 5481 1207 5526 canere,
1231 5465 1342 5518 cu'm
1363 5468 1479 5538 dicit
1500 5466 1564 5515 de
1587 5473 1755 5514 Lazaro
1777 5472 1830 5514 et
1849 5465 1999 5538 divite

414 5533 639 5602 liquens,
664 5533 813 5602 larvis
833 5537 942 5602 suat
964 5543 1038 5591 ea,
1077 5541 1187 5592 qua:
1205 5535 1458 5602 apparatu,
1491 5541 1586 5579 non
1608 5540 1773 5577 rerum
1804 5533 1996 5602 ueritas.

414 5588 729 5661 ttzécgui'ppe
746 5594 971 5644 dicuntur
988 5588 1350 5661 cenSequen'ter
1371 5590 1431 5641 ad
1453 5602 1531 5648 ea,
1554 5602 1666 5652 qua:
1681 5600 1826 5651 supra
1848 5588 2001 5661 fusius

416 5651 613 5719 extulit,
633 5651 813 5719 nempe
835 5660 985 5703 totam
1001 5651 1255 5719 humanam
1277 5655 1421 5702 vitam
1444 5651 1606 5705 scene
1634 5651 1999 5714 comparandam

419 5736 531 5781 esse
555 5735 567 5772 :
588 5716 719 5790 quod
739 5716 902 5771 {einen
922 5727 1088 5770 rerum
1117 5716 1379 5803 veritatem
1401 5732 1500 5771 non
1519 5719 1669 5777 tollit.

1127 285 1184 343 S.
1227 283 1501 341 JOANNIS
1536 281 2003 365 CllRYSOSTOMl
2039 280 2355 338 ARCHIEP.
2397 279 2924 341 CONSTANTINOP.

3502 286 3629 343 1050

2078 393 2258 449 divitis
2278 395 2472 451 usuum
2497 398 2644 452 sinus
2664 399 2908 468 Abrahae,
2933 409 3051 470 post
3074 400 3266 459 famem
3292 420 3468 463 rerum
3488 413 3627 479 capia
3649 450 3653 456 ι

2077 483 2238 539 linem
2256 500 2361 540 non
2387 486 2650 556 habitura,
2671 499 2790 558 post
2813 507 3078 547 mrumnas
3095 495 3441 565 tranquillitas
3461 483 3666 570 perpe-f

2077 583 2202 640 tua;
2230 576 2379 631 illunt
2405 577 2482 649 (a)
2497 593 2623 634 vero
2641 590 2759 650 post
2786 582 2998 639 divitias
3023 597 3326 656 paupertas,
3354 600 3470 658 post
3497 607 3633 644 tuen-
3663 615 3698 669 ς

2077 680 2193 721 sam
2217 670 2491 739 opiparam
2518 672 2831 742 supplicium
2859 686 2913 731 et
2931 677 3222 745 cruciatus,
3252 690 3368 748 post
3393 684 3639 752 tranquil.
3662 670 3677 677 ⁷’

2078 754 2281 812 litatem
2322 758 2641 816 intolerandi
2674 762 2909 821 dolores.
2957 766 3024 822 Et
3058 768 3337 825 considera
3369 771 3494 825 tnihi
3523 774 3640 842 quid

2078 844 2279 902 factum
2317 850 2408 904 sit.
2442 850 2569 907 llluc
2600 853 2878 922 abierunt,
2911 865 2967 913 et
2991 860 3222 914 solutum
3252 871 3335 916 est
3363 862 3640 932 theatrum,

2077 938 2299 1008 objecta:
2323 941 2484 997 larvas
2514 960 2527 996 :
2553 945 2726 1001 vultus
2752 946 2963 1003 demum
2991 962 3369 1020 apparuerunt.
3396 954 3645 1013 Abierant

2078 1033 2259 1102 ambo,
2282 1035 2528 1108 videtque
2553 1038 2703 1096 dives
2728 1040 2815 1096 ille
2838 1043 3153 1100 torrefactus
3175 1046 3432 1103 Lazarum
3461 1050 3513 1104 in
3534 1052 3646 1106 sinu

2079 1124 2311 1182 Abrahzn
2353 1128 2493 1185 bene
2532 1142 2797 1202 agentem,
2843 1135 3046 1191 deliciis
3087 1136 3385 1208 fruentem,
3426 1142 3647 1214 dicitque

2080 1217 2156 1272 illi
2186 1236 2200 1272 :
2233 1218 2387 1274 Pater
2411 1221 2666 1276 Abraham
2683 1265 2699 1291 ,
2727 1225 2864 1280 mitte
2886 1225 3138 1282 Lazarum
3166 1239 3220 1283 ut
3256 1242 3477 1288 extremo
3502 1235 3649 1307 digito

2079 1311 2289 1367 instillat
2331 1314 2384 1368 in
2414 1315 2641 1386 linguam
2670 1332 2852 1385 meam,
2890 1320 3010 1390 quia
3035 1323 3231 1378 crucior
3255 1324 3307 1377 in
3335 1325 3433 1379 hac
3455 1328 3651 1397 {fortuna

2082 1400 2234 1475 (Luc.
2265 1403 2352 1459 16.
2383 1403 2515 1477 24).
2556 1406 2691 1475 Quid
2732 1408 2891 1480 igitur
2915 1410 3225 1468 Abraham?
3261 1413 3396 1483 Fili,
3434 1420 3649 1489 recepisti

2084 1495 2213 1548 bona
2238 1505 2345 1562 tua,
2368 1505 2415 1551 et
2434 1496 2664 1553 Lazarus
2686 1501 2821 1555 mala
2844 1518 2939 1558 sua
2968 1518 2987 1559 :
3011 1513 3058 1559 et
3086 1520 3217 1559 nunc
3239 1506 3321 1560 hic
3347 1510 3649 1579 consolatur,

2083 1594 2138 1639 tu
2164 1601 2279 1640 vero
2309 1588 2571 1645 cruciaris.
2599 1590 2838 1663 Alioquin
2868 1603 3039 1650 autem
3063 1602 3110 1648 et
3146 1594 3301 1651 chaos
3336 1598 3470 1653 inter
3498 1617 3583 1656 uos
3606 1613 3650 1657 et

2084 1692 2169 1732 vos
2191 1679 2449 1747 ﬁrmatum
2475 1693 2583 1749 est;
2628 1686 2757 1740 utsi
2780 1688 2892 1757 quis
2930 1689 3141 1744 uoluerit
3168 1691 3287 1746 hinc
3325 1692 3452 1747 illuc
3475 1696 3541 1750 ad
3573 1711 3653 1752 vos

2085 1770 2424 1839 pertransire,
2471 1789 2572 1828 non
2619 1777 2796 1846 possit.
2847 1779 3097 1836 Animum
3141 1781 3395 1840 adhibete
3428 1802 3443 1839 :
3472 1784 3539 1841 de
3576 1786 3653 1845 bis

2085 1866 2226 1921 enim
2257 1868 2401 1923 utilis
2422 1882 2600 1925 sermo
2628 1871 2950 1940 instituatur,
2978 1875 3066 1945 qui
3089 1883 3286 1932 terreat
3309 1879 3544 1949 quidem,
3564 1882 3652 1938 sed

2085 1960 2175 2029 qui
2217 1969 2442 2031 purget;
2486 1963 2576 2032 qui
2619 1965 2919 2031 excruciet,
2966 1966 3061 2022 sed
3089 1968 3182 2039 qui
3223 1970 3517 2027 emendet:
3545 1990 3655 2045 quae

2086 2049 2335 2107 dicuntur
2375 2051 2580 2123 excipe.
2612 2052 2751 2112 Cum
2776 2056 2828 2111 in
2872 2057 3195 2115 cruciatibus
3235 2060 3460 2128 degeret
3494 2064 3653 2132 dives,

2087 2154 2300 2201 sursum
2323 2144 2554 2212 aspexit,
2586 2154 2640 2200 et
2662 2145 2791 2201 vidit
2817 2146 3078 2207 Lazarum
3109 2168 3124 2204 :
3152 2151 3284 2208 vidit
3307 2169 3425 2209 rem
3453 2171 3653 2215 novant.

2087 2229 2145 2285 lu
2172 2231 2311 2287 ostio
2339 2240 2429 2286 tuo
2452 2233 2689 2303 quotidie
2718 2245 2829 2295 erat
2862 2252 2877 2289 :
2913 2237 2994 2293 bis
3023 2250 3167 2295 terve
3204 2241 3582 2312 ingrediebaris
3607 2256 3657 2301 et

2088 2321 2465 2392 egrediebaris,
2494 2334 2549 2380 et
2588 2339 2692 2380 non
2717 2328 3037 2397 respiciebas
3067 2346 3187 2387 eum
3213 2349 3229 2399 ;
3260 2348 3381 2388 cum
3410 2345 3584 2391 autem
3606 2338 3656 2393 in

2089 2415 2360 2485 aartagine
2386 2416 2635 2484 versaris,
2663 2433 2733 2474 ex
2758 2426 2903 2475 tanto
2930 2421 3214 2483 interstitio
3242 2426 3390 2481 vides
3414 2427 3438 2485 2
3460 2428 3583 2482 Cum
3609 2429 3659 2483 in

2088 2505 2288 2562 divitiis
2313 2522 2528 2581 ageres,
2555 2524 2674 2565 cum
2704 2524 2870 2583 penes
2908 2521 2960 2573 te
2985 2522 3185 2573 eratut
3212 2516 3428 2577 videres
3446 2558 3461 2582 ,
3488 2519 3659 2575 videre

2090 2597 2236 2665 illum
2265 2601 2516 2667 nolebas,
2543 2616 2640 2657 cur
2681 2619 2822 2660 nunc
2850 2614 2954 2659 tam
2985 2615 3138 2663 acute
3178 2609 3354 2665 cernis
3378 2610 3447 2664 ⁸2
3483 2614 3659 2668 Annon

2089 2687 2142 2744 iu
2172 2690 2311 2744 ostio
2355 2701 2446 2746 tuo
2490 2693 2652 2754 erat?
2695 2694 2801 2751 Cur
2846 2696 2995 2752 illum
3041 2707 3166 2758 tunc
3206 2714 3238 2754 e
3280 2702 3525 2770 proximo
3561 2717 3661 2759 non

2090 2781 2334 2849 videbas,
2377 2798 2518 2838 nunc
2554 2793 2730 2840 autem
2765 2800 2830 2842 ex
2870 2794 3017 2848 tanto
3043 2789 3329 2847 interstitio
3354 2792 3524 2860 vides,
3549 2807 3664 2848 cum

2092 2878 2297 2926 tantum
2347 2876 2415 2928 sit
2462 2873 2837 2938 intermedium
2879 2877 3087 2935 chaos?
3132 2880 3269 2949 Quid
3321 2892 3503 2941 autem
3542 2884 3662 2943 ille!

2091 2962 2360 3019 Abraham
2382 2972 2591 3035 patrem
2608 2977 2778 3022 vocat.
2805 2968 3087 3031 Patremne
3102 2986 3263 3028 vocas
3277 2974 3505 3049 eum(b),
3522 2977 3667 3046 cujus

2093 3055 2507 3126 hospitalitatem
2540 3074 2646 3115 non
2689 3075 2748 3116 es
2791 3061 3075 3119 imitatus?
3114 3064 3213 3123 Hic
3254 3075 3462 3136 patrem
3500 3078 3659 3134 vocat,

2095 3147 2184 3204 ille
2209 3148 2376 3204 ﬁlium
2402 3167 2418 3205 :
2449 3152 2663 3208 nomina
2692 3155 3027 3224 cognationis
3052 3165 3199 3225 sunt,
3228 3159 3323 3215 sed
3355 3161 3557 3216 mdium
3580 3177 3661 3232 pa-

2095 3240 2397 3298 trocinium.
2429 3244 2625 3301 Verum
2654 3246 2868 3302 nomina
2896 3249 3131 3319 profert,
3170 3259 3228 3305 ut
3262 3250 3486 3308 discatis
3509 3268 3665 3325 genus

2094 3337 2225 3392 nihil
2253 3336 2529 3407 prodesse.

2167 3429 2420 3486 Nobilitas
2452 3443 2524 3488 est
2557 3450 2659 3488 non
2692 3435 2941 3505 majorum
2982 3434 3243 3505 splendor,
3277 3438 3367 3492 sed
3407 3439 3579 3494 virtus.
3602 3466 3667 3486 -η

2093 3523 2353 3581 Nobilitas
2376 3526 2570 3597 quippe
2598 3536 2679 3582 est
2708 3543 2810 3582 non
2843 3527 3102 3598 majorum
3134 3530 3412 3601 splendor,
3442 3532 3531 3587 sed
3559 3548 3666 3588 mo-

2095 3630 2185 3671 res
2210 3616 2404 3673 virtute
2434 3617 2658 3686 pratditi.
2694 3618 2773 3674 Ne
2810 3620 2938 3675 mihi
2967 3621 3201 3688 dixeris,
3243 3633 3396 3694 pater
3430 3634 3513 3680 est
3548 3624 3666 3680 mihi

2094 3708 2303 3764 consul.
2338 3708 2475 3776 Quid
2511 3709 2613 3765 hoc
2653 3712 2717 3767 ad
2762 3713 2892 3768 me?
2920 3713 3035 3769 Non
3067 3714 3169 3770 hoc
3193 3732 3400 3787 qtttero.
3440 3718 3517 3773 Ne
3548 3718 3665 3772 mihi

2097 3797 2313 3865 dixeris,
2334 3808 2536 3869 patrem
2556 3800 2724 3856 habeo
2745 3803 3039 3859 consulem.
3062 3804 3286 3865 Etiamsi
3313 3807 3537 3865 Paulum
3552 3823 3668 3878 apo-

2097 3893 2294 3949 stolum
2319 3904 2521 3962 patrem
2549 3894 2775 3951 haberes
2799 3938 2813 3962 ,
2842 3898 2888 3953 si
2916 3906 3175 3970 martyres
3206 3898 3402 3957 fratres
3424 3943 3438 3965 ,
3473 3910 3526 3957 tu
3552 3916 3668 3957 veru

2099 3986 2346 4040 virtutem
2375 3985 2582 4040 illorum
2616 4002 2718 4042 non
2757 3989 3041 4072 irritat-eris
3065 4033 3080 4057 ,
3113 3992 3241 4047 nihil
3272 3992 3366 4048 tibi
3406 3996 3669 4065 prodesset

2099 4076 2184 4130 illa
2206 4077 2486 4149 cognatio;
2510 4078 2617 4133 imo
2639 4080 2813 4148 potius
2835 4080 2926 4136 tibi
2945 4092 3162 4139 noceret
3182 4093 3336 4153 teque
3356 4086 3668 4141 condemna-

2099 4180 2198 4226 ret.
2221 4171 2407 4236 Mater,
2432 4173 2654 4242 ittquiet,
2679 4189 2793 4229 mea
2819 4174 3211 4248 eleemosynam
3239 4190 3446 4248 erogat.
3480 4179 3667 4249 Ecquid

2102 4263 2203 4320 hoc
2227 4264 2291 4319 ad
2323 4272 2409 4330 te,
2440 4267 2529 4335 qui
2567 4266 2889 4324 inhumanus
2912 4269 3007 4325 es?
3043 4268 3175 4323 Nam
3216 4270 3332 4339 ejus
3381 4271 3671 4327 humanitas

2102 4356 2208 4410 tuis
2236 4355 2491 4425 improbis
2531 4356 2772 4412 moribus
2799 4358 3039 4414 accessio
3078 4358 3543 4416 condemnationis
3574 4372 3667 4416 est.

2101 4446 2235 4515 Quid
2262 4446 2404 4502 enim
2435 4447 2563 4502 dicit
2594 4446 2827 4504 Joannes
2854 4448 3087 4520 Baptista
3124 4449 3189 4504 ad
3223 4452 3475 4519 populum
3505 4450 3670 4505 Judai-

2101 4538 2259 4593 cum?
2276 4537 2452 4593 Facite
2474 4539 2689 4608 fructum
2709 4539 2917 4611 dignum
2940 4541 3263 4611 pwnitentiw,
3289 4552 3333 4595 et
3350 4559 3415 4596 ne
3433 4542 3668 4607 dixeritis,

2103 4641 2296 4702 patrem
2316 4631 2555 4687 habemus
2586 4632 2838 4686 Abraham
2865 4631 3015 4703 (Luc.
3046 4634 3101 4688 5.
3131 4635 3209 4688 8i.
3240 4634 3559 4690 Praeclarum
3583 4635 3670 4688 ha-

2103 4724 2197 4779 bes
2225 4734 2435 4779 atavum
2462 4742 2475 4777 :
2504 4725 2548 4778 si
2577 4725 2811 4780 imitatus
2840 4724 3003 4780 fueris
3025 4767 3038 4787 ,
3071 4725 3195 4780 hinc
3235 4726 3437 4780 lucrum
3479 4727 3671 4787 habes;

2103 4817 2148 4872 si
2177 4833 2279 4871 non
2307 4817 2560 4883 imitatus,
2589 4817 2902 4886 prmclarum
2933 4818 3077 4871 illum
3106 4816 3271 4871 habes
3294 4827 3670 4885 accusatorem,

2104 4911 2245 4982 quod
2271 4928 2339 4966 ex
2366 4911 2505 4966 dulci
2536 4911 2716 4972 radice
2750 4927 2963 4967 amarus
2988 4913 3062 4967 sis
3087 4922 3235 4967 ortus
3271 4910 3489 4969 fructus.
3520 4915 3673 4968 Nuta-

2104 5020 2260 5075 quam
2292 5004 2500 5059 beatum
2532 5004 2785 5072 priedices
2806 5003 3098 5077 hominem,
3120 5005 3269 5075 cujus
3284 5016 3541 5075 cognatus
3561 5021 3649 5075 pro

2111 5095 2210 5149 bus
2238 5104 2339 5160 est,
2369 5094 2467 5149 nisi
2495 5095 2610 5163 ejus
2639 5108 2814 5149 mores
2845 5094 3099 5149 imitetur.
3125 5095 3345 5151 Matrem
3374 5097 3541 5155 habes
3565 5113 3651 5151 san

2104 5191 2286 5247 otttm?
2308 5190 2446 5245 Nihil
2474 5190 2555 5246 ad
2571 5198 2622 5246 te
2658 5188 2847 5252 attinet
2875 5208 2888 5249 :
2920 5197 3142 5263 matrem
3173 5190 3336 5251 habes
3363 5191 3635 5248 scelestam
3658 5226 3671 5243 .

2171 5399 2188 5428 ί
2209 5390 2419 5451 Benzel.,
2435 5400 2556 5459 Cum
2576 5389 2627 5439 in
2641 5387 2818 5461 divitiis
3155 5400 3251 5439 non
3265 5387 3412 5461 gitles,
3426 5398 3621 5461 cumque
3636 5391 3676 5461 tu

2106 5471 2247 5525 poma
2264 5461 2400 5507 acute
2411 5448 2597 5513 'ceruis,
2618 5459 2713 5502 etc.
2739 5453 2998 5525 sequentia
3034 5450 3418 5525 item_paululum
3440 5448 3537 5525 dill'.
3554 5458 3654 5525 rit“:

2168 5520 2240 5582 (a)
2272 5526 2382 5568 tim
2420 5511 2678 5580 parumper
2703 5511 2890 5564 variant
2926 5515 2975 5562 iu
3000 5513 3120 5563 edit.
3144 5511 3357 5573 Beuzel.,
3380 5511 3470 5562 sed
3516 5518 3685 5561 sensu-

2106 5584 2257 5759 ιάἳξὲ
2275 5649 2335 5692 Fa
2372 5640 2480 5694 fere
2503 5638 2687 5710 repetit
2721 5650 2830 5702 qua:
2870 5637 3103 5695 concione
3143 5638 3291 5691 tertia
3313 5649 3472 5701 supra,
3510 5628 3678 5683 uumﬁJ

2111 5713 2163 5759 et
2259 5741 2269 5755 .

2111 5713 2163 5764 ει.
2198 5713 2269 5761 ω.
