4030 6136
276 296 416 354 1035

269 508 428 579 θερος
454 506 550 572 ὢν,
589 510 619 562 6
642 507 699 562 δὲ
714 508 1045 577 διδάσκαλος
1068 512 1190 565 οὐδὲ
1227 512 1531 583 γράμματα
1555 513 1856 582 ἐπιστάμε-

268 616 379 662 νος,
413 598 564 652 οὐδὲν
593 593 668 653 ὧν
696 601 804 654 εἰσι
827 602 1131 670 φαίνονται,
1157 604 1195 655 ἀ
1228 602 1283 656 δέ
1306 603 1443 656 εἰσιν
1466 603 1529 655 οὐ
1571 603 1851 671 φαίνονται

267 690 553 762 (φαίνεται
598 691 708 764 γὰρ
761 694 946 765 ἰατρὸς
969 695 1070 748 οὐκ
1097 694 1173 749 ὢν
1206 695 1413 764 ἰατρὸς,
1460 695 1557 749 καὶ
1596 695 1850 764 φαίνεται

265 783 559 855 φιλόσοφος
591 783 767 856 κόμην
800 784 939 856 ἔχων
970 787 1028 838 ἐν
1059 784 1137 856 τῷ
1159 787 1511 858 προσωπείῳ,
1538 787 1635 840 καὶ
1666 787 1852 856 φαίνε-

262 893 353 930 ται
391 875 733 947 στρατιώτης
758 875 1089 947 στρατιώτου
1130 879 1316 949 σχῆμα
1356 879 1850 951 περιϐεϐλημένοςο

261 966 358 1021 καὶ
388 968 579 1039 ἀπατᾷ
609 970 641 1040 ή
670 967 792 1037 ὄψις
822 967 916 1022 τοῦ
953 971 1319 1040 προσωπείου,
1344 970 1460 1024 ἀλλ’
1504 973 1565 1026 ού
1598 972 1851 1041 ψεύδεται

261 1057 362 1127 τὴν
396 1057 579 1127 φύσιν,
618 1053 682 1129 ἧς
743 1059 1066 1130 μεταϐάλλει
1110 1061 1210 1131 τὴν
1259 1061 1539 1132 ἀλήθειαν.
1588 1063 1698 1116 Καὶ
1746 1063 1852 1128 ἔως

266 1147 369 1215 μὲν
418 1148 742 1214 καθέζονται
788 1152 838 1205 οί
872 1152 1222 1223 τερπόμενοι,
1248 1152 1316 1207 τά
1354 1157 1674 1225 προσωπεῖα
1695 1154 1850 1209 ῖστα-

261 1255 354 1294 ται
382 1257 397 1273 ο
453 1242 671 1297 ἐπειδὰν
699 1256 723 1285 α
751 1243 807 1296 δὲ
840 1243 1052 1317 ἑσπέρα
1103 1245 1425 1319 καταλάϐῃ,
1475 1247 1571 1300 καὶ
1615 1246 1748 1317 λυθῇ
1790 1246 1853 1300 τὸ

263 1330 524 1404 θέατρον,
584 1335 678 1388 καὶ
723 1337 925 1402 πάντες
981 1339 1400 1409 ἀναχωρήσωσι,
1448 1339 1728 1411 ῥίπτονται
1779 1338 1849 1393 τά

263 1426 606 1494 προσωπεῖα,
638 1428 733 1480 καὶ
753 1429 780 1481 6
806 1426 952 1482 ἔνδον
973 1428 1228 1499 βασιλεὺς
1252 1430 1562 1503 εὑρίσκεται
1589 1429 1693 1496 ἔξω
1721 1429 1852 1502 χαλ-

263 1515 518 1581 κότυπος.
563 1517 870 1593 ’Λπερρίφη
909 1521 981 1575 τά
1007 1524 1347 1593 προσωπεῖα,
1372 1522 1615 1593 ἀπῆλθεν
1643 1524 1677 1594 ἡ
1706 1522 1850 1577 ἀπά-

261 1627 353 1681 τη,
386 1610 602 1683 ἐδείχθη
628 1613 660 1684 ή
704 1613 933 1685 ἀλήθεια
956 1627 970 1643 ·
1003 1615 1097 1669 καὶ
1128 1615 1443 1686 εὑρίσκεται
1471 1617 1499 1669 6
1527 1616 1673 1670 ἔνδον
1695 1614 1848 1669 ἐλεύ-

263 1700 444 1773 θερος,
471 1702 576 1770 ἔξω
595 1703 781 1768 δοῦλος
797 1722 812 1736 ⁸
841 1705 979 1777 ὅπερ
995 1705 1103 1777 γὰρ
1124 1702 1297 1771 εἶπον,
1325 1705 1434 1760 ἔσω
1460 1706 1560 1777 μὲν
1584 1709 1615 1778 ή
1638 1707 1845 1779 ἀπάτη,

260 1794 369 1864 ἔξω
397 1795 454 1849 δὲ
480 1797 513 1868 ὴ
540 1795 801 1867 ἀλήθεια*
837 1798 1137 1852 κατέλαϐεν
1167 1798 1222 1852 δέ
1256 1801 1289 1872 ή
1318 1800 1526 1871 ἑσπέρα
1546 1817 1559 1831 ο
1599 1799 1760 1872 ἐλύθη
1785 1799 1848 1854 τὸ

262 1884 509 1958 θέατρον,
537 1886 710 1962 ἐφάνη
742 1891 776 1961 ἡ
804 1889 1082 1961 ἀλήθεια)ο
1115 1889 1258 1945 οὕτω
1282 1891 1376 1944 καὶ
1411 1891 1469 1945 ἐν
1505 1890 1584 1963 τῷ
1620 1891 1720 1963 βίῳ
1753 1891 1847 1945 καὶ

260 1979 319 2034 ἐν
347 1977 427 2049 τῷ
451 1979 630 2034 τέλει’
663 1982 731 2037 τά
751 1982 995 2054 παρόντα
1021 1982 1264 2056 θέατρον,
1287 1984 1356 2038 τά
1377 1983 1681 2056 πράγματα
1709 1983 1846 2037 ὑπό-

259 2090 466 2144 κρισις.
498 2072 727 2139 πλοῦτος
763 2076 859 2129 καὶ
902 2074 1091 2140 πενία,
1129 2075 1223 2129 καὶ
1259 2074 1444 2146 ἅρχων
1472 2076 1567 2129 καὶ
1606 2074 1846 2145 ἀρχόμε-

257 2182 368 2229 νος,
428 2164 522 2219 κοιλ⁸
553 2165 654 2219 ὅσα
717 2166 964 2220 τοιαῦταο
998 2167 1127 2221 ὅταν
1163 2166 1222 2220 δέ
1272 2165 1556 2238 ἀποϐληθῇ
1596 2167 1629 2237 ή
1659 2167 1842 2238 ἡμέρα

258 2256 463 2325 ἐκείνη,
494 2258 587 2311 καὶ
616 2257 746 2333 ἔλθῃ
772 2260 805 2331 ή
834 2258 929 2325 νὺξ
952 2258 1137 2329 ἐκείνη
1159 2259 1191 2330 ἠ
1215 2258 1444 2331 φοϐερά,
1482 2259 1683 2330 μᾶλλον
1717 2258 1775 2311 δὲ
1807 2259 1841 2329 ή

255 2349 463 2421 ήμέρα,
491 2350 587 2418 νὺξ
615 2351 713 2422 μὲν
739 2354 852 2415 τοῖς
886 2352 1252 2424 ἁμαρτωλοῖς,
1280 2350 1467 2423 ἡμέρα
1512 2352 1571 2406 δέ
1604 2353 1718 2415 τοῖς
1767 2349 1844 2402 δι-

258 2441 463 2505 καίοις’
514 2443 641 2497 ὅταν
671 2442 803 2515 λυθῇ
833 2445 895 2498 τὸ
928 2444 1175 2517 θέατρον,
1229 2446 1358 2500 ὅταν
1392 2447 1522 2517 ῥιφῇ
1564 2444 1634 2498 τὰ
1667 2461 1842 2515 προσ-

255 2535 452 2598 ωπεῖα,
476 2533 606 2588 ὅταν
626 2533 987 2606 δοκιμάζηται
1018 2536 1247 2600 ἔκαστος
1272 2536 1368 2590 καὶ
1394 2536 1462 2589 τά
1484 2534 1622 2607 ἔργα
1649 2534 1837 2600 αὐτοῦ,

256 2624 358 2696 οὐχ
387 2624 619 2691 ἔκαστος
644 2628 738 2681 καὶ
767 2629 795 2680 6
826 2627 1053 2693 πλοῦτος
1078 2628 1267 2693 αὑτοῦ,
1296 2629 1396 2701 οὐχ
1422 2629 1654 2693 ἔκαστος
1682 2630 1775 2683 καὶ
1806 2631 1841 2702 ή

255 2717 401 2789 ἀρχὴ
432 2718 621 2784 αὐτοῦ,
651 2720 752 2791 οὐχ
775 2719 1006 2784 ἔκαστος
1030 2722 1124 2778 καὶ
1156 2720 1355 2793 ήδτιμὴ
1376 2720 1565 2789 αὑτοῦ,
1596 2721 1694 2791 οὐχ
1712 2721 1844 2775 ἔκα-

258 2825 384 2873 στος
405 2810 501 2864 καὶ
526 2812 558 2882 ή
596 2810 885 2865 δυναστεία
903 2810 1092 2877 αὐτοῦ,
1114 2812 1228 2866 ἀλλ’
1250 2812 1478 2877 ἔκαστος
1497 2814 1590 2867 καὶ
1616 2813 1683 2867 τὰ
1705 2812 1844 2885 ἔργα

255 2902 445 2966 αὑτοῦ,
480 2904 574 2957 καὶ
596 2904 802 2976 ἄρχων,
825 2905 921 2959 καὶ
954 2904 1226 2976 βασιλεὺς,
1260 2906 1357 2959 καὶ
1383 2907 1542 2977 γυνὴ,
1570 2907 1664 2961 καὶ
1678 2906 1839 2977 ἀνὴρ,

254 2994 345 3048 δτε
368 2996 518 3066 ἡμᾶς
544 2995 655 3066 βίον
677 2998 901 3051 ἀπαιτεῖ
919 2998 1014 3052 καὶ
1032 2997 1261 3069 πράξεις
1290 2995 1523 3067 ἀγαθὰς,
1550 2998 1650 3051 οὐκ
1679 2996 1843 3065 ἀξιω-

258 3087 449 3159 μάτων
473 3090 656 3159 δγκον,
684 3091 746 3145 οὐ
773 3091 962 3156 πενίας
979 3091 1274 3157 εὐτέλειαν,
1290 3091 1351 3144 ού
1383 3092 1842 3162 καταφρονήσεως

251 3182 571 3253 τυραννίδα·
613 3183 736 3256 ἐμοὶ
774 3184 910 3259 ἔργα
929 3186 1040 3250 δὸς,
1078 3184 1229 3258 [781]
1257 3183 1360 3239 κᾶν
1385 3184 1572 3248 δοῦλος
1597 3180 1664 3260 ᾖς
1688 3228 1701 3242 .
1743 3184 1840 3239 τοῦ

254 3275 541 3346 ἐλευθέρου
568 3277 827 3348 ἀμείνων,
854 3277 959 3332 κάν
981 3277 1120 3349 γυνὴ
1147 3273 1235 3353 ᾖς.
1262 3278 1356 3332 τοῦ
1389 3278 1579 3351 ἀνδρὸς
1604 3278 1842 3350 ἀνδρειο-

252 3368 391 3436 τέρα
411 3385 425 3398 σ
461 3366 683 3423 ἐπειδάν
709 3370 839 3439 ῥιφῇ
872 3369 942 3422 τὰ
963 3371 1305 3440 προσωπεῖα,
1329 3369 1450 3423 τότε
1481 3368 1842 3438 φαίνεταικαὶ

255 3457 283 3509 ὃ
312 3456 590 3521 πλούσιος,
608 3457 702 3510 καὶ
720 3459 749 3510 6
776 3457 947 3529 πένης
968 3475 982 3489 ο
1011 3458 1105 3513 καὶ
1129 3459 1319 3531 ῶσπερ
1340 3453 1443 3513 ὧδε
1466 3460 1685 3514 ἐπειδὰν
1705 3455 1839 3531 λυθῇ

251 3548 315 3602 τὸ
338 3548 590 3620 θέατρον,
615 3549 709 3603 καί
736 3567 822 3613 τις
847 3549 1003 3621 ήμῶν
1031 3550 1145 3605 ἀνω
1172 3551 1477 3623 καθήμενος
1503 3551 1587 3625 ῖδῃ
1614 3552 1705 3606 τὸν
1732 3551 1841 3606 ἔσω

253 3639 565 3709 φιλόσοφον,
590 3638 697 3708 ἔξω
718 3641 1078 3712 χαλκότυπον,
1103 3641 1280 3711 λέγει’
1310 3642 1450 3705 Οὐὰ,
1475 3637 1627 3707 οὗτος
1649 3644 1748 3698 ούκ
1772 3639 1840 3715 ἦν

253 3731 363 3793 ἔσω
388 3731 676 3802 φιλόσοφος
699 3751 714 3798 ;
753 3732 869 3800 ἔξω
891 3733 1228 3805 χαλκότυπον
1249 3734 1361 3806 δρῶ
1379 3753 1394 3767 ο
1424 3728 1577 3800 οὗτος
1598 3736 1698 3789 ούκ
1733 3736 1841 3789 ἔσω

256 3822 544 3895 βασιλεύς;
578 3824 682 3891 ἔξω
705 3826 895 3898 εὐτελῆ
921 3845 1043 3882 τινα
1080 3828 1191 3901 ὁρῶ
1213 3848 1224 3862 ·
1257 3822 1412 3895 οὗτος
1449 3831 1548 3885 οὐκ
1595 3825 1664 3901 ἦν
1694 3830 1840 3884 ἔνδον

256 3915 540 3983 πλούσιος;
572 3917 677 3985 ἔξω
700 3920 911 3991 πένητα
946 3919 1060 3993 δρῶ
1079 3937 1092 3950 ·
1118 3920 1294 3986 οὕτως
1315 3923 1412 3975 καὶ
1458 3924 1576 3976 ἐκεῖ
1605 3921 1836 3991 γίνεται.

328 4014 403 4073 ς’,
427 4009 523 4064 Διά
543 4009 701 4065 τοῦτο
728 4011 828 4065 ούκ
853 4010 973 4080 ἄγω
1000 4011 1091 4065 τὸν
1120 4011 1278 4080 λόγον
1303 4013 1383 4076 εἰς
1407 4012 1629 4079 πλάτος,
1654 4011 1740 4066 ἵνα
1765 4012 1839 4085 μὴ

254 4100 473 4171 συγχέω
529 4102 620 4156 τὸν
666 4104 947 4175 ἀκροατὴν
991 4102 1069 4175 τῷ
1108 4103 1301 4177 πλήθει
1338 4105 1447 4161 τῶν
1491 4103 1838 4174 λεγομένων·

251 4191 368 4250 ἀλλ’
398 4193 479 4255 είς
510 4192 604 4263 δύο
654 4198 974 4263 προσωπεῖα
1020 4195 1118 4266 τὴν
1142 4195 1433 4268 ὑπόκρισιν
1473 4194 1568 4250 τοῦ
1607 4193 1838 4266 θεάτρου

252 4282 608 4354 παραστῆσαι
636 4282 917 4355 βούλομαι.
973 4284 1078 4337 Δύο
1109 4287 1429 4356 προσωπεῖα
1462 4282 1842 4356 μετεχειρισά-

256 4392 388 4446 μην,
424 4374 534 4428 ἀπὸ
581 4374 690 4427 τῶν
721 4374 813 4428 δύο
857 4374 1063 4429 τούτων
1122 4375 1335 4447 τέμνων
1373 4377 1501 4447 ὑμῖν
1557 4377 1708 4440 ὁδὸν,
1746 4378 1842 4434 καὶ

252 4466 431 4531 διδοὺς
481 4467 756 4539 ἀφορμήν.
796 4466 1163 4521 Ἐνεπλάτυνα
1192 4467 1349 4539 ὑμῶν
1377 4468 1475 4541 τὴν
1497 4468 1742 4526 διάνοιαν
1770 4472 1838 4543 τῇ

251 4560 505 4632 διηγήσει
536 4558 631 4613 τοῦ
660 4559 927 4632 παρόντος
982 4559 1120 4630 βίου,
1155 4560 1297 4614 ὥστε
1327 4560 1560 4615 ἕκαστον
1590 4578 1842 4632 καταμαη

254 4651 370 4707 όεῖν
386 4652 485 4725 τὴν
510 4651 776 4722 διαφοράν
804 4651 913 4705 τῶν
941 4652 1302 4725 πραγμάτων.
1336 4652 1442 4706 Δύο
1472 4653 1654 4706 τοίνυν
1676 4670 1842 4726 προσο

251 4727 462 4805 ωπεῖσί·
495 4744 523 4795 ὁ
555 4731 666 4815 ’μὲν
724 4744 1070 4813 προσωπεῖον
1101 4738 1215 4812 εἶχε
1257 4741 1538 4806 πλουσίου,
1568 4744 1598 4796 6
1629 4743 1685 4798 δὲ
1745 4743 1841 4796 πέ-

251 4854 440 4907 νητος·
473 4838 501 4889 ὀ
527 4835 774 4908 Λάζαρος
805 4838 1148 4907 προσωπεῖον
1174 4836 1427 4908 πένητος,
1453 4838 1482 4889 6
1499 4835 1556 4889 δέ
1586 4835 1840 4902 πλούσιος

253 4931 598 5001 προσωπεῖον
619 4927 873 4982 πλουσίου
893 4945 908 4958 ·
949 4931 1269 5000 προσωπεῖα
1288 4929 1373 5013 χά
1425 4929 1748 5000 φαινόμενα,
1777 4930 1838 4984 οὐ

251 5018 600 5090 πραγμάτων
629 5018 856 5091 ἀλήθεια
870 5018 917 5072 b.
936 5019 1201 5089 ’Λπῆλθον
1228 5019 1531 5091 ἀμφότεροι
1559 5021 1695 5081 ἐκεῖ,
1725 5021 1754 5073 ὅ
1782 5037 1838 5074 τε

253 5113 534 5177 πλούσιος,
582 5113 673 5167 καὶ
707 5114 736 5165 ὁ
781 5111 982 5183 πένηςο
1015 5112 1208 5165 ἔλαϐον
1260 5112 1351 5166 τὸν
1379 5104 1631 5184 Λάζαρον
1664 5114 1713 5166 οἱ
1739 5112 1839 5181 ἀγ-

253 5205 429 5275 γελοι·
481 5205 620 5276 μετά
652 5204 778 5268 τοὺς
828 5204 997 5270 κύνας
1027 5205 1270 5275 ἄγγελοι,
1319 5206 1457 5276 μετά
1489 5206 1580 5259 τὸν
1616 5207 1839 5264 πυλῶνα

317 5506 345 5573 f‘
368 5504 586 5573 Brute]:
607 5505 841 5573 ἀλήθειαν.
888 5503 1016 5573 καθὸ
1040 5504 1122 5566 μὲν
1150 5505 1420 5573 γὰρ-σκῃπή
1445 5506 1476 5568 ᾖ
1509 5508 1591 5556 καὶ
1616 5508 1834 5573 μθέατρον,

250 5570 335 5616 καὶ
356 5568 717 5631 σνγκοιθέζονται
741 5571 785 5615 οἱ
802 5567 1079 5631 τερπρμενοι
1112 5568 1194 5627 μὲν
1217 5568 1281 5622 εἰς
1299 5569 1371 5631 τὰ,
1389 5570 1686 5631 προσωπεῖα,
1709 5567 1838 5621 ﬁta;

254 5645 356 5686 σαν,
380 5638 426 5677 el
452 5629 686 5677 nnnnulla
713 5627 878 5689 postea
905 5627 1227 5676 observantur
1250 5627 1438 5680 modica'
1456 5631 1753 5682 discrimina.

319 5689 657 5759 Pﬂppaamafa
681 5692 737 5738 τὰ
762 5691 1030 5755 ραινύιιενα,
1064 5690 1117 5737 ού
1148 5692 1436 5759 πραγμάτων
1469 5694 1678 5752 ἀ).ή’·εια.
1710 5697 1837 5753 Ben-

252 5753 347 5804 121.
368 5753 624 5815 πρόσωπα.

1448 276 1557 354 DE
1593 298 1870 355 ιΑΖΑιιο
1908 297 2160 358 como
2199 300 2283 357 γι.
2535 338 2541 351 .
2850 354 2853 359 .

268 414 408 470 ἀλλά
434 412 618 487 ίατροῦ
643 412 835 486 ἱμάτια
867 415 1351 490 περιϐεϐλημένος,
1368 421 1397 473 6
1424 419 1481 473 δὲ
1499 420 1682 485 δοῦλος
1704 418 1853 480 ἐλεύὶ
1958 420 2055 475 τοῦ
2084 423 2341 477 πλουσίου
2366 423 2394 477 6
2426 422 2622 487 κόλπος
2649 422 2741 477 τοῦ
2786 420 3056 493 Ἁϐραάμ,
3095 419 3233 492 μετά
3259 421 3351 475 τὸν
3382 419 3540 492 λιμὸν

3401 303 3541 377 ιοεε

1954 516 2181 588 εύθηνία
2208 517 2382 589 πέρας
2416 518 2517 572 οὐκ
2559 517 2778 587 ἔχουσα,
2814 515 2956 587 μετά
2992 517 3093 586 τὴν
3127 516 3308 587 θλῖψιν
3351 517 3540 581 ἄνεσις

1954 609 2320 674 ἁκατάλυτος·
2393 612 2601 664 ἐκεῖνον
2650 608 2708 662 δὲ
2771 609 2864 662 τὸν
2928 607 3182 662 πλούσιον
3246 608 3385 681 μετὰ
3445 608 3538 662 τδν

1958 697 2189 752 πλοῦτον
2239 700 2424 763 πενία,
2483 699 2620 770 μετά
2672 699 2771 771 τὴν
2815 697 3095 771 τράπεζαν
3139 699 3237 772 τὴν
3277 698 3538 753 πλουσίαν

1956 789 2179 854 κόλασις
2208 790 2304 845 καὶ
2326 791 2589 862 τιμωρία,
2635 792 2773 862 μετά
2809 789 2906 860 τὴν
2934 792 3118 847 ἄνεσιν
3144 790 3325 846 ὀδύναι
3361 792 3536 861 ἀγαρ-

1953 884 2192 956 τέρητοι.
2209 885 2318 938 Καὶ
2345 884 2447 956 δρα
2463 884 2517 937 τί
2537 883 2777 952 γίνεται·
2798 884 3065 956 ’Λπῆλθον
3085 885 3220 950 ἐκεῖ,
3250 885 3344 938 καὶ
3369 883 3534 955 ἐλύθη

1951 977 2014 1030 τὸ
2058 976 2314 1048 θέατρον·
2367 976 2729 1047 ἀπεκαλύφθη
2759 976 2831 1030 τά
2861 980 3205 1049 προσωπεῖα,
3255 977 3536 1047 φαίνονται

1952 1067 2140 1122 λοιπὸν
2176 1069 2232 1122 αἱ
2260 1066 2433 1137 ὄψεις.
2472 1066 2742 1137 Ἀπῆλθον
2767 1068 3074 1139 ἀμφότεροι
3100 1069 3237 1132 ἐκεῖ,
3266 1068 3361 1121 καὶ
3383 1068 3485 1139 ὁρᾷ
3507 1068 3537 1120 6

1955 1161 2219 1225 πλούσιος
2250 1160 2793 1232 ἀποτηγανιζόμενος
2826 1159 2916 1213 τὸν
2946 1158 3196 1231 Λάζαρον
3231 1160 3289 1211 ἐν
3316 1159 3537 1224 κόλποις

1952 1250 2046 1305 τοῦ
2084 1251 2338 1323 Ἀϐραὰμ
2362 1250 2781 1321 εὐθηνούμενον,
2808 1248 3172 1315 ἀπολαύοντα,
3212 1249 3535 1321 τρυφῶντα·

1953 1342 2049 1398 καὶ
2101 1341 2250 1411 λέγει
2296 1342 2434 1413 πρὸς
2477 1341 2675 1397 αὐτόν·
2711 1340 2905 1410 Πάτερ
2944 1341 3234 1410 Ἀϐραὰμ,
3292 1342 3537 1414 πέμψον

1958 1434 2247 1505 Λάζαρον,
2277 1436 2378 1489 ἵνα
2399 1434 2560 1504 ἄκρῳ
2586 1432 2667 1501 τῷ
2684 1433 2967 1502 δακτύλῳ
3008 1433 3196 1489 αὐτοῦ
3240 1434 3535 1501 ἐπιστάξῃ

1947 1545 2068 1599 μου
2110 1526 2188 1597 τῇ
2233 1527 2493 1600 γλώττῃ,
2553 1526 2643 1599 ὅτι
2674 1522 3200 1596 ἀποτηγανίζομαι.
3255 1525 3320 1579 Τί
3365 1520 3460 1578 οὖν
3506 1528 3536 1579 6

1964 1620 2246 1695 Ἀϐραάμ;
2287 1619 2532 1688 Τέκνον,
2563 1618 2864 1684 ἀπέλαϐες
2900 1618 2974 1672 τὰ
3016 1616 3208 1686 ἀγαθά
3248 1634 3366 1672 σου
3382 1657 3396 1682 ,
3432 1619 3534 1672 καὶ

1950 1711 2221 1783 Λάζαρος
2251 1714 2327 1767 τὰ
2361 1713 2516 1768 κακὰ
2535 1710 2722 1766 αὑτοῦ
2747 1728 2761 1742 ο
2784 1710 2885 1766 καὶ
2917 1711 3037 1765 νῦν
3066 1706 3244 1776 οὗτος
3265 1725 3533 1778 παρακα-

1955 1804 2169 1868 λεῖται,
2215 1802 2298 1858 σὺ
2339 1802 2410 1856 δὲ
2457 1800 2773 1857 ὀδυνᾶσαι.
2826 1802 3066 1866 ’Ἄλλως
3117 1798 3187 1852 δὲ
3237 1798 3337 1851 καὶ
3389 1796 3536 1866 χάος

1943 1896 2174 1967 μεταξὺ
2204 1893 2375 1966 ἡμῶν
2401 1895 2501 1950 καὶ
2518 1894 2687 1965 ὑμῶν
2712 1893 3085 1961 ἐστήρικται,
3123 1891 3255 1951 ἵνα,
3290 1890 3401 1944 ἐάν
3443 1907 3536 1956 τις

1943 1989 2250 2056 βούληται
2274 1986 2557 2042 ἐντεῦθεν
2589 1984 2719 2040 ἐκεῖ
2752 1983 3034 2053 διαϐῆναι
3063 1981 3213 2053 πρὸς
3237 1981 3415 2051 ὑμᾶς,
3445 1982 3532 2050 μὴ

1948 2080 2218 2149 δύνηται.
2306 2078 2613 2152 Προσέχετε
2660 2093 2675 2108 ’
2765 2077 3039 2148 χρήσιμος
3112 2074 3222 2146 γὰρ
3299 2074 3329 2125 ὁ
3404 2073 3534 2143 περὶ

1947 2170 2154 2226 τούτων
2183 2170 2363 2239 λόγος,
2393 2169 2574 2239 φοϐῶν
2619 2169 2744 2240 μὲν,
2773 2158 3055 2239 καθαίρων
3074 2166 3151 2231 δέ,
3181 2163 3384 2218 ὀδυνῶν
3411 2164 3531 2233 μὲν.

1947 2262 2325 2334 διορθούμενος
2341 2262 2419 2317 δέ.
2443 2261 2610 2333 Δέχου
2633 2262 2701 2315 τά
2728 2259 3126 2330 λεγόμενα.Ὦν
3152 2257 3218 2328 δὴ
3235 2258 3292 2309 ἐν
3313 2258 3425 2319 τοῖς
3446 2254 3536 2325 βα-

1950 2358 2133 2417 σάνοις
2146 2358 2174 2410 6
2192 2354 2445 2418 πλούσιος
2459 2352 2742 2421 ἀνέϐλεψε,
2762 2352 2857 2406 καὶ
2882 2347 2989 2404 εῐδε
3017 2349 3110 2403 τὸν
3127 2349 3395 2419 Λάζαρον·
3424 2343 3533 2400 εἶδε

1948 2447 2114 2502 καινά
2145 2448 2466 2519 πράγματα.
2499 2447 2594 2508 Εἰς
2608 2445 2701 2498 τὸν
2721 2442 2943 2498 πυλῶνά
2959 2459 3050 2496 σου
3064 2438 3132 2514 ἦν
3155 2440 3276 2495 καθ’
3294 2440 3534 2509 ἑκάστην

1946 2540 2160 2614 ἡμέραν
2174 2554 2188 2568 ⁸
2203 2538 2456 2611 δεύτερον
2473 2539 2567 2591 καὶ
2581 2537 2765 2609 τρίτον
2782 2536 3038 2607 είσήρχου
3059 2533 3150 2588 καὶ
3172 2533 3265 2604 ἐξή
3274 2550 3422 2604 ρχου,
3440 2531 3533 2584 καὶ

1945 2634 2047 2686 ούκ
2088 2631 2313 2695 ἔϐλεπες
2356 2630 2550 2685 αὐτόν·
2582 2631 2679 2683 καὶ
2712 2629 2802 2682 ὅτε
2839 2629 2918 2690 είς
2959 2626 3029 2680 τὰ
3073 2627 3285 2698 τήγανα
3323 2620 3394 2688 εἷ,
3423 2624 3533 2677 ἀπὸ

1944 2724 2315 2796 διαστήματος
2353 2722 2605 2793 βλέπεις;
2660 2721 2790 2774 Ὅτε
2843 2719 2902 2774 ἐν
2947 2717 3027 2789 τῷ
3068 2716 3285 2789 πλούτῳ
3322 2716 3528 2787 διῆγες,

1943 2815 2034 2868 ὅτε
2063 2814 2121 2866 ἐν
2142 2815 2207 2884 τῇ
2238 2812 2401 2884 βουλῇ
2438 2827 2533 2865 σου
2558 2811 2620 2864 τὸ
2648 2812 2782 2882 όρᾷν
2814 2805 2902 2881 ἦν,
2934 2808 2996 2862 οὐ
3022 2807 3253 2881 προέθου
3285 2806 3380 2861 τοῦ
3404 2807 3532 2861 ἰδεῖν

1945 2904 2139 2960 αὐτόν’
2201 2902 2343 2956 ἱνατί
2381 2901 2475 2956 νῦν
2509 2901 2819 2973 ὀξυδερκεῖς
2841 2911 2907 2965 c;
2960 2900 3063 2953 οὐκ
3109 2900 3168 2952 ἐν
3215 2897 3292 2968 τῷ
3324 2896 3532 2950 πυλῶνι

1947 3010 2041 3047 σου
2084 2989 2183 3064 ἦν;
2221 2992 2339 3055 πῶς
2386 2991 2549 3045 αὐτὸν
2598 2991 2701 3043 ούκ
2754 2989 3013 3053 ἔϐλεπες;
3066 2989 3233 3057 ἐγγὺς
3271 2987 3399 3041 ὄντα
3429 2987 3532 3039 οὐκ

1944 3081 2104 3147 εἶδες,
2135 3085 2230 3137 καὶ
2251 3082 2346 3137 νῦν
2372 3084 2482 3136 ἀπὸ
2507 3082 2873 3152 διαστήματος
2902 3080 3141 3150 βλέπεις,
3164 3079 3257 3133 καὶ
3276 3079 3529 3132 τοσούτου

1943 3177 2109 3248 χάους
2157 3175 2342 3241 δντοςς
2377 3175 2488 3228 Καὶ
2530 3173 2583 3226 τί
2633 3174 2817 3237 ποιεῖ;
2853 3171 2958 3224 Τὸν
3008 3170 3262 3242 Ἀϐραὰμ
3316 3170 3530 3241 πατέρα

1944 3268 2120 3322 καλεῖ.
2175 3267 2242 3320 Τί
2299 3264 2481 3334 λέγεις
2529 3263 2776 3335 πατέρα,
2837 3256 2900 3318 οὗ
2947 3263 3048 3316 ούκ
3105 3262 3364 3333 ἐμιμήσω
3429 3262 3530 3332 τὴν

1946 3357 2289 3429 φιλοξενίανς
2323 3356 2543 3427 Πατέρα
2571 3353 2729 3408 καλεῖ
2765 3345 2940 3417 οὗτος,
2975 3353 3165 3406 τέκνον
3189 3353 3429 3416 ἐκεῖνος·
3458 3352 3530 3405 τά

1944 3451 2184 3522 ὀνόματα
2237 3450 2336 3521 τῆς
2369 3445 2710 3517 συγγενείας,
2737 3445 2830 3499 καὶ
2876 3443 3113 3515 οὐδαμοῦ
3147 3444 3181 3516 ή
3223 3442 3526 3514 ἀντίληψις.

1957 3543 2118 3605 Ἀλλά
2142 3541 2408 3615 προφέρει
2453 3541 2518 3594 τὰ
2549 3539 2813 3609 ὀνόματα,
2845 3537 2932 3591 ἵνα
2970 3536 3200 3609 μάθητε,
3226 3538 3306 3591 ὅτι
3337 3536 3526 3606 γένους

1944 3636 2135 3707 ὄφελος
2159 3634 2312 3691 οὐδέν
2346 3632 2518 3707 [782].

2015 3727 2284 3797 Εύγένεια
2312 3726 2423 3799 γὰρ
2451 3726 2512 3779 ού
2536 3723 2817 3797 προγόνων
2845 3723 3194 3793 περιφάνεια,
3240 3721 3379 3776 ἀλλά
3407 3723 3527 3794 1:96-

1945 3840 2062 3877 πων
2094 3822 2285 3894 ἀρετή.
2323 3820 2413 3890 Μή
2465 3837 2553 3890 μοι
2583 3818 2743 3887 λέγε·
2781 3817 3001 3887 Πατέρα
3049 3814 3157 3885 ἔχω
3194 3815 3419 3869 ὕπατον.
3460 3814 3525 3868 Τί

1944 3915 2081 3986 πρὸς
2109 3912 2244 3984 ἐμέ;
2272 3912 2347 3966 Οὐ
2370 3908 2513 3976 λέγω
2535 3908 2712 3962 τοῦτο.
2742 3909 2832 3977 Μή
2873 3923 2963 3977 μοι
2981 3904 3108 3973 λέγε
3125 3921 3139 3934 ’
3166 3904 3387 3975 Πατέρα
3414 3906 3524 3976 ἔχω

1944 4008 2150 4062 ὕπατον
2176 4005 2226 4059 ἀ.
2261 4003 2474 4058 Παῦλον
2506 4002 2599 4055 τὸν
2644 3998 2940 4054 ἀπόστολον
2971 3998 3067 4052 ἐὰν
3105 3996 3235 4067 ἔχῃς
3282 3995 3519 4065 πατέρα,

1943 4099 2038 4154 καὶ
2062 4097 2325 4166 ἀδελφοὺς
2351 4094 2447 4148 ἔάν
2472 4093 2601 4165 ἔχῃς
2634 4092 2941 4163 μάρτυρας,
2988 4089 3053 4142 σὺ
3083 4088 3142 4142 δὲ
3186 4087 3261 4158 μὴ
3308 4087 3525 4160 μιμήσῃ

1944 4191 2124 4248 αὐτῶν
2150 4192 2251 4261 τὴν
2276 4188 2500 4262 ἀρετὴν,
2534 4185 2686 4239 οὐδέν
2726 4201 2810 4237 σοι
2835 4182 3028 4253 ὄφελος
3055 4182 3155 4251 τῆς
3183 4179 3520 4249 συγγενείας,

1943 4283 2079 4337 ἀλλά
2105 4281 2305 4354 μᾶλλον
2333 4278 2535 4349 ἔϐλαψε
2556 4277 2651 4331 καὶ
2674 4275 3050 4329 κατεδίκασεν.
3092 4273 3158 4325 Ἡ
3184 4272 3368 4343 μήτηρ
3397 4287 3521 4340 μου,

1945 4376 2133 4449 φησὶν,
2168 4374 2417 4445 ἐλεήμων
2446 4369 2614 4425 ἐστίν.
2642 4369 2752 4422 Καὶ
2785 4366 2838 4420 τί
2860 4366 2995 4436 πρὸς
3026 4367 3085 4419 σὲ
3112 4363 3202 4417 τὸν
3230 4361 3526 4435 ἀπάνθρω-

1946 4485 2082 4534 πον;
2139 4469 2172 4539 ή
2222 4466 2330 4537 γὰρ
2363 4462 2577 4532 ἐκείνης
2625 4456 3005 4530 φιλανθρωπία
3059 4454 3346 4526 προσθήκη
3388 4469 3522 4508 κατ-

1948 4558 2183 4631 ηγορίας
2212 4558 2311 4627 τῆς
2347 4555 2446 4624 σῆς
2480 4549 2869 4623 κακοτροπίας.
2890 4548 2955 4601 Τί
2994 4548 3106 4619 γὰρ
3131 4548 3160 4601 6
3212 4545 3523 4615 Βαπτιστὴς

1958 4652 2217 4720 Ἰωάννης
2272 4646 2405 4719 φησὶ
2452 4645 2590 4718 πρὸς
2652 4642 2744 4695 τὸν
2800 4640 2973 4711 δῆμον
3031 4639 3123 4692 τὸν
3187 4635 3520 4701 Ἰουδαῖκόνς

1944 4740 2245 4808 Ποιήσατε
2300 4735 2538 4805 καρπὸν
2565 4733 2740 4799 ἄξιον
2767 4731 2878 4800 τῆς
2909 4729 3252 4801 μετανοίας,
3306 4726 3405 4780 καὶ
3435 4724 3521 4795 μὴ

1943 4834 2161 4900 δόξητε
2196 4829 2427 4901 λέγειν·
2454 4824 2689 4894 Πατέρα
2711 4824 2930 4895 ἔχομεν
2958 4822 3068 4875 τὸν
3103 4817 3379 4887 Ἀϐραάμ.
3414 4817 3522 4869 Εὐ-

1942 4926 2165 4996 δόκιμον
2210 4923 2356 4993 ἔχεις
2397 4919 2696 4991 πρόγονονς
2735 4916 2828 4970 ἐὰν
2868 4912 3143 4986 ζηλώσῃς,
3178 4911 3475 4981 ἐκέρδανας
3502 4924 3519 4938 ·

1942 5017 2040 5071 ἐάν
2070 5016 2127 5070 δὲ
2164 5015 2240 5086 μὴ
2268 5012 2541 5087 ζηλώσῃς,
2572 5011 2879 5080 κατήγορος
2910 5006 3119 5076 γίνεται
3146 5006 3174 5057 ὁ
3205 5003 3487 5073 εὐδόκιμος

1941 5111 2024 5165 ὅτι
2062 5108 2171 5165 ἀπὸ
2207 5105 2365 5179 ῥίζης
2390 5104 2605 5167 δικαίας
2647 5100 2845 5171 πικρὸς
2890 5098 3023 5166 ἔφυς
3067 5096 3296 5168 καρπός.
3344 5094 3524 5164 Μηδέ-

1942 5220 2075 5258 ποτε
2127 5198 2440 5272 μακαρίσῃς
2479 5196 2766 5266 ἄνθρωπον
2805 5190 2999 5260 ἔχοντα
3028 5185 3268 5256 συγγενῆ
3295 5184 3521 5242 δίκαιον,

1942 5297 2039 5351 ἐὰν
2074 5293 2149 5367 μὴ
2187 5293 2421 5365 μιμῆται
2465 5285 2632 5341 αὐτοῦ
2672 5285 2799 5346 τοὺς
2829 5282 3086 5354 τρόπους.
3120 5278 3351 5349 Μητέρα
3383 5278 3523 5347 ἔχεις

1943 5389 2131 5459 ἁγίανς
2153 5386 2320 5441 Οὐδὲν
2353 5382 2489 5454 πρὸς
2511 5378 2592 5435 σέ.
2615 5375 2850 5448 Μητέρα
2872 5373 3026 5446 ἔχεις
3046 5370 3290 5444 πονηράν
3314 5388 3328 5436 ;
3361 5370 3526 5423 Οὐδὲν

2006 5632 2027 5659 ε
2069 5627 2266 5675 Remel.
2289 5625 2369 5672 ὅτε
2393 5623 2440 5671 ἐν
2459 5623 2528 5683 τῷ
2566 5620 2758 5683 πλούτῳ
2799 5618 3120 5683 γεγανωμένος
3219 5616 3420 5683 βλέπεις,
3451 5615 3462 5627 ’
3477 5627 3530 5660 τε

1943 5692 1989 5740 έν
2014 5695 2069 5748 τῇ
2094 5688 2289 5736 κολάσει
2313 5677 2588 5748 ὀξυδερκεῖς.
2613 5677 2880 5748 δοιμίςιιιίξὶ
2899 5677 3021 5748 item
3047 5677 3245 5743 paulum
3268 5677 3519 5727 dilferuut.

2009 5750 2036 5797 ά
2052 5742 2205 5805 Addit
2228 5749 2425 5799 Bcuzel.
2451 5742 2595 5796 τοῦτο
2618 5742 2709 5810 γάρ
2725 5742 2866 5809 μῦθός
2890 5746 3032 5800 ἐστιν.
