4030 6136
553 332 700 391 ’1057

566 448 701 522 πρὸς
729 449 810 506 σέ.
867 449 1074 523 Ὠσπερ
1100 451 1368 525 ἐκείνηςὴ
1408 455 1576 527 ἀρετὴ
1609 456 1709 510 ούκ
1729 458 1934 527 ωφελεῖ
1966 473 2026 509 σε
2054 456 2129 526 μὴ

565 530 832 600 ζηλοῦντα
863 532 1034 603 αὐτῆς
1078 532 1175 605 τὴν
1213 535 1445 608 ἀρετὴν,
1496 537 1673 603 οὕτως
1723 539 1844 594 οὐδὲ
1882 542 1915 610 ἡ
1967 539 2134 593 κακία

563 613 736 682 αὐτῆς
766 613 995 683 βλάπτει
1050 632 1131 680 σε,
1186 617 1280 670 ἐὰν
1336 620 1649 692 μεταϐάλῃς
1702 622 1801 695 τὴν
1845 622 2143 694 πονηρίαν-

575 698 714 751 Ἀλλ’
753 698 944 771 ὥσπερ
986 700 1103 754 ἐκεῖ
1136 701 1320 770 μεῖζον
1364 703 1428 756 τὸ
1473 703 1746 777 ἔγκλημα,
1776 708 1883 774 ὅτι,
1925 706 2134 761 οἴκοθεν

558 779 699 851 ἔχων
721 782 1025 854 ὑπόδειγμα
1042 823 1057 847 ,
1089 784 1190 838 οὐκ
1211 787 1467 857 ἐμιμήσω
1492 786 1591 859 τὴν
1624 790 1848 861 ἀρετήν·
1875 789 2016 843 οὕτω
2041 788 2135 843 καὶ

559 865 793 920 ἐνταῦθα
824 866 885 919 τὸ
921 867 1197 941 ἐγκώμιον
1251 871 1455 940 μεῖζον,
1488 872 1570 925 ὅτι
1619 872 1831 944 μητέρα
1874 891 1956 938 τις
1994 874 2135 944 ἔχων

558 950 820 1018 πονηρὰν,
851 949 950 1004 οὐκ
979 952 1292 1024 ἐμιμήσατο
1319 954 1417 1027 τὴν
1462 957 1727 1028 πονηρίαν
1770 957 1960 1028 αὐτῆς,
2015 956 2132 1011 ἀλλ’

557 1028 668 1085 ἀπὸ
699 1032 856 1104 ῥίζης
889 1037 1093 1105 πικρᾶς
1117 1036 1217 1106 ἕφυ
1268 1039 1516 1110 καρπόςο
1564 1040 1623 1093 ού
1680 1040 1793 1112 γὰρ
1849 1040 2132 1114 προγόνων

555 1117 905 1185 περιφάνεια,
937 1118 1075 1171 ἀλλά
1109 1120 1312 1191 τρόπος
1340 1123 1542 1194 ἀρετῆς
1579 1121 1848 1194 ζητεῖται.

642 1219 782 1290 Ἐγὼ
806 1223 901 1276 καὶ
920 1222 1106 1277 δοῦλον
1124 1225 1321 1298 εὐγενῆ
1345 1226 1514 1290 καλῶ,
1530 1226 1625 1281 καὶ
1640 1227 1907 1298 δεσπότην
1939 1228 2130 1284 ἀλυσιν

557 1304 962 1376 περικείμενον,
992 1307 1087 1361 ἐὰν
1116 1310 1419 1381 καταμάθω
1448 1310 1613 1365 αὐτοῦ
1633 1310 1724 1364 τὸν
1749 1311 1979 1383 τρόπον·
2007 1312 2139 1384 ἐμοϊ

556 1386 654 1438 καὶ
682 1387 711 1439 6
742 1389 800 1441 ἐν
828 1388 1097 1460 ἀξιώματι
1151 1392 1450 1466 δυσγενὴς,
1503 1394 1599 1449 ἐὰν
1641 1395 1834 1466 δούλην
1887 1394 1985 1467 ἔχῃ
2031 1395 2130 1466 τὴν

553 1467 752 1541 ψυχήν.
786 1471 883 1536 Τίς
904 1472 1011 1544 γάρ
1034 1475 1149 1529 ἐστι
1177 1475 1381 1540 δοῦλος,
1400 1477 1451 1529 εί
1482 1478 1559 1548 μὴ
1580 1479 1608 1532 6
1629 1480 1798 1532 ποιῶν
1826 1480 1925 1550 τὴν
1951 1479 2132 1549 ἁμαρ-

554 1551 709 1616 τίαν;
754 1554 818 1607 Ἡ
851 1557 948 1626 μέν
978 1556 1086 1626 γὰρ
1112 1556 1246 1631 άλλη
1299 1559 1512 1613 δουλεία
1558 1562 1937 1634 περιστάσεως
1983 1577 2130 1633 πρα-

554 1635 781 1718 γμάτων
796 1652 810 1667 ο
833 1637 968 1710 αὕτη
996 1640 1053 1692 δέ
1077 1642 1109 1711 ἡ
1135 1640 1349 1695 δουλεία
1371 1643 1601 1716 διαφορά
1621 1643 1866 1718 γνώμης,
1889 1646 2014 1698 ἐπεὶ
2037 1644 2131 1699 καὶ

555 1718 589 1785 ἡ
620 1716 831 1772 δουλεία
853 1720 911 1787 ἐξ
941 1723 1116 1793 ἀρχῆς
1140 1724 1389 1779 ἐντεῦθεν
1412 1728 1695 1800 είσῆλθεν.

627 1820 830 1906 ζ’ίυύκ
853 1820 924 1897 ἦν
951 1826 1136 1893 δοῦλος
1152 1830 1211 1883 τὸ
1227 1832 1460 1887 παλαιόν
1483 1851 1497 1866 ·
1528 1836 1556 1888 6
1586 1834 1696 1906 γάρ
1724 1824 1858 1898 Θεὸς
1879 1835 2132 1890 πλάττων

554 1902 646 1957 τὸν
678 1904 984 1978 ἄνθρωπον,
1015 1911 1115 1965 οὐκ
1139 1914 1392 1986 ἐποίησεν
1421 1916 1584 1971 αὐτὸν
1600 1902 1806 1983 δοῦλον,
1832 1918 1948 1971 ἀλλ’
1975 1918 2130 1971 ὲλεύ·

554 1988 755 2073 θερονζ
780 1991 1033 2065 Ἐποίησε
1058 1995 1150 2051 τὸν
1189 1998 1361 2070 Ἀδὰμ
1388 2002 1485 2055 καὶ
1514 2002 1614 2073 τὴν
1646 2001 1811 2066 Εὕαν,
1839 2002 1934 2057 καὶ
1953 2002 2132 2072 ἀμφό-

552 2089 700 2143 τεροι
727 2070 867 2145 ἦσαν
895 2076 1169 2150 ἐλεύθεροι
1194 2099 1209 2111 ’
1240 2082 1403 2138 πόθεν
1428 2080 1528 2140 οῦν
1631 2086 1845 2141 δουλεία
1872 2070 2127 2156 ἐγένετος

569 2159 854 2224 Ἐξώκειλε
891 2163 952 2217 τὸ
987 2166 1147 2233 γένος
1191 2168 1300 2221 τῶν
1348 2169 1672 2241 ἀνθρώπων,
1725 2170 1921 2224 καὶτὰ
1956 2171 2129 2242 μέτρα

553 2243 652 2326 τῆς
669 2243 962 2326 ἐπιθυμίας
986 2248 1343 2319 ὑπερϐάντες,
1364 2254 1444 2317 εἰς
1465 2254 1758 2309 ἀκολασίαν
1785 2255 2125 2326 ἐπήρθησαν·

553 2325 650 2377 καὶ
679 2325 847 2395 ὅπως,
883 2329 1070 2385 ἄκουε·

636 2430 884 2515 Ἐγένετο
909 2436 1315 2510 κατακλυσμὸς,
1348 2439 1410 2494 τὸ
1449 2441 1629 2496 κοινὸν
1666 2444 1767 2514 τῆς
1802 2444 2129 2515 οἰκουμένης

553 2514 832 2583 ναυάγιον,
882 2521 1263 2594 καταρράκται
1314 2525 1706 2598 ἠνεῴχθησαν,
1757 2528 1853 2582 καὶ
1902 2514 2129 2583 άϐυσσοι

554 2599 983 2675 ἁνεϐλύσθησαν,
1015 2608 1108 2660 καὶ
1129 2607 1303 2660 πάντα
1328 2605 1395 2678 ἦν
1429 2610 1594 2682 ὕδωρ,
1618 2612 1712 2663 καὶ
1735 2611 1803 2663 τὰ
1830 2612 2129 2681 φαινόμενα

553 2684 1012 2755 ἀνεστοιχειοῦντο
1052 2689 1148 2742 καὶ
1176 2690 1466 2755 διελύοντο,
1503 2693 1598 2747 καὶ
1626 2694 1698 2765 γῆ
1727 2695 1827 2748 οὐκ
1852 2695 2127 2764 ἐφαίνετο,

552 2762 996 2850 ἀλλ’ῗῆνῗᾶπαντα
1040 2773 1296 2841 πέλαγος,
1338 2775 1493 2846 ῥίζαν
1521 2788 1548 2817 ιι
1578 2762 1770 2846 ἔχοντα
1818 2762 1915 2850 τὴν
1959 2776 2129 2850 ὀργὴν

550 2847 646 2900 τοῦ
664 2849 818 2914 Θεοῦ,
844 2854 937 2906 καὶ
964 2853 1140 2908 πάντα
1186 2854 1404 2927 κύματα
1439 2854 1525 2930 ἦν,
1563 2861 1655 2914 καὶ
1685 2847 2125 2931 πάντατπελάγη·

551 2931 652 3002 ὅρη
686 2933 825 3004 πρὸς
846 2933 980 3005 ὕψος
1006 2939 1400 3011 ἀνατεταμένα,
1449 2941 1587 2996 ἀλλά
1612 2942 1674 2996 τὸ
1716 2942 1960 3012 πέλαγος
1986 2944 2127 3001 αὐτὰ

553 3015 827 3100 ἐκάλυπτε
849 3036 863 3050 ·
887 3022 980 3073 καὶ
999 3016 1068 3092 ἧν
1092 3022 1329 3092 πέλαγος
1351 3026 1445 3078 καὶ⁸
1481 3026 1709 3099 οὐρανὸς
1736 3027 1917 3097 μόνον,
1942 3030 2037 3083 καὶ
2057 3024 2126 3100 ἦν

548 3098 612 3152 τὸ
616 3099 786 3187 γένος
815 3102 921 3156 τῶν
954 3103 1258 3187 ἀνθρώπων
1287 3098 1585 3174 ἀπολωλὸς,
1621 3109 1717 3162 καὶ
1744 3105 1814 3179 ἦν
1840 3098 2126 3187 δσπινθῆρ

486 3214 487 3217 η
549 3181 864 3266 τοῦγένους
900 3186 996 3239 τοῦ
1049 3189 1319 3261 ἡμετέρου
1358 3190 1387 3242 ὁ
1418 3190 1572 3257 Νῶε,
1609 3181 1945 3264 σπινθὴρέν
1976 3181 2128 3266 μέσῲ

549 3263 842 3349 πελάγους,
891 3269 984 3323 καὶ
1042 3271 1117 3344 μὴ
1169 3272 1550 3344 σϐεννύμενος,
1598 3274 1699 3340 τὰς
1746 3263 2005 3349 ἀπαρχὰς
2033 3263 2126 3333 τοῦ

549 3346 741 3433 γένους
767 3351 926 3421 ἡμῶν
951 3351 1111 3423 ἔχων,
1161 3359 1399 3424 γυναῖκα
1424 3358 1520 3411 καὶ
1550 3358 1760 3424 παιδία,
1793 3346 2125 3433 περιστερὰν

549 3426 646 3485 καὶ
699 3433 938 3503 κόρακα,
982 3437 1075 3491 καὶ
1107 3435 1178 3491 τὰ
1203 3438 1338 3493 ἄλλα
1366 3441 1569 3496 πάντα.
1607 3443 1718 3496 Καὶ
1755 3426 1895 3513 ἦσαν
1925 3426 2127 3508 πάντες

549 3514 718 3580 ἔνδον,
742 3518 838 3572 καὶ
862 3520 1088 3590 ἐφέρετο
1118 3524 1151 3593 ἠ
1176 3522 1328 3596 [785]
1357 3525 1590 3590 κιϐωτὸς
1615 3527 1800 3580 ἐπάνω
1823 3526 1917 3580 τοῦ
1937 3526 2126 3592 ὕδατος

552 3600 610 3651 ἐν
637 3600 786 3684 μέσῳ
817 3601 911 3655 τοῦ
943 3604 1234 3673 κλύδωνος,
1269 3608 1366 3661 καὶ
1409 3610 1510 3662 ούκ
1543 3611 1829 3680 ἐναυάγει·
1864 3606 1979 3682 εἷχε
2017 3611 2126 3684 γὰρ

551 3683 683 3766 κυϐε
694 3685 894 3754 ρνήτην
921 3686 1012 3740 τὸν
1039 3688 1132 3741 τοῦ
1158 3693 1359 3753 παντὸς
1382 3694 1679 3765 Δεσπότην.
1699 3696 1764 3748 Δί
1786 3695 1894 3766 γὰρ
1918 3683 2126 3762 σανίδες

549 3764 712 3851 αὐτὸν
740 3767 1090 3851 ούδιέσωσαν
1111 3772 1158 3836 δ,
1190 3773 1304 3826 ἀλλ’
1328 3770 1362 3837 ἡ
1390 3777 1511 3846 χεὶρ
1535 3777 1568 3847 ή
1606 3764 1875 3848 κραταιάί
1902 3780 1999 3833 καὶ
2024 3780 2127 3851 ὅρα

552 3847 776 3934 θαῦμαέ
806 3850 936 3905 Ὅτε
967 3855 1061 3907 καὶ
1092 3854 1389 3927 ἐξεκλύσθη
1419 3859 1451 3929 ἡ
1482 3847 1682 3929 γῆ,δτε
1711 3847 2125 3934 ἀνῃρέθησανοἱ

475 3979 482 3987 .
550 3934 619 3988 τὰ
647 3933 794 3988 κακά
828 3936 1213 4009 ἐργασάμενοι,
1244 3942 1331 3994 ὅτε
1357 3941 1637 4015 ἐλώφησεν
1668 3946 1697 3998 6
1722 3933 1949 4018 χειμὼν,
1994 3949 2127 4018 ἐφά-

551 4034 722 4103 νησαν
769 4019 827 4072 αἱ
881 4023 1119 4092 κορυφαὶ
1151 4024 1262 4077 τῶν
1283 4025 1474 4096 ὀρέων,
1523 4027 1835 4103 ἐκάθισενή
1870 4032 2122 4097 κιϐωτὸς,

549 4100 764 4172 ἔπεμψε
793 4103 891 4172 τὴν
921 4106 1252 4178 περιστερὰν
1273 4108 1302 4161 6
1320 4108 1465 4165 Νῶε.

619 4209 908 4281 Μυστήρια
934 4211 991 4266 δὲ
1023 4207 1091 4285 ἦν
1132 4213 1203 4267 τὰ
1240 4215 1531 4287 λεγόμενα,
1558 4220 1654 4273 καὶ
1684 4220 1793 4274 τῶν
1824 4221 2124 4290 μελλόντων

551 4292 721 4357 τύπος
743 4293 810 4347 τὰ
835 4295 1095 4365 γινόμενα
1112 4313 1128 4329 ⁸
1149 4292 1281 4366 οἷον,
1305 4304 1337 4373 ἠ
1364 4302 1659 4373 Ἐκκλησία
1675 4303 1924 4370 κιϐωτὸς,
1948 4307 1977 4360 6
1999 4306 2124 4361 Νῶε

548 4379 579 4431 6
609 4378 861 4449 Χριστὸς,
891 4381 923 4450 ή
955 4383 1252 4454 περιστερά
1276 4384 1338 4438 τὸ
1364 4384 1590 4456 Πνεῦμα
1612 4386 1674 4440 τὸ
1702 4388 1875 4458 ἀγιον,
1903 4390 1966 4442 τὸ
1992 4389 2126 4459 φύλ-

548 4460 640 4545 λον
664 4461 764 4545 τῆς
783 4461 978 4545 ἐλαίας
1021 4467 1053 4533 ἡ
1099 4465 1477 4538 φιλανθρωπία
1500 4468 1594 4523 τοῦ
1629 4469 1787 4527 Θεοῦ.
1820 4473 1863 4524 Τ
1867 4471 2125 4545 ὸιῆμερον

550 4541 689 4606 ζῶον
747 4542 1105 4614 ἐξεπέμπετο,
1154 4549 1248 4602 καὶ
1291 4549 1512 4620 ἐξῆλθεν
1554 4552 1663 4606 ἀπὸ
1712 4554 1812 4625 τῆς
1856 4541 2122 4609 κιϐωτοῦο

544 4625 684 4709 ἀλλὰ
730 4625 899 4691 τύπος
944 4631 1147 4696 ἐκεῖνα,
1179 4631 1352 4687 ταῦτα
1395 4633 1453 4687 δὲ
1482 4635 1878 4707 ἀλήθεια.”υρα
1919 4638 1976 4690 δὲ
2025 4637 2124 4709 τὴν

544 4705 825 4778 δάψῖλειαν
858 4711 955 4781 τῆς
981 4713 1256 4785 ἀληθείας.
1285 4716 1550 4790 Καθάπερ
1576 4721 1606 4789 ἡ
1632 4705 1861 4785 κιϐωτὸς
1888 4724 1945 4775 ἐν
1972 4705 2124 4794 μέση)

446 4841 455 4847 ,
542 4810 637 4878 τί)
686 4794 958 4878 πελάγους
1001 4797 1225 4863 διέσωζε
1256 4799 1382 4864 τοὺς
1427 4801 1535 4856 ἔσω
1575 4802 1753 4867 ὄντας,
1779 4803 1922 4857 οὕτω
1964 4807 2120 4878 καὶὴ

559 4874 857 4948 Ἐκκλησία
871 4878 1124 4943 διασώζει
1146 4882 1272 4946 τοὺς
1292 4882 1678 4957 πλανωμένους
1698 4886 1963 4951 ἅπαντας.
1983 4874 2120 4941 Ἀλλἱ

551 4966 581 5029 ἡ
614 4962 711 5030 μὲν
743 4962 974 5027 κιϐωτὸς
1014 4962 1184 5042 ἔσωζε
1232 4966 1411 5035 μόνον,
1448 4969 1482 5038 ἡ
1528 4968 1586 5022 δὲ
1630 4969 1927 5042 Ἐκκλησία
1961 4972 2121 5027 πλέον

544 5060 597 5097 τι
644 5043 955 5116 ἐργάζεται.
987 5041 1112 5100 Οἷόν
1139 5064 1190 5101 τι
1222 5047 1396 5119 λέγω-
1427 5050 1659 5114 Ἔλαϐεν
1702 5055 1735 5125 ἡ
1789 5041 2019 5119 κιϐωτὸς
2052 5056 2122 5109 τά

546 5126 716 5197 ἄλογα
741 5169 754 5192 ,
787 5129 882 5182 καὶ
906 5128 1108 5183 ἔσωσεν
1134 5130 1303 5201 ἄλογα
1323 5149 1337 5162 ο
1378 5132 1566 5187 ἐλαϐεν
1597 5137 1630 5207 ἡ
1676 5136 1972 5208 Ἐκκλησία
1998 5139 2122 5192 ἀλό-

546 5226 674 5278 γους
696 5211 1034 5284 ἀνθρώπους,
1070 5216 1164 5268 καί
1183 5216 1243 5268 ού
1275 5215 1437 5281 σώζει
1469 5218 1649 5288 μόνον.
1674 5221 1810 5274 ἀλλά
1838 5223 1932 5275 καὶ
1963 5240 2123 5292 μετα-

546 5296 729 5350 ϐάλλει
748 5314 761 5325 ·
794 5298 985 5353 ἔλαϐεν
1010 5302 1042 5371 ἡ
1074 5302 1304 5367 κιϐωτὸς
1330 5304 1564 5376 κόρακα,
1591 5306 1687 5359 καὶ
1714 5307 1924 5378 κόρακα
1945 5307 2120 5378 ἔπεμ-

545 5381 647 5451 ψε·
693 5383 961 5453 λαμϐάνει
1016 5387 1050 5456 ἡ
1097 5385 1393 5459 Ἐκκλησία
1456 5389 1691 5461 κόρακα,
1718 5393 1812 5446 καὶ
1843 5392 2118 5462 ἐκπέμπει

608 5613 635 5685 ξ
662 5613 747 5685 §ic_
760 5614 909 5685 .chz,
927 5615 1055 5685 pdit:
1080 5630 1198 5668 vero
1217 5618 1391 5685 M_ure!.
1418 5620 1559 5685 ῥίζας.

609 5674 819 5751 ιθχοξίο.
843 5674 900 5726 δύ
924 5679 1224 5745 διετήρήσαν.
1250 5674 1429 5731 Paulo'
1449 5674 1557 5747 phil
1599 5684 1722 5750 Reg.
1767 5684 1986 5747 ἐξεπλύθη
2030 5702 2118 5751 pro

542 5735 813 5800 εξεκλΰσθη.

1248 331 1286 387 S
1342 330 1629 387 JOANNIS
1665 326 2159 385 CHRYSOSTOMI
2197 327 2520 387 ARCHIEP.
2560 331 3110 389 CONSTANTINUP.

3656 341 3768 413 10:;

2244 457 2602 528 περιστεράν·
2652 457 2919 529 λαμϐάνει
2968 457 3153 522 λύκον,
3197 451 3291 509 καὶ
3332 449 3594 522 uulgum
3634 456 3768 511 αὑτὸν

2241 537 2709 607 πρόϐατον.⁹’οταν
2752 541 2860 613 γὰρ
2892 541 3110 613 εἰσέλθῃ
3138 535 3369 593 ἐνταῦθα
3401 534 3664 606 ἄνθρωπος
3690 537 3768 606 ἀρ.

2240 621 2448 688 πάξων,
2475 623 2828 691 πλεονεκτῶν,
2852 625 3059 697 ἀκούσῃ
3088 624 3143 679 δὲ
3170 623 3281 676 τῶν
3310 619 3466 674 θείων
3490 618 3667 688 λογίων
3689 622 3768 692 τῆς

2239 704 2611 772 διδασκαλίας,
2655 708 2977 779 μεταϐάλλει
3003 708 3102 779 τὴν
3129 704 3376 775 γνώμην,
3396 783 3398 786 ν
3421 703 3516 755 καὶ
3551 703 3660 755 ἀντὶ
3694 698 3769 757 λύε

2240 806 2336 843 κου
2366 789 2574 858 γίνεται
2608 792 2906 861 πρόϐατονο
2934 794 2964 846 6
2995 794 3093 864 μὲν
3129 791 3238 863 γὰρ
3262 788 3424 850 λύκος
3444 788 3537 840 καὶ
3558 785 3622 839 τὰ
3643 786 3770 840 ἀλλό-

2237 891 2367 944 τρια
2415 875 2671 946 άρπάζει,
2704 876 2763 930 τὸ
2809 876 2866 931 δὲ
2911 876 3183 948 πρόϐατον
3233 875 3328 927 καὶ
3375 872 3437 924 τὸ
3476 870 3610 941 ἔριον
3634 870 3766 924 αὐτοῦ

2240 957 2813 1026 προῖεται.Ἐκάθισεν
2855 961 2892 1031 ἠ
2941 957 3192 1021 κιϐωτὸς,
3241 957 3337 1010 καὶ
3377 952 3676 1024 ἀνεῴγησαν
3723 956 3768 1007 αἰ

2240 1038 2420 1112 θύραι.
2439 1039 2657 1111 Ἐξῆλθε
2683 1041 2806 1112 Νῶε
2835 1040 2899 1094 ἐκ
2923 1040 3015 1094 τοῦ
3043 1039 3300 1108 ναυαγίου
3346 1035 3647 1100 διασωθείς⁹
3674 1035 3770 1105 βλέ.

2239 1110 2330 1177 πει
2361 1124 2461 1194 τὴν
2491 1110 2594 1195 γῆν
2626 1110 3017 1197 ἠρημωμένην,
3054 1123 3239 1195 βλέπει
3265 1123 3436 1191 τάφον
3461 1120 3769 1193 ἐσχεδιασμέ-

2237 1210 2327 1261 νον
2363 1207 2497 1274 ἰλὺν,
2524 1208 2696 1279 τάφον
2724 1208 2901 1263 κοινὸν
2929 1209 3151 1279 κτήνεσι
3171 1206 3265 1260 καὶ
3284 1202 3602 1277 ἀνθρώποις,
3622 1204 3767 1261 πάντα

2236 1291 2374 1361 ὁμοῦ
2417 1293 2485 1348 τά
2528 1293 2758 1364 σώματα
2805 1292 2986 1345 ἵππων
3017 1292 3110 1344 καὶ
3146 1289 3242 1344 ἀνθ
3253 1287 3449 1361 ρώπων
3476 1287 3567 1340 καὶ
3591 1288 3769 1360 κτηνῶν

2238 1374 2449 1443 ἀλόγων
2478 1377 2693 1431 πάντων
2721 1374 2856 1446 ὁμοῦ
2882 1372 3365 1443 κατακεχωσμένα.
3396 1365 3519 1424 Εἷδε
3553 1371 3642 1442 τὴν
3661 1390 3771 1443 τρα-

2237 1457 2438 1528 γῳδίαν
2479 1459 2718 1530 ἐκείνην,
2749 1454 2855 1512 εἶδε
2885 1458 2984 1530 τὴν
3013 1458 3115 1528 γῆν
3145 1455 3368 1529 πικρίας
3402 1455 3693 1528 γέμουσαν·
3724 1458 3771 1509 ἓν

2237 1538 2446 1614 ἀθυμίᾳ
2478 1541 2646 1612 πολλῇ
2677 1536 2768 1613 ἦν,
2794 1541 2995 1605 πάντες
3023 1538 3332 1594 ἀπώλοντοο
3369 1538 3471 1593 οὐκ
3506 1538 3769 1611 ἄνθρωπος,

2236 1621 2297 1675 οὐ
2326 1623 2541 1694 κτῆνος,
2569 1624 2669 1678 οὐκ
2694 1624 2823 1679 ἄλλο
2841 1642 2890 1679 τι
2916 1623 3026 1678 τῶν
3048 1623 3153 1690 ἔξω
3174 1622 3275 1692 τῆς
3296 1620 3529 1674 κιϐωτοῦ
3553 1620 3766 1690 διεσὼθὛ

2235 1704 2464 1775 οὐρανὸν
2503 1706 2697 1760 ἔϐλεπε
2729 1708 2916 1779 μόνον⁸
2941 1708 3047 1761 ύπὸ
3066 1708 3164 1778 τῆς
3184 1705 3421 1775 ἀθυμίας
3448 1705 3768 1776 ἐτυραννεῖτο,

2235 1788 2519 1860 κατείχετο
2548 1790 2652 1844 ὑπὸ
2693 1790 2795 1862 τῆς
2826 1790 3043 1860 ὀδύνης,
3075 1789 3226 1843 ἔπιεν
3254 1782 3420 1850 οἶνον,
3457 1786 3641 1840 ἔδωκεν
3667 1789 3769 1841 ἐαυο

2235 1870 2326 1925 τὸν
2357 1870 2435 1942 τῷ
2469 1870 2646 1944 ὕπνῳ,
2675 1873 2761 1928 ἵνα
2794 1872 3256 1947 παραμυθήσηται
3280 1869 3339 1924 τὸ
3365 1869 3523 1934 ἔλκος
3550 1872 3638 1941 τῆς
3660 1869 3767 1923 ἀθυ-

2237 1952 2614 2019 μίας.Ἔκειτο
2655 1954 2713 2009 δὲ
2754 1957 2847 2009 ἐπὶ
2892 1955 2991 2027 τῆς
3025 1954 3235 2025 κλίνης,
3263 1953 3517 2024 καθάπερ
3543 1952 3693 2023 ἰατρῷ
3708 1951 3770 2021 τῷ

2235 2034 2388 2109 ὕπνῳ
2413 2036 2605 2092 ἐαυτὸν
2641 2038 2829 2103 ἐκδοὺς
2843 2048 2892 2103 ε,
2919 2037 3091 2109 λήθην
3121 2034 3490 2108 ἐργαζόμενος
3513 2037 3575 2106 τῇ
3598 2035 3771 2105 διανοίᾳ

2231 2118 2342 2173 τῶν
2374 2121 2776 2191 γεγενημένων,
2815 2117 2902 2175 οἷα
2936 2122 3082 2185 εἰκὸς
3111 2119 3487 2192 γεγηρακότα,
3531 2118 3617 2172 καὶ
3655 2113 3770 2171 οἶνον

2234 2203 2448 2266 πιόντα,
2486 2204 2581 2257 καὶ
2627 2202 2780 2273 ὕπνῳ
2832 2204 3213 2277 κατεχόμενον.
3240 2204 3332 2256 Δεῖ
3373 2203 3487 2274 γὰρ
3532 2201 3659 2272 ὑπὲρ
3694 2200 3771 2254 τοῦ

2231 2285 2442 2339 δικαίου
2480 2286 2943 2359 ἀπολογήσασθαι,
2970 2288 3053 2342 δτι
3082 2288 3184 2340 οὐκ
3226 2281 3309 2357 ἦν·
3343 2284 3517 2357 μέθης
3550 2284 3658 2337 οὐδὲ
3682 2283 3770 2336 πά-

2233 2368 2359 2434 θους
2389 2370 2653 2442 ἐπιθυμία
2677 2371 2738 2425 τὸ
2765 2371 3067 2442 γινόμενον,
3092 2369 3228 2425 ἀλλά
3248 2369 3314 2423 δι’
3342 2367 3657 2440 ἀμφοτέρων
3678 2367 3779 2420 ἰᾶτο

2232 2452 2294 2506 τὸ
2333 2452 2509 2518 ἔλκος.
2540 2453 2710 2507 Τοῦτο
2735 2452 2845 2525 γάρ
2873 2453 2969 2507 καὶ
2995 2454 3024 2506 ὁ
3050 2450 3304 2524 Σολομὼν
3336 2450 3492 2520 ἔλεγε
3510 2467 3525 2481 ο
3553 2451 3680 2503 Δότε
3701 2444 3773 2503 οἰ-

2234 2552 2345 2591 νον
2374 2536 2498 2603 τοῖς
2524 2536 2595 2590 ὲν
2619 2537 2809 2607 λύπῃ,
2841 2536 2939 2590 καί
2962 2535 3156 2606 μέθην
3187 2533 3312 2601 τοῖς
3336 2534 3413 2588 ἐν
3440 2533 3683 2598 ὀδύναις.

2302 2662 2403 2717 Διὰ
2428 2663 2587 2718 τοῦτο
2627 2663 2812 2718 πολλοὶ
2844 2662 2954 2718 τῶν
2998 2662 3319 2737 ἀνθρώπων,
3351 2661 3453 2717 καὶ
3491 2661 3703 2733 μάλιστα
3726 2660 3776 2713 ἐν

2231 2747 2344 2808 τοῖς
2369 2743 2760 2817 ἐπικηδείοιςά,
2790 2746 2921 2800 ὅταν
2966 2763 3053 2810 τις
3096 2746 3309 2799 παιδίον
3334 2746 3367 2816 ἢ
3413 2746 3635 2812 γυναῖκα
3662 2744 3774 2796 ἁπο-

2232 2827 2392 2899 6άλῃ,
2421 2828 2606 2901 ἐπειδὴ
2640 2829 2703 2882 τὸ
2727 2829 2899 2893 πάθος
2923 2831 3197 2901 τυραννεῖ,
3224 2827 3419 2899 ἐπειδὴ
3441 2826 3633 2897 ἀθυμία
3652 2842 3774 2896 περι-

2230 2910 2459 2980 γίνεται,
2491 2911 2674 2983 ἐπειδὴ
2713 2914 2906 2984 κρατεῖ
2931 2912 2993 2966 τὸ
3023 2911 3282 2976 συνειδὸς,
3318 2910 3582 2982 λαμϐάνει
3618 2909 3774 2983 φίλους

2230 2994 2311 3057 εἰς
2353 2994 2453 3067 τὴν
2501 2993 2674 3048 οἰκίαν
2719 2995 2817 3067 τὴν
2869 2995 3084 3057 ἑαυτοῦ,
3119 2995 3209 3048 καὶ
3260 2994 3562 3066 συμπόσιον
3589 2990 3772 3062 δαψιλὲς

2231 3080 2395 3145 ποιεῖ,
2426 3078 2522 3133 καὶ
2559 3074 2702 3144 οἶνος
2745 3079 2983 3150 ἄκρατος
3013 3079 3210 3133 δίδοται
3238 3078 3316 3151 τῷ
3344 3076 3677 3150 λυπουμένῳ.
3702 3076 3773 3130 ἵνα

2230 3162 2693 3234 παραμυθήσηται
2740 3162 2802 3216 τὸ
2843 3163 3019 3227 ἕλκος.
3051 3161 3220 3215 Τοῦτο
3252 3159 3427 3214 ἔπαθε
3455 3160 3544 3215 καὶ
3573 3161 3600 3212 6
3624 3160 3773 3229 γέρων

2231 3246 2438 3308 ἐκεῖνος
2466 3249 2605 3299 τότε.
2624 3245 2759 3298 Ὑπὸ
2779 3245 2891 3317 γὰρ
2928 3245 3028 3316 τῆς
3056 3243 3209 3317 [784]
3249 3242 3490 3314 ἀθυμίας
3516 3239 3773 3314 τυραννού-

2234 3345 2414 3399 μενος,
2442 3328 2691 3400 καθάπερ
2707 3328 2983 3400 φαρμάκῳ
3000 3328 3079 3400 τῷ
3095 3328 3222 3397 οίνῳ
3236 3338 3259 3365 ε
3280 3327 3573 3399 ἐχρήσατο,
3591 3326 3675 3379 καί
3686 3323 3775 3377 ἀπὸ

2228 3410 2322 3464 τοῦ
2352 3411 2494 3466 οἰνου
2527 3411 2753 3466 δέδωκεν
2793 3412 2983 3466 ἑαυτὸν
3025 3411 3104 3481 τῷ
3149 3409 3457 3481 ὕπνῳ.Ἵνα
3499 3409 3555 3463 δὲ
3596 3407 3771 3478 μάθητε

2230 3495 2395 3550 πόθεν
2421 3497 2454 3566 ἡ
2484 3496 2696 3551 δουλεία
2721 3495 2899 3568 ἐδόθη,
2937 3493 3077 3567 μετά
3119 3495 3316 3566 μικρὸν
3344 3493 3600 3548 εἰσελθὼν
3625 3495 3653 3547 ό
3676 3493 3774 3544 ἐπι-

2229 3578 2536 3649 κατάρατος
2562 3581 2766 3643 ἐκεῖνος
2791 3579 2908 3641 υίὸς
2930 3577 3120 3644 αὐτοῦ,
3150 3580 3264 3643 υἱὸς
3297 3578 3399 3648 μὲν
3425 3575 3585 3632 αὐτοῦ
3609 3577 3665 3645 τῇ
3688 3573 3771 3643 φύ-

2230 3681 2334 3729 σει,
2358 3665 2456 3734 οὐχ
2486 3664 2598 3727 υἱὸς
2618 3664 2677 3718 δὲ
2697 3663 3016 3737 προαιρέσει
3045 3663 3231 3736 (πάλιν
3257 3663 3315 3717 δὲ
3341 3663 3490 3733 λέγω
3509 3660 3770 3729 εὐγένειαν,

2227 3747 2289 3800 οὐ
2318 3747 2597 3818 προγόνων
2630 3747 3005 3819 περιφάνειαν,
3037 3746 3174 3800 ἀλλά
3203 3746 3408 3819 τρόπον
3434 3742 3775 3817 ἀρετῆς-γείσ-

2229 3830 2398 3885 ελθὼν
2433 3830 2462 3881 6
2492 3833 2606 3895 υίὸς
2642 3826 2749 3885 εἶδε
2791 3830 2889 3903 τὴν
2934 3828 3213 3900 γύμνωσιν
3257 3827 3353 3882 τοῦ
3402 3827 3621 3900 πατρός.
3666 3823 3773 3875 Δέον

2230 3915 2584 3984 περιστεῖλαι,
2615 3914 2733 3969 δέον
2779 3913 3145 4002 περικαλύψαι
3180 3911 3271 4002 διὰ
3312 3911 3377 3966 τὸ
3397 3911 3597 4002 -γῆρας,
3626 3904 3771 4002 διὰτὸ

2228 3998 2443 4064 πένθος,
2472 3998 2560 4051 διὰ
2598 3998 2698 4069 τὴν
2731 3997 3037 4068 συμφορὰν,
3061 3997 3148 4050 διὰ
3174 3996 3238 4050 τὸ
3267 3996 3487 4068 πατέρα
3527 3994 3679 4046 αὑτοῦ
3703 3994 3767 4040 εἰ·

2229 4096 2346 4134 ναι·
2381 4082 2410 4134 6
2434 4080 2490 4134 δὲ
2523 4078 2751 4145 ἐξελθὼν
2784 4079 3159 4149 ἐξεπόμπευσε
3202 4077 3298 4131 καὶ
3343 4074 3765 4147 ἐξετραγῴδησεν.

2227 4164 2295 4220 Ol
2322 4163 2379 4218 δὲ
2409 4164 2556 4219 ἄλλοι
2577 4163 2597 4203 ἲ
2626 4164 2793 4217 αὐτοῦ
2814 4163 3032 4233 ἀδελφοὶ
3053 4161 3307 4226 λαϐόντες
3334 4160 3557 4215 πάλλιον
3584 4154 3770 4210 ὀπισθο-

2229 4249 2431 4321 φανῶς,
2458 4247 2544 4303 ἵνα
2568 4246 2643 4321 μὴ
2668 4246 2819 4301 ἴδωσι
2841 4246 2911 4300 τὰ
2938 4246 3069 4318 παρ’
3090 4246 3298 4299 ἐκείνου
3319 4241 3769 4315 ἐκπομπευόμενα,

2227 4331 2558 4396 εἰσελθόντες
2594 4329 2870 4399 ἐκάλυψαν
2894 4329 2984 4384 τὸν
3015 4329 3247 4399 πατέρα.
3266 4328 3532 4390 Ἀναστάς
3555 4325 3609 4379 δὲ
3636 4326 3663 4377 6
3687 4336 3770 4375 πα·

2225 4417 2348 4490 τὴρ,
2377 4415 2519 4489 ἔγνω
2551 4414 2759 4498 πάντα,
2775 4414 2869 4467 καὶ
2910 4412 3336 4498 ἀρχεταιῃλέγειν
3355 4427 3369 4440 ·
3416 4406 3770 4498 Ἐπικατάρα-

2226 4488 2329 4567 τος·
2380 4488 2624 4553 Χαναὰν
2659 4497 2801 4564 παῖς
2820 4514 2833 4527 ·
2861 4497 3098 4564 οἰκέτης
3123 4497 3294 4551 ἔσται
3341 4494 3471 4561 τοῖς
3520 4488 3769 4559 ἀδελφοῖς

2225 4583 2509 4638 αὐτοῦ.⁹¹υ
2528 4583 2587 4637 δὲ
2610 4582 2756 4651 λέγει
2781 4580 3018 4636 τοιοῦτόν
3047 4584 3189 4635 ἐστι·
3219 4579 3416 4643 Δοῦλος
3442 4578 3538 4649 ἔσῃ
3565 4617 3581 4641 ,
3601 4577 3677 4628 ὅτι
3700 4571 3768 4636 {Et

2226 4669 2579 4739 επόμπευσας
2611 4666 2710 4738 τὴν
2738 4664 3122 4738 ἀσχημοσύνην
3150 4664 3245 4718 τοῦ
3275 4663 3483 4736 πατρός
3508 4659 3767 4729 σου.”ορᾆς

2224 4752 2306 4806 ὅτι
2330 4750 2437 4805 ἀπὸ
2468 4748 2742 4822 ἁμαρτίας
2775 4749 2808 4819 ἡ
2840 4748 3071 4812 δουλεία,
3108 4747 3201 4802 καὶ
3232 4749 3267 4818 ή
3298 4745 3534 4818 πονηρία
3555 4744 3647 4814 τὴν
3667 4742 3767 4794 δου-

2225 4835 2375 4889 λείαν
2400 4835 2660 4905 εἰσήγαγε
2680 4850 2696 4899 ;
2720 4830 2904 4886 Βούλει
2930 4831 3087 4896 δείξω
3111 4848 3195 4884 σοι
3224 4829 3536 4901 ἐλευθερίαν
3557 4826 3656 4880 ἀπὸ
3671 4824 3767 4877 δου-

2226 4919 2407 4983 λείας;
2451 4915 2694 4986 Ἐγένετό
2721 4932 2806 4978 τις
2849 4913 3135 4984 Ὀνήσιμος
3155 4912 3392 4982 οἰκέτης,
3422 4910 3766 4967 κατάπτυστος

2224 5001 2501 5074 δραπέτης
2516 5016 2529 5029 ⁸
2553 4994 2705 5062 οὕτος
2733 4997 2921 5066 ἔφυγε,
2948 4996 3042 5049 καί¹
3066 4993 3278 5065 ἀπῆλθε
3299 4994 3441 5065 πρὸς
3453 4994 3545 5048 τὸν
3565 4989 3766 5051 Παῦλον,

2224 5085 2381 5156 ἔτυχε
2410 5082 2503 5136 τοῦ
2530 5082 2922 5153 βαπτίσματος,
2955 5077 3293 5132 ἀπελούσατο
3316 5077 3382 5130 τὰ
3404 5077 3764 5156 ἁμαρτήματα.

2224 5152 2539 5240 παρέμενεν
2563 5163 2730 5219 αὐτοῦ
2759 5165 2870 5225 τοῖς
2892 5161 3050 5215 ποσί·
3073 5160 3275 5233 γράφει
3308 5157 3520 5223 Παῦλος
3550 5156 3677 5240 πρὸς
3693 5152 3766 5204 τὸν

2223 5238 2490 5320 δεσπότην
2522 5247 2716 5302 αὐτοῦ’
2758 5245 3096 5314 Ὀνήσιμον.
3130 5244 3239 5297 τὸν
3271 5240 3417 5297 ποτέ
3465 5255 3565 5295 σοι
3608 5238 3766 5305 ἄχρη-

2223 5350 2394 5401 στον,
2425 5333 2542 5388 νῦν
2572 5330 2640 5385 δὲ
2669 5328 2767 5385 καί
2793 5328 2895 5384 σοί
2933 5328 3032 5381 καί
3056 5326 3186 5397 ἐμοὶ
3214 5326 3571 5396 εὔχρηστον,
3605 5331 3767 5389 προσ-

2287 5569 2311 5631 °_
2339 5563 2500 5631 _\"at_ic.
2519 5562 2773 5631 παραδούς.
2799 5563 2923 5631 Reg:
2948 5560 3148 5631 ἐπιδούς.
3351 5624 3368 5631 _
3455 5621 3482 5631 _

2288 5626 2321 5666 δ
2339 5627 2485 5688 anlq.
2513 5618 3032 5688 émﬁBsiol;,__e_l:infra
3054 5626 3181 5688 idem
3209 5624 3368 5688 κρατεῖ
3396 5621 3487 5671 τοῦ
3509 5638 3613 5671 συνε
3630 5618 3749 5671 δόως

2293 5694 2314 5755 f‘
2339 5690 2420 5736 Sic
2435 5686 2606 5755 ’ναι-ἰη-
2622 5693 2775 5755 rgcje.
2803 5684 2933 5755 Ειίἰί.
2959 5687 3028 5748 τῷ
3052 5684 3276 5755 τοιούιςῴἶ
3357 5747 3367 5755 _
3432 5749 3444 5755 _
3472 5747 3486 5755 ‘
3548 5745 3558 5755 .

2293 5748 2310 5788 ί
2339 5750 2488 5801 Valic.
2517 5750 2543 5796 ό
2566 5749 2616 5796 δὲ
2637 5748 2795 5807 ἄλλος,
2817 5752 2872 5796 οι
2895 5749 2965 5796 sic
2983 5747 3242 5809 sequentia
3262 5748 3311 5799 in
3331 5747 3575 5808 singulari.
