4030 6136
352 347 481 403 lim

347 460 486 514 Nihil
512 458 579 514 ad
611 446 662 513 te
687 458 873 514 attinet
905 476 917 513 :
947 466 1004 513 ut
1044 458 1182 513 illius
1208 459 1374 516 virtus
1400 460 1493 516 tibi
1535 478 1640 516 non
1671 464 1923 532 prodest,

345 552 390 605 si
416 550 665 605 virtutem
695 567 799 605 non
828 551 1071 620 imiteris,
1099 551 1169 606 ita
1200 569 1296 609 nec
1324 553 1466 609 illius
1496 555 1807 626 improbitas
1834 558 1927 612 tibi

347 641 633 711 quidquam
666 650 855 709 nocet,
894 643 938 697 si
981 644 1270 714 nequitiam
1302 644 1539 714 deponas
1573 665 1586 701 :
1618 648 1711 702 sed
1736 658 1791 701 ut
1821 649 1931 703 illic

352 735 521 803 majus
544 745 626 789 est
656 736 855 789 crimen
882 777 897 802 ,
926 736 1069 807 quod
1094 753 1213 791 cum
1240 739 1541 808 exemplum
1574 738 1801 794 haberes
1824 732 1927 794 do-

348 827 623 881 mesticum
648 867 664 893 ,
689 828 937 883 virtutem
969 845 1073 882 non
1113 830 1187 903 sis
1223 829 1457 884 imitatus
1487 848 1500 884 :
1534 830 1607 885 ita
1645 830 1815 901 major
1844 830 1931 886 hic

348 914 466 971 laus
496 926 714 987 surget,
744 917 882 988 quod
913 918 1031 988 quis
1064 934 1184 973 cum
1229 918 1446 975 haberet
1484 929 1709 976 matrem
1756 921 1930 976 scele-

347 1016 507 1072 stam,
534 1010 673 1064 illius
700 1011 1091 1079 improbitatem
1122 1026 1227 1065 non
1253 1012 1323 1066 sit
1352 1013 1606 1079 imitatus,
1639 1013 1731 1067 sed
1760 1013 1931 1067 dulcis

347 1100 549 1157 fructus
598 1103 669 1157 sit
710 1104 776 1157 ab
814 1103 1002 1158 acerba
1046 1103 1226 1159 radice
1266 1114 1575 1174 prognatus.
1624 1103 1737 1159 Non
1787 1105 1929 1158 enim

346 1194 599 1263 splendor
641 1196 900 1266 majorum
925 1236 941 1263 ,
983 1196 1077 1252 sed
1110 1197 1301 1252 virtute
1331 1197 1535 1266 prtuditi
1580 1212 1754 1251 mores
1781 1212 1931 1267 quae-

348 1294 557 1341 runtur.

418 1413 643 1469 Servitus
672 1430 787 1468 vera
817 1425 1094 1485 peccatum.
1118 1446 1187 1457 --
1218 1417 1330 1487 Ego
1352 1418 1435 1473 vel
1460 1432 1671 1473 servum
1700 1417 1930 1472 nobilem

347 1505 575 1573 appello,
608 1513 662 1559 et
687 1505 960 1560 dominum
987 1520 1171 1562 eatena
1202 1509 1435 1563 vinctum
1455 1549 1470 1573 ,
1501 1510 1545 1562 si
1576 1509 1703 1562 mihi
1732 1509 1930 1579 cogniti

351 1591 548 1647 fuerint
571 1593 686 1663 ejus
713 1610 889 1650 mores
916 1612 928 1649 :
960 1597 1087 1652 mihi
1110 1599 1193 1652 vel
1235 1599 1302 1665 is,
1338 1600 1425 1669 qui
1454 1599 1504 1653 in
1527 1599 1781 1669 dignitate
1805 1615 1931 1654 con-

349 1686 562 1740 stitutus
588 1697 704 1751 est,
736 1688 981 1758 ignobilis
1008 1688 1239 1752 videtur,
1266 1691 1308 1744 si
1334 1690 1566 1745 animam
1599 1706 1808 1746 servam
1838 1690 1933 1745 ha-

347 1777 469 1831 beat
496 1795 509 1830 :
538 1780 656 1847 quis
677 1781 821 1834 enim
851 1795 1037 1835 servus
1061 1792 1143 1836 est
1164 1821 1182 1849 ,
1209 1784 1310 1837 nisi
1337 1785 1424 1852 qui
1458 1782 1581 1838 facit
1608 1793 1885 1854 peceatum
1909 1782 1933 1835 ‘i

347 1870 465 1925 Alia
487 1871 699 1941 quidem
717 1872 943 1926 servitus
968 1874 1035 1927 ab
1054 1874 1290 1929 adversis
1316 1890 1494 1929 rerum
1520 1875 1800 1930 eventibus
1820 1874 1931 1929 ori«

350 1972 453 2025 tur,
485 1961 600 2017 haec
628 1978 756 2017 vero
786 1964 1013 2018 servitus
1044 1964 1328 2019 discrimen
1360 1975 1439 2019 cst
1469 1965 1667 2031 animi;
1695 1964 1934 2035 quando-

346 2054 562 2123 quidem
593 2068 623 2107 a
656 2054 914 2125 principio
941 2057 1172 2111 servitus
1198 2057 1320 2111 hinc
1348 2058 1583 2127 irrepsit.

420 2167 473 2220 7.
501 2166 611 2220 Non
634 2176 749 2221 erat
772 2168 910 2222 ullus
937 2184 1124 2224 servus
1152 2170 1279 2222 olim
1306 2187 1317 2223 :
1352 2170 1491 2223 Deus
1519 2170 1660 2223 enim
1685 2184 1804 2223 cum
1840 2167 1936 2221 ho-

349 2257 544 2311 minem
578 2256 830 2311 f'ortnaret
856 2300 870 2323 ,
903 2275 1111 2313 servum
1144 2261 1289 2313 illum
1327 2275 1655 2330 nequaquam
1691 2259 1816 2313 fecit
1838 2301 1854 2327 ,
1882 2268 1937 2313 at

349 2350 598 2405 liberum.
630 2350 893 2405 Adatnum
920 2352 1121 2406 creavit
1150 2364 1205 2406 et
1237 2353 1420 2418 Evam,
1450 2362 1602 2405 erant
1628 2351 1841 2421 quidem
1869 2351 1935 2405 li-

348 2440 464 2493 beri
505 2440 663 2494 ambo
696 2457 709 2494 :
744 2441 883 2495 unde
923 2442 1082 2510 igitur
1121 2453 1236 2496 orta
1278 2451 1360 2497 est
1400 2443 1671 2497 servitus?
1714 2441 1938 2513 lmpegit

349 2530 639 2587 humanum
670 2548 856 2603 genus,
886 2549 948 2588 ac
977 2535 1191 2589 modum
1219 2535 1521 2606 cupiditatis
1551 2535 1849 2603 excedens,
1882 2536 1935 2589 in

354 2622 626 2677 lasciviam
654 2633 737 2677 est
761 2625 1042 2695 impulsum
1075 2642 1089 2680 :
1118 2640 1225 2696 quo
1253 2641 1377 2680 vero
1408 2634 1561 2696 pacto
1588 2627 1733 2693 audi.

418 2733 704 2803 Descriptio
734 2735 912 2788 diluvii
939 2735 1151 2790 Noe.—
1177 2737 1397 2792 Factum
1429 2745 1512 2792 est
1539 2737 1815 2804 diluvium,
1845 2753 1936 2791 or-

349 2823 431 2879 bis
460 2832 720 2879 terrarum
760 2841 1045 2883 commune
1093 2828 1423 2899 naufragium
1450 2870 1464 2895 ,
1508 2838 1790 2884 cataracta:
1819 2830 1935 2883 cwli
1964 2862 1973 2867 κ

347 2926 547 2985 apertae
577 2927 732 2985 sunt,
764 2927 817 2974 et
840 2919 1017 2990 abyssi
1047 2920 1276 2990 profusae
1303 2919 1466 2993 (Cen.
1494 2923 1548 2975 7.
1578 2923 1683 2991 lO)
1717 2940 1726 2974 :
1757 2922 1936 2975 omnia

348 3016 503 3061 erant
528 3022 663 3079 aqua
688 3051 702 3075 ,
731 3018 786 3064 et
814 3025 930 3081 qua:
960 3011 1129 3066 oculis
1166 3012 1436 3066 cernimus
1464 3012 1515 3066 in
1544 3012 1805 3066 elementa
1845 3027 1934 3065 re-

349 3100 713 3163 solvebantur,
745 3116 807 3155 ac
837 3102 1273 3166 destruebantur,
1310 3116 1410 3155 nec
1437 3102 1724 3171 apparebat
1753 3113 1889 3156 terra
1916 3118 1929 3166 ;

349 3190 450 3267 sed
465 3192 640 3245 omnia
667 3193 883 3262 pelagus
905 3204 1076 3259 erant,
1106 3193 1255 3246 radix
1282 3200 1461 3246 autem
1490 3192 1589 3245 illis
1617 3191 1833 3245 suberat
1861 3194 1935 3245 ira

350 3284 442 3343 Dei
468 3301 481 3351 ;
514 3284 705 3339 fluctus
730 3296 883 3339 erant
913 3285 1112 3351 omnia,
1140 3294 1192 3339 et
1220 3286 1397 3338 omnia
1425 3285 1610 3349 maria,
1644 3292 1853 3337 montes
1884 3284 1936 3338 in

347 3376 514 3430 altum
543 3377 707 3430 erecti
744 3376 1099 3444 preeminent,
1136 3384 1192 3429 at
1230 3391 1325 3431 eos
1367 3376 1583 3445 pelagus
1613 3384 1931 3444 operuerat,

349 3476 663 3537 tantumque
706 3469 919 3538 pelagus
940 3510 954 3534 ,
988 3479 1041 3523 et
1066 3469 1251 3523 czelum
1279 3476 1393 3522 erat
1415 3509 1430 3534 ,
1464 3467 1726 3537 perditum
1767 3466 1937 3522 fuerat

346 3575 518 3633 genus
549 3561 836 3614 humanum
870 3577 883 3613 :
915 3560 1143 3615 scintilla
1173 3560 1342 3615 nostri
1370 3560 1581 3630 generis
1623 3559 1733 3615 Noe
1763 3567 1937 3614 resta-

349 3652 470 3716 hat,
498 3650 725 3705 scintilla
756 3653 806 3704 in
839 3651 1016 3706 medio
1041 3651 1198 3719 mari,
1232 3666 1330 3706 nec
1355 3662 1530 3705 tamen
1560 3651 1936 3721 exstingueba-

351 3755 457 3810 tur,
486 3744 745 3814 primitias
773 3745 985 3813 generis
1009 3745 1173 3799 nostri
1201 3759 1381 3799 secum
1410 3743 1610 3799 habens
1637 3758 1856 3798 uxorem
1883 3751 1937 3797 et

350 3840 567 3904 liberos,
601 3834 901 3893 columbam
924 3847 978 3893 et
1003 3852 1221 3892 corvum
1247 3846 1301 3892 et
1330 3845 1520 3891 caetera
1547 3836 1723 3890 omnia
1748 3852 1762 3888 :
1794 3835 1935 3889 intus

349 3938 503 3984 erant
528 3944 737 3993 omnes,
768 3939 821 3983 et
850 3928 1121 3984 ferebatur
1147 3944 1268 3983 arca
1301 3944 1461 3998 super
1486 3943 1651 3998 aquas
1678 3928 1729 3981 in
1757 3927 1935 3982 medio

352 4021 597 4087 procella:
628 4063 642 4087 ,
681 4036 853 4091 neque
893 4020 1221 4091 naufragium
1269 4020 1532 4085 faciebat;
1580 4020 1775 4090 quippe
1816 4034 1934 4089 qua:

349 4113 753 4182 gubernatorem
800 4112 1072 4167 dominum
1118 4112 1340 4167 haberet
1388 4112 1768 4167 universitatis.
1815 4110 1935 4166 Non

348 4203 492 4257 enim
536 4218 743 4257 asseres
781 4202 929 4269 illum
963 4212 1281 4268 servarunt,
1313 4202 1407 4257 sed
1450 4203 1664 4258 robusta
1696 4202 1789 4257 Dei
1818 4217 1933 4256 ma—

349 4307 473 4349 nus.
502 4292 579 4346 Ac
616 4292 735 4346 vide
776 4293 1129 4357 miraculum;
1160 4308 1278 4347 cum
1318 4294 1496 4347 abluta
1534 4294 1722 4349 fuisset
1750 4302 1891 4350 terra
1914 4335 1930 4361 ,

347 4398 469 4438 cum
497 4382 687 4436 sublati
710 4392 890 4436 essent
914 4398 943 4437 e
973 4382 1168 4446 medio,
1192 4384 1279 4452 qui
1306 4384 1442 4437 mala
1473 4393 1930 4452 perpetraverant,

346 4486 468 4528 Cum
511 4472 694 4527 sedata
727 4484 1014 4541 tempestas
1054 4483 1234 4538 esset,
1278 4485 1637 4542 apparuerunt
1674 4476 1933 4532 montium

348 4566 600 4631 vertices,
629 4566 870 4621 consedit
900 4581 1043 4632 arca,
1072 4565 1372 4621 columbam
1403 4567 1546 4622 misit
1576 4566 1709 4622 Noe.

420 4677 649 4731 Ecclesia
677 4693 792 4731 cum
816 4694 935 4732 arca
963 4676 1079 4732 Noe
1099 4678 1304 4731 collata.
1340 4677 1467 4732 Vide
1490 4679 1543 4732 in
1574 4678 1768 4734 Homil.
1799 4680 1851 4741 1,
1878 4680 1931 4735 in

346 4767 591 4835 Paulum,
613 4778 660 4824 et
699 4770 762 4824 de
802 4769 1123 4825 Pamitentia.
1149 4801 1222 4811 -
1244 4771 1413 4826 Porro
1442 4772 1690 4843 mysteria
1722 4773 1934 4828 fuerunt

344 4876 465 4930 quae
499 4871 801 4927 narrantur,
826 4869 881 4915 et
908 4876 1086 4916 rerum
1117 4862 1409 4916 futurarum
1440 4862 1604 4932 figura
1625 4903 1641 4929 ,
1673 4879 1792 4933 qua:
1821 4874 1930 4918 tum

345 4952 579 5015 fiebant,
612 4952 860 5006 nimirum
890 4967 1011 5007 arca
1058 4953 1152 5006 fuit
1195 4953 1430 5009 Ecclesia
1455 4995 1471 5020 ,
1501 4952 1615 5009 Noe
1644 4953 1888 5010 Christus
1910 4997 1926 5023 ,

343 5042 588 5096 columba
616 5040 844 5113 Spiritus
864 5054 1100 5111 sanctus,
1124 5045 1258 5100 oleae
1284 5045 1467 5100 folium
1490 5046 1585 5101 Dei
1606 5046 1927 5117 benignitas.

349 5136 615 5190 Emissum
647 5144 729 5190 est
756 5138 953 5195 animal
1001 5147 1336 5193 mansuetum
1358 5179 1373 5205 ,
1406 5148 1461 5194 et
1490 5139 1619 5194 exiit
1656 5155 1722 5193 ex
1763 5155 1885 5195 arca
1909 5182 1925 5208 ,

345 5228 438 5284 so‘d
471 5228 635 5298 figura
666 5228 876 5284 fuerunt
906 5231 1015 5296 illa,
1045 5230 1159 5286 haec
1186 5241 1310 5286 sunt
1337 5233 1554 5287 veritas.
1587 5232 1721 5288 Vide
1750 5241 1927 5288 autem

354 5323 585 5377 veritatis
607 5322 1015 5378 abundantiam:
1040 5312 1484 5393 quemadmodum
1516 5327 1566 5380 in
1597 5326 1774 5381 medio
1796 5330 1926 5382 mari

343 5414 591 5468 servabat
614 5430 708 5469 eos
736 5431 859 5470 area
884 5457 898 5481 ,
931 5416 1017 5485 qui
1048 5417 1185 5471 intus
1215 5428 1402 5483 erant,
1433 5420 1510 5474 sie
1536 5430 1587 5473 et
1617 5436 1805 5476 omnes
1836 5423 1924 5490 qni

340 5516 543 5575 errant,
570 5517 747 5563 servat
777 5509 1008 5563 Ecclesia
1031 5526 1043 5561 :
1068 5525 1249 5565 verum
1277 5526 1400 5567 arca
1426 5514 1671 5567 servabat
1698 5522 1920 5581 tantum,

342 5600 583 5658 Ecclesia
608 5600 858 5670 quiddam
897 5601 1125 5670 amplius
1168 5602 1394 5671 perficit.
1438 5604 1678 5675 Exempli
1721 5620 1879 5660 causa
1905 5646 1921 5672 ,

344 5690 568 5748 rationis
596 5702 849 5759 expertes
874 5692 1170 5747 animantes
1199 5695 1403 5764 accepit
1431 5709 1552 5749 arca
1578 5735 1592 5761 ,
1624 5704 1678 5750 et
1703 5696 1925 5751 rationis

341 5789 589 5857 expertes
612 5782 903 5846 animantes
925 5785 1154 5844 servavit
1184 5803 1197 5841 :
1230 5787 1449 5847 rationis
1477 5798 1721 5861 expertes
1748 5788 1921 5844 homi-

1616 351 1703 407 DE
1746 351 2014 409 LAZARO
2054 354 2297 411 CONClO
2338 357 2419 411 Vl.

3494 360 3630 417 1058

2042 481 2137 521 nes
2157 467 2348 537 accipit
2372 467 2622 535 Ecclesia,
2651 486 2746 526 nec
2772 483 2948 528 servat
2970 482 3193 541 tantum,
3220 474 3315 533 sed
3336 477 3496 533 etiam
3528 478 3627 532 im-

2040 568 2229 612 mutat.
2259 560 2489 614 Corvum
2519 564 2721 633 acccpit
2749 580 2870 620 arca
2894 607 2909 630 ,
2938 574 2991 621 et
3019 583 3235 621 corvum
3263 568 3443 623 emisit
3475 586 3487 621 :
3523 569 3626 622 Ec-

2038 651 2198 704 clesia
2239 665 2455 706 corvum
2495 655 2684 723 accipit
2711 697 2724 719 ,
2753 666 2808 710 et
2842 658 3140 712 columbam
3165 659 3402 713 emittit:
3436 659 3627 727 accipit

2039 742 2300 811 lupum,et
2320 760 2472 800 ovem
2493 747 2639 801 illum
2662 750 2872 803 emittit.
2897 750 3026 805 Cum
3054 752 3195 805 enim
3229 752 3499 822 ingressus
3526 752 3632 805 huc

2042 834 2197 888 fuerit
2223 834 2381 890 homo
2406 853 2569 908 rapax
2602 847 2654 893 et
2684 839 2972 909 fraudator,
2997 843 3083 897 ubi
3106 842 3404 897 divinorum
3426 841 3622 897 doctri.

2040 941 2162 981 nant
2190 926 2516 996 eloquiorum
2544 930 2995 997 audiverit,mutat
3025 944 3280 999 mentem,
3308 944 3362 988 et
3384 950 3478 1004 pro
3504 935 3631 1002 lupo

2043 1018 2101 1071 fit
2128 1019 2243 1073 ovis
2275 1037 2288 1073 :
2321 1020 2579 1090 siquidem
2626 1023 2781 1091 lupus
2819 1024 2988 1079 aliena
3027 1026 3200 1095 rapit,
3245 1034 3299 1079 at
3325 1027 3440 1081 ovis
3466 1025 3632 1080 etiam

2042 1109 2218 1165 lunam
2264 1127 2415 1167 suam
2458 1114 2721 1168 concedit.
2765 1115 2914 1170 Sedit
2956 1131 3113 1183 arca,
3146 1126 3199 1172 et
3226 1129 3478 1172 reserata:
3506 1126 3633 1172 sunt

2040 1216 2245 1272 portie;
2286 1220 2531 1277 egressus
2561 1217 2643 1262 est
2670 1223 2701 1262 e
2731 1209 3001 1279 naufragio
3030 1219 3271 1265 servatus
3299 1211 3411 1265 Noe
3438 1228 3449 1264 :
3483 1210 3631 1264 videt

2042 1306 2234 1352 terram
2253 1298 2563 1365 desolatam,
2585 1299 2727 1354 videt
2748 1301 3046 1369 sepulcrum
3066 1317 3130 1355 ex
3149 1310 3384 1371 tempore
3407 1301 3627 1363 factum,

2041 1387 2247 1453 limum,
2278 1403 2563 1443 commune
2587 1389 2842 1457 jumentis
2870 1399 2922 1444 et
2947 1389 3251 1444 hominibus
3277 1391 3578 1460 sepulcrum
3611 1409 3623 1443 :

2041 1489 2230 1535 cuncta
2259 1480 2416 1535 simul
2447 1497 2702 1551 equorum
2726 1525 2739 1547 ,
2774 1482 3078 1546 hominum,
3110 1493 3163 1538 et
3190 1483 3409 1537 rationis
3438 1498 3629 1552 exper-

2041 1571 2171 1625 tium
2210 1571 2569 1641 jumentoruni
2612 1574 2847 1627 omnium
2887 1588 3111 1642 corpora
3156 1576 3359 1643 sepulta
3392 1584 3547 1629 erant
3573 1584 3629 1628 ct

2041 1663 2251 1717 obruta.
2280 1664 2422 1718 Vidit
2450 1665 2759 1733 tragtediam
2790 1664 2933 1733 illam
2962 1706 2976 1729 ,
3005 1664 3137 1718 vidit
3163 1674 3357 1719 terram
3401 1665 3629 1720 miseria:

2042 1755 2274 1824 plenam,
2306 1756 2470 1810 multa
2492 1766 2606 1811 erat
2637 1757 2886 1811 obsessus
2918 1755 3189 1821 mtestitia,
3223 1756 3493 1825 perierant
3513 1770 3629 1808 om-

2043 1861 2139 1901 nes
2162 1888 2177 1911 ,
2209 1862 2312 1900 non
2336 1846 2529 1913 homo,
2564 1862 2666 1901 non
2693 1846 2997 1916 jutnentum
3024 1887 3039 1911 ,
3086 1861 3201 1900 non.
3230 1845 3370 1899 aliud
3422 1845 3631 1915 quidvis

2042 1953 2227 1993 eorum
2250 1981 2264 2005 ,
2295 1955 2414 2008 qua:
2438 1938 2648 1994 fuerant
2672 1948 2823 1994 extra
2850 1954 3049 2004 arcam,
3082 1946 3347 1994 servatum
3376 1948 3457 1993 est
3482 1956 3495 1992 :
3523 1954 3631 1993 cre-

2044 2027 2152 2081 lum
2178 2029 2427 2083 cerni-bat
2455 2028 2625 2082 solum
2655 2070 2670 2094 ,
2698 2029 2949 2083 mazstilia
2977 2027 3341 2098 torquebatur,
3365 2038 3417 2083 et
3444 2028 3632 2082 dolore

2044 2121 2382 2188 premebatur
2412 2138 2423 2173 :
2454 2122 2631 2175 vinum
2660 2121 2808 2185 bibit,
2835 2137 3024 2175 somno
3049 2122 3281 2189 seipsum
3310 2120 3543 2182 tradidit.
3577 2129 3631 2175 nt

2043 2213 2234 2266 vulnus
2283 2212 2550 2267 maestitia:
2594 2212 2879 2281 mitigaret.
2924 2212 3145 2267 Jacebat
3188 2213 3239 2265 iu
3287 2212 3461 2279 lecto,
3510 2226 3630 2266 cum

2045 2318 2233 2358 somno
2264 2304 2497 2373 seipsum
2531 2312 2799 2373 tamquam
2828 2303 3033 2358 medico
3062 2303 3329 2369 dedisset,
3370 2312 3426 2357 ut
3468 2304 3631 2357 menti

2046 2394 2361 2464 subreperet
2393 2410 2576 2449 eorum
2608 2391 2823 2460 oblivio,
2855 2410 2974 2463 qua:
3003 2394 3342 2458 acciderant;
3374 2394 3508 2447 sicut
3537 2393 3631 2447 ho-

2046 2485 2173 2539 mini
2194 2485 2307 2539 seui
2338 2484 2555 2550 assolet,
2582 2485 2669 2553 qui
2698 2484 2875 2538 vinum
2899 2484 3126 2549 biberit,
3152 2493 3205 2537 et
3227 2498 3415 2538 somno
3441 2484 3510 2537 sit
3537 2500 3631 2552 op-

2044 2592 2259 2647 pressus
2287 2578 2525 2646 :justum
2548 2578 2688 2632 enim
2716 2586 2924 2646 oportet
2952 2592 3225 2639 excusare,
3259 2577 3398 2645 quod
3425 2592 3528 2631 non
3560 2592 3628 2631 ex

2045 2669 2320 2735 ebrietate,
2344 2669 2429 2723 vel
2460 2685 2523 2722 ex
2552 2668 2811 2737 passionis
2837 2667 3101 2722 desiderio
3132 2683 3218 2722 res
3249 2668 3320 2721 illi
3357 2669 3469 2721 hare
3490 2668 3632 2722 acci-

2044 2759 2181 2814 derit
2201 2802 2215 2823 ,
2259 2761 2350 2814 sed
2394 2769 2618 2828 utroque
2645 2759 2836 2813 vulnus
2862 2758 3155 2828 mitigabat.
3180 2759 3291 2813 lloc
3320 2759 3459 2812 enim
3487 2759 3632 2813 dice-

2048 2851 2135 2905 bat
2162 2860 2214 2904 et
2243 2850 2493 2904 Salomon
2522 2868 2534 2903 :
2572 2849 2700 2903 Date
2737 2851 2906 2903 vinum
2951 2850 3013 2903 iis
3039 2891 3053 2915 ,
3087 2850 3173 2921 qui
3216 2850 3266 2902 in
3298 2866 3509 2903 mwrore
3532 2890 3546 2916 ,
3585 2861 3630 2903 et

2044 2946 2454 3000 inebriumentum
2482 2945 2564 3008 iis,
2596 2946 2680 3013 qui
2706 2947 2757 2997 in
2783 2944 3036 2998 doloribus
3067 2944 3247 3012 (Prov.
3280 2945 3366 2997 51.
3392 2943 3485 3015 6).

2126 3037 2241 3091 Vini
2261 3052 2382 3090 usus
2402 3036 2455 3089 in
2475 3036 2632 3090 luctu.
2651 3065 2721 3075 -—
2748 3035 2951 3089 Idcirco
2979 3035 3128 3089 multi
3152 3036 3393 3089 homines
3417 3051 3479 3090 ac
3500 3044 3635 3100 prae-

2045 3129 2199 3199 cipue
2225 3136 2462 3196 tempore
2490 3126 2882 3194 exsequiarum,
2913 3140 3034 3178 cum
3057 3123 3174 3193 quis
3198 3124 3358 3177 filium
3383 3132 3471 3178 aut
3495 3138 3629 3177 uxo-

2047 3235 2158 3274 rem
2190 3217 2447 3281 amiserit,
2473 3218 2593 3287 quia
2623 3216 2950 3285 perturbatio
2973 3214 3078 3268 vim
3108 3214 3247 3279 facit,
3274 3214 3395 3283 quia
3426 3215 3630 3269 intesti-

2047 3311 2117 3365 tia
2148 3311 2343 3376 vincit,
2375 3310 2495 3379 quia
2524 3308 2843 3364 conscientia
2872 3307 3195 3372 dominatur,
3224 3307 3424 3361 amicos
3448 3321 3628 3361 secum

2045 3403 2237 3472 accipit
2262 3403 2314 3456 in
2342 3402 2485 3456 mdes
2514 3416 2636 3456 suas
2661 3443 2675 3467 ,
2706 3402 2981 3470 opiparum
3024 3400 3180 3457 struit
3213 3400 3511 3454 convivium
3533 3440 3548 3465 ,
3575 3410 3629 3455 et

2045 3494 2225 3547 vinum
2253 3507 2456 3547 nierum
2480 3490 2691 3545 tristitia
2720 3498 2966 3559 correpto
2993 3488 3167 3555 datur,
3197 3497 3255 3543 ut
3275 3490 3465 3543 vulnus
3487 3490 3629 3543 miti.

2044 3596 2168 3657 get;
2198 3586 2297 3640 hoc
2316 3592 2370 3639 et
2396 3584 2472 3638 illi
2499 3584 2612 3639 seni
2637 3593 2759 3638 tunc
2782 3583 2994 3637 accidit.
3024 3582 3154 3636 Nam
3176 3597 3295 3637 cum
3324 3582 3397 3636 illi
3428 3583 3629 3637 maesti-

2045 3679 2112 3731 tia
2142 3678 2243 3731 vim
2271 3676 2516 3738 afferret,
2546 3675 2646 3731 hoc
2672 3684 2936 3744 tamquam
2968 3674 3255 3744 pharmaco
3282 3690 3409 3728 usus
3428 3682 3511 3729 est
3530 3717 3544 3739 ,
3574 3686 3629 3729 et

2046 3779 2166 3838 post
2194 3769 2373 3821 vinum
2404 3768 2635 3836 seipsuni
2665 3781 2855 3822 somno
2886 3766 3117 3821 tradidit.
3142 3765 3209 3821 Ut
3236 3765 3375 3819 unde
3400 3767 3630 3820 servitus

2046 3858 2208 3912 indita
2236 3858 2306 3911 sit
2335 3857 2636 3926 intelligatis
2659 3897 2675 3922 ,
2709 3856 2864 3926 paulo
2896 3865 3014 3925 post
3043 3872 3163 3910 eum
3197 3857 3464 3925 ingressus
3489 3866 3629 3912 esset

2044 3948 2354 4004 maledictus
2381 3948 2469 4002 ille
2497 3947 2634 4001 filius
2656 3946 2793 4016 ejus,
2819 3946 2964 4001 filius
2985 3956 3190 4013 natura,
3217 3962 3322 4001 non
3355 3947 3590 4001 moribus
3613 3966 3626 4000 :

2044 4054 2229 4095 rursus
2257 4040 2453 4111 quippe
2482 4038 2808 4092 nobilitatem
2847 4053 2951 4090 non
2996 4037 3255 4106 majorum
3286 4038 3629 4107 splendorem

2042 4134 2251 4203 appello
2277 4174 2290 4197 ,
2322 4132 2417 4188 sed
2444 4132 2635 4186 virtute
2665 4130 2915 4199 prteditos
2943 4146 3159 4194 mores;
3199 4146 3318 4185 cum
3358 4131 3628 4200 ingressus

2042 4238 2184 4283 esset
2223 4227 2394 4288 filius,
2438 4224 2726 4279 nuditatem
2771 4223 2936 4293 patris
2974 4222 3115 4277 videt
3147 4239 3160 4276 :
3200 4238 3321 4277 cum
3353 4222 3626 4279 debuisset

2041 4321 2320 4388 obtegere,
2346 4332 2466 4371 eum
2492 4315 2765 4371 debuisset
2793 4314 2993 4380 velare,
3022 4321 3241 4383 propter
3266 4325 3622 4381 senectutem,

2043 4418 2260 4479 propter
2288 4421 2572 4461 maerorem
2601 4447 2614 4469 ,
2662 4412 2879 4475 propter
2912 4404 3264 4459 calamitatem
3291 4445 3305 4468 ,
3344 4413 3628 4474 propterea

2040 4501 2182 4572 quod
2208 4509 2358 4572 pater
2378 4500 2493 4570 ejus
2511 4505 2657 4565 erat;
2688 4498 2779 4553 ille
2803 4512 2930 4551 vero
2956 4511 3201 4567 egressus
3230 4496 3542 4567 divulgavit.
3572 4506 3625 4552 et

2040 4593 2241 4663 tragice
2263 4592 2427 4646 auxit.
2460 4592 2534 4645 Ac
2558 4589 2736 4644 caeteri
2764 4589 2878 4654 eius
2901 4588 3090 4643 fratres
3115 4598 3326 4657 sumpto
3350 4590 3511 4658 pallio
3540 4605 3627 4643 re-

2041 4694 2292 4747 trorsum,
2328 4697 2393 4735 ne
2419 4680 2680 4744 viderent,
2714 4696 2832 4750 qua:
2862 4680 2952 4734 ille
2980 4679 3361 4750 divulgaverat,
3397 4680 3625 4749 ingrcssi

2039 4785 2241 4845 patrem
2272 4785 2617 4843 operuerunt.
2650 4772 2784 4826 Tum
2825 4772 2912 4825 uhi
2957 4772 3188 4825 surrexit
3227 4785 3408 4840 pater,
3438 4773 3619 4829 omnia

2036 4867 2306 4937 cognovit,
2337 4875 2390 4920 et
2418 4865 2596 4919 dicere
2625 4864 2785 4934 cwpit
2815 4881 2829 4919 :
2864 4862 3168 4917 Maledictus
3194 4861 3438 4917 Chanaan
3469 4880 3627 4932 puer;

2039 4958 2262 5031 famulus
2290 4958 2381 5011 erit
2406 4956 2645 5026 fratribus
2672 4956 2776 5010 suis
2809 4952 2971 5023 (Gen.
2998 4952 3051 5007 9.
3080 4953 3150 5009 ‘25
3171 4952 3207 5011 )«
3242 4953 3476 5020 Quorum
3503 4969 3620 5008 ver-

2038 5051 2224 5104 borum
2257 5049 2371 5102 haec
2399 5056 2480 5102 est
2500 5047 2762 5102 sententia
2796 5062 2808 5098 :
2839 5059 3028 5099 servus
3054 5043 3180 5105 eris,
3205 5044 3323 5111 quia
3356 5043 3516 5110 patris
3550 5043 3621 5098 tui

2037 5140 2416 5211 turpitudinem
2460 5139 2760 5208 divulgasti.
2792 5136 2953 5191 Vides
2980 5145 3037 5189 ut
3072 5149 3103 5189 e
3144 5144 3361 5203 peccatu
3392 5135 3621 5189 servitus

2036 5241 2151 5286 orta
2182 5232 2283 5295 sit,
2316 5240 2369 5285 et
2404 5229 2714 5298 improbitas
2756 5228 3068 5280 Servitutem
3110 5223 3500 5279 introduxerit?
3529 5224 3621 5281 Vis

2036 5323 2311 5378 ostendam
2342 5321 2641 5375 libertatein
2674 5333 2739 5371 ex
2767 5315 3066 5372 servitute?
3095 5315 3344 5369 Famulus
3377 5314 3472 5369 fuit
3500 5316 3620 5385 qui-

2033 5415 2156 5468 dam
2182 5414 2483 5475 Onesimus,
2515 5410 2818 5478 despectus,
2848 5406 3101 5475 fugitivus
3130 5423 3141 5460 :
3176 5406 3261 5459 hic
3290 5404 3440 5475 fugit,
3473 5416 3528 5461 et
3552 5406 3619 5461 ad

2034 5508 2254 5563 Paulum
2285 5505 2411 5559 abiit
2437 5545 2451 5569 ,
2479 5502 2797 5571 baptismum
2825 5500 3052 5554 obtinuit
3072 5541 3085 5564 ,
3116 5508 3327 5567 peccata
3351 5499 3517 5556 eluit.
3549 5499 3616 5553 ad

2031 5598 2196 5671 pedes
2222 5596 2340 5664 ejus
2368 5595 2624 5649 remansit
2654 5611 2667 5648 :
2696 5590 2882 5647 scribit
2914 5590 2980 5644 ad
3019 5589 3291 5644 dominum
3324 5593 3438 5659 ejus
3477 5590 3617 5645 Pau-

2033 5690 2140 5744 lum
2172 5706 2187 5743 :
2221 5686 2513 5741 Onesimum
2539 5686 2622 5755 qui
2651 5684 2738 5737 tibi
2776 5682 3051 5749 aliquando
3078 5681 3272 5736 inutilis
3305 5682 3401 5753 fuit
3426 5722 3441 5744 ,
3487 5677 3632 5734 nunc

2033 5794 2209 5845 autem
2239 5794 2284 5841 ct
2325 5783 2446 5840 mihi
2490 5794 2534 5838 et
2578 5782 2663 5837 tibi
2691 5781 2847 5850 utilis,
2890 5781 3034 5837 illum
3072 5792 3125 5837 ut
3165 5797 3242 5837 me
3268 5778 3466 5849 suscipe
3495 5774 3516 5845 (
3543 5772 3621 5825 Ad
