4030 6136
270 202 405 258 1039

263 316 456 373 λαϐοῦ
504 316 693 371 αὐτὸν
743 313 821 385 ὡς
866 317 991 387 ἐμέ.
1020 317 1084 371 Τί
1135 316 1244 387 γάρ
1286 314 1536 384 ἐγένετο;
1580 316 1681 368 “Or
1725 311 1840 384 ἐγὼ

261 399 565 471 ἐγέννησα
594 400 665 453 ἐν
693 400 819 466 τοῖς
843 400 1090 470 δεσμοῖς
1122 417 1262 469 μου.

332 490 405 554 η’.
425 477 577 545 Εἶδες
596 483 894 552 εὐγένειαν,
913 479 1053 546 εἶδες
1072 482 1271 553 τρόπον
1294 480 1603 552 παρέχοντα
1623 479 1837 533 ἐλευθε-

266 567 389 637 ρίαν
406 583 420 632 ;
443 566 635 629 Δοῦλος
656 566 765 639 γὰρ
784 568 878 621 καὶ
897 564 1452 638 ἐλεύθερος,ὀνόματά
1472 566 1618 617 ἐστιν
1630 562 1834 626 ἀπλῶς.

265 649 331 703 Τί
371 651 486 704 ἐστι
525 649 745 716 δοῦλος;
780 653 991 721 Ὄνομα
1031 650 1206 721 ψιλόν.
1251 649 1415 703 Πόσοι
1447 648 1704 721 δεσπόται
1746 649 1840 703 ἐπὶ

271 733 513 799 στιϐάδος
555 737 762 789 κεῖνται
808 713 1119 806 μεθύοντες,
1150 733 1355 788 οἰκέται
1382 733 1440 786 δὲ
1464 713 1838 804 παρεστήκασι

269 819 557 888 νήφοντες-ί
592 818 725 872 Τίνα
771 818 984 871 καλέσω
1025 818 1239 887 δοῦλον;
1266 817 1356 871 τὸν
1395 818 1653 889 νήφοντα,
1687 816 1720 888 ἢ
1750 817 1840 870 τὸν

269 900 564 971 μεθύοντας
598 903 687 955 τὸν
733 901 916 955 δοῦλον
961 900 1271 973 ἀνθρώπου,
1304 900 1337 972 ἢ
1366 900 1457 954 τὸν
1495 899 1841 970 αἰχμάλωτον

267 984 505 1050 πάθου;;
539 986 775 1049 Ἐκεῖνος
798 985 896 1056 τὴν
914 983 1159 1037 δουλείαν
1187 983 1385 1051 ἔξωθεν
1410 982 1543 1053 ἔχει,
1571 977 1725 1044 οὗτος
1743 980 1842 1052 τὴν

264 1069 642 1139 αἰχμαλωσίαν
671 1066 881 1120 ἔνδοθεν
904 1069 1210 1139 περιφέρει.
1235 1065 1419 1121 Ταῦτα
1449 1067 1614 1135 λέγω,
1642 1065 1736 1119 καὶ
1765 1064 1844 1118 λέ-

265 1167 380 1219 γων
408 1152 470 1204 ού
500 1150 797 1221 παύσομαι,
821 1150 906 1203 ἵνα
940 1151 1100 1222 ἔχητε
1120 1150 1345 1222 γνώμην
1366 1148 1716 1204 διακονοῦσαν
1736 1147 1844 1202 τῶν

267 1235 609 1305 πραγμάτων
639 1238 705 1306 τῇ
734 1233 953 1303 φύσειε,
978 1234 1072 1288 καὶ
1096 1232 1170 1304 μὴ
1192 1232 1479 1304 ἀπάγησθε
1502 1234 1568 1304 τῇ
1588 1230 1695 1284 τῶν
1715 1230 1846 1283 πολ-

267 1316 377 1369 λῶν
398 1318 601 1388 ἀπάτῃ,
623 1317 738 1370 ἀλλ’
754 1317 957 1387 είδῆτε,
984 1316 1035 1370 τί
1055 1315 1260 1381 δοῦλος,
1285 1316 1338 1368 τί
1362 1316 1549 1387 πένης,
1574 1315 1628 1368 τί
1661 1314 1846 1382 δυσγε-

267 1400 387 1470 νὴς,
415 1400 467 1452 τί
500 1400 782 1470 μακάριος,
831 1401 884 1454 τί
926 1400 1114 1464 πάθος.
1133 1399 1257 1454 Ἐὰν
1285 1398 1395 1471 γάρ
1439 1396 1646 1469 μάθητε
1677 1395 1846 1450 ταῦτα

267 1481 584 1554 διακρίνειν,
606 1483 795 1538 οὐδένα
818 1482 1189 1555 ὑποστήσεσθε
1216 1482 1461 1555 θόρυϐον.
1482 1480 1622 1534 Ἀλλ’
1652 1480 1739 1533 ἵνα
1769 1478 1846 1551 μὴ

268 1567 331 1620 τὸ
363 1567 637 1638 πάρεργον
682 1566 776 1621 τοῦ
819 1567 978 1636 λόγου
1020 1567 1181 1621 πλέον
1210 1566 1504 1637 γενόμενον
1531 1564 1721 1636 ἀπάγῃ
1753 1562 1846 1616 τὸν

270 1651 446 1720 λόγον,
474 1651 727 1723 ἐχώμεθα
758 1652 856 1723 τῆς
889 1650 1218 1715 ὑποθέσεως.
1242 1645 1409 1713 Οὗτος
1440 1649 1620 1703 τοίνυν
1639 1648 1668 1700 6
1691 1645 1848 1701 πλού-

273 1751 406 1799 σιος,
436 1734 621 1807 λοιπὸν
661 1734 718 1787 δὲ
766 1735 968 1805 πένης’
1004 1734 1203 1806 μᾶλλον
1234 1733 1344 1805 γάρ
1370 1732 1536 1804 ἡνίκα
1575 1731 1845 1793 ἐπλούτει,

271 1818 438 1888 πένης
480 1814 566 1889 ἦν.
603 1818 668 1871 Τί
701 1819 808 1888 γάρ
840 1817 1032 1888 ὄφελος
1062 1816 1336 1890 ἀνθρώπῳ
1367 1815 1620 1888 ἀλλότρια
1649 1814 1845 1886 ἔχοντι,

272 1901 365 1953 καὶ
390 1901 458 1955 τὰ
487 1900 677 1955 ἑαυτοῦ
709 1902 809 1954 οὐκ
840 1902 1043 1973 ἔχοντι;

342 1984 407 2038 Τί
436 1984 624 2053 ὄφελος
659 1984 931 2056 ἀνθρώπῳ
967 1984 1229 2056 χρήματα
1263 1983 1607 2054 κεκτημένῳ,
1648 1979 1849 2052 ἀρετὴν

268 2066 326 2120 δὲ
357 2068 430 2139 μὴ
458 2068 812 2139 κεκτημένῳ;
852 2068 917 2121 Τί
950 2067 1250 2139 λαμϐάνεις
1285 2069 1354 2121 τά
1385 2068 1495 2121 τῶν
1525 2066 1721 2130 ἄλλων,
1756 2063 1849 2118 καὶ⁹

269 2150 340 2203 τά
374 2150 443 2203 σὰ
473 2150 789 2216 ἀπολλύεις;
821 2152 990 2222 Ἔχω,
1031 2153 1184 2223 φησὶ,
1229 2151 1413 2224 χώραν
1452 2147 1704 2220 εὔφορον.
1739 2148 1850 2202 Καὶ

269 2234 325 2286 τί
351 2233 540 2299 τοῦτο;
573 2234 709 2289 ἀλλά
743 2235 921 2307 ψυχὴν
958 2236 1059 2289 οὐκ
1099 2236 1245 2306 ἔχεις
1276 2234 1527 2307 εῠφορον.
1561 2233 1713 2304 Ἕχω
1752 2232 1850 2286 ἀν-

271 2317 532 2389 δράποδα.
552 2318 687 2371 Ἀλλ’
716 2319 919 2390 ἀρετὴν
964 2320 1065 2374 οὐκ
1113 2319 1438 2390 ἐχεις.Ἔχω
1481 2316 1693 2388 ἱμάτια.
1712 2314 1850 2369 Ἀλλ’

272 2401 562 2457 εὐλάϐειαν
587 2403 648 2456 οὺ
677 2403 962 2475 κέκτησαι.
987 2405 1068 2459 Ta
1097 2405 1195 2475 μὲν
1217 2402 1378 2458 άλλου
1408 2402 1573 2473 ἔχεις,
1599 2400 1669 2455 τά
1701 2400 1759 2455 δέ
1785 2400 1854 2455 σὰ

272 2486 374 2539 οὐκ
402 2485 564 2556 ἔχειςς
585 2487 707 2541 Ἐάν
737 2486 822 2550 τίς
851 2504 934 2540 σοι
960 2485 1107 2559 δώσῃ
1140 2486 1627 2559 παρακαταθήκην,
1657 2486 1732 2557 μὴ
1759 2484 1852 2538 δύ-

274 2569 445 2640 ναμαί
473 2587 532 2622 σε
563 2569 791 2624 καλέσαι
820 2569 1107 2637 πλούσιον;
1134 2569 1290 2641 Οὐχί.
1319 2568 1419 2623 Διά
1447 2570 1536 2636 τί;
1572 2566 1855 2638 ’Λλλότρια

275 2653 386 2724 γὰρ
412 2654 699 2726 κέκτησαι.
727 2653 898 2708 Τοῦτο
922 2654 1031 2724 γὰρ
1064 2652 1501 2726 παρακαταθήκη
1530 2651 1681 2705 ἐστίν
1701 2668 1715 2682 ·
1739 2650 1854 2704 εἴθε

276 2737 387 2810 γὰρ
416 2740 852 2811 παρακαταθήκη
884 2739 1043 2809 μόνον
1069 2734 1158 2810 ἦν,
1198 2738 1295 2792 καὶ
1327 2738 1403 2809 μὴ
1439 2736 1726 2809 προσθήκη
1773 2754 1856 2791 σοι

275 2821 549 2893 τιμωρίας
578 2822 804 2890 ἐγίνετο.
824 2822 969 2877 Ἰδὼν
993 2818 1086 2877 οὖν
1111 2823 1139 2875 6
1165 2820 1417 2884 πλούσιος
1450 2822 1541 2876 τὸν
1582 2822 1856 2892 Λάζαρον,

275 2905 460 2975 λέγει’
508 2905 701 2975 Πάτερ
743 2907 1007 2977 Ἀϐραὰμ,
1049 2905 1311 2975 ἐλέησόν
1343 2923 1441 2977 με.
1476 2907 1716 2979 Πένητος
1761 2906 1860 2976 ῥή-

283 3008 450 3062 ματα,
478 2992 792 3063 προσαίτου,
818 2990 1056 3064 πτωχοῦ.
1077 2990 1271 3061 Πάτερ
1307 2990 1572 3061 Ἀϐραὰμ,
1596 2988 1860 3057 ἐλέησόν

278 3090 376 3144 με.
410 3074 475 3128 Τί
513 3074 717 3141 θέλεις;
753 3073 902 3148 [785]
949 3073 1200 3144 Πέμψον
1238 3072 1634 3143 Λάζαρον.·ον
1666 3072 1862 3145 μυριά-

281 3175 373 3222 κις
405 3157 773 3231 παρέδραμες,
805 3157 865 3211 ὃν
896 3157 1017 3210 οὐδὲ
1057 3157 1183 3211 ἰδεῖν
1214 3156 1508 3226 ἠθέλησας,
1540 3155 1730 3209 τοῦτον
1765 3155 1860 3208 νῦν

281 3243 454 3305 αἰτεῖς
484 3241 799 3312 πεμφθῆναί
829 3256 912 3293 σοι
940 3241 1021 3304 είς
1051 3239 1363 3311 σωτηρίαν;
1392 3240 1644 3309 Πέμψον
1675 3237 1859 3299 Λάζα-

283 3342 415 3393 ρον.
450 3324 561 3378 Kal
603 3324 706 3377 1:06
748 3322 842 3377 νῦν
872 3324 922 3376 οἱ
958 3323 1183 3394 οἰνοχόοι
1210 3339 1338 3389 σου;
1373 3321 1476 3377 ποῦ
1508 3324 1557 3375 οἱ
1580 3322 1860 3393 τάπητες;

285 3411 389 3465 ποῦ
412 3411 464 3463 οἱ
493 3410 783 3480 παράσιτοι
805 3425 819 3474 ;
852 3407 955 3462 1:06
981 3409 1029 3461 οί
1059 3408 1324 3474 κόλακες;
1351 3407 1453 3462 ποῦ
1479 3409 1508 3461 6
1530 3406 1725 3477 τῦφος;
1757 3405 1863 3460 ποῦ

286 3496 319 3565 ὴ
353 3493 617 3558 ἀπόνοια;
646 3492 751 3546 ποῦ
780 3491 840 3546 τὸ
864 3492 1082 3564 χρυσίον
1108 3492 1169 3546 τδ
1200 3493 1727 3564 κατορωρυγμένον;
1757 3490 1863 3546 ποῦ

284 3578 356 3632 τά
387 3576 578 3647 ἱμάτια
612 3574 681 3629 τὰ
705 3575 1056 3647 σητόϐρωτα;
1087 3574 1189 3631 ποῦ
1217 3577 1245 3629 6
1283 3575 1523 3648 ἄργυρος
1559 3577 1589 3629 6
1621 3574 1869 3647 τιμώμε-

287 3681 377 3728 νος
425 3659 576 3731 παρά
625 3658 756 3728 σοῦ;
806 3659 910 3714 1:06
955 3662 989 3732 ή
1034 3661 1303 3731 φαντασία
1335 3661 1432 3714 καὶ
1468 3662 1502 3732 ή
1531 3660 1865 3737 ἀπόλαυσιςς

286 3747 469 3803 Φύλλα
507 3742 575 3818 ἦν
594 3760 608 3776 ⁶
652 3742 859 3816 χειμὼν
896 3744 1184 3808 κατέλαϐε,
1229 3745 1321 3799 καὶ
1348 3746 1526 3800 πάντα
1555 3744 1823 3816 ἐξηράνθη
1849 3757 1868 3778 ⁶

289 3834 424 3905 ϐναρ
452 3828 547 3903 ἦν·
576 3829 653 3895 ὡς
673 3830 727 3884 δέ
758 3830 939 3903 ήμέρα
966 3830 1198 3899 ἐγένετο,
1224 3830 1434 3901 ἀπῆλθε
1464 3830 1525 3883 τὸ
1548 3830 1678 3901 ὄναρ
1698 3847 1711 3861 ’
1742 3827 1871 3882 σκιά

290 3913 393 3989 ἦν’
423 3912 586 3989 ἦλθεν
618 3917 650 3987 ή
683 3914 929 3986 ἀλήθεια,
960 3915 1055 3969 καὶ
1092 3914 1437 3987 παρέδραμεν
1466 3916 1500 3986 ή
1533 3914 1679 3969 σκιά.
1716 3913 1869 3985 Πέμ-

295 4006 419 4072 ψον
453 4000 735 4070 Λάζαρον.

368 4103 476 4157 Kal
526 4101 615 4156 διὰ
655 4101 708 4155 τί
758 4099 945 4155 οὐδένα
992 4098 1178 4170 βλέπει
1222 4099 1428 4152 δίκαιον
1470 4096 1661 4163 ἇλλονς
1693 4096 1755 4150 06
1781 4094 1875 4149 τὸν

296 4189 445 4254 Νῶε,
490 4187 552 4239 οὐ
601 4184 692 4238 τὸν
740 4182 955 4250 Ἰακὼϐ,
985 4184 1044 4237 οὐ
1099 4183 1192 4238 τὸν
1239 4182 1382 4248 Λὼτ,
1420 4183 1483 4236 οὐ
1532 4182 1624 4235 τὸν
1666 4180 1874 4245 Ἰσαάκ,

296 4268 436 4326 ἀλλά
468 4269 561 4323 τὸν
600 4266 890 4339 ’Λϐραάμ;
941 4266 1038 4320 Διά
1066 4265 1119 4321 τί
1138 4283 1154 4331 ;
1196 4266 1412 4337 Ἐπειδὴ
1440 4266 1715 4336 φιλόξενος
1747 4262 1816 4337 ἦν
1848 4267 1878 4319 6

312 4353 586 4425 Ἀϐραὰμ,
634 4350 731 4403 καὶ
774 4350 899 4412 τοὺς
940 4348 1354 4420 ὁδοιποροῦντας
1402 4352 1481 4412 εἰς
1526 4350 1625 4420 τὴν
1673 4350 1880 4420 σκηνὴν

301 4424 473 4495 εἷλκε.
506 4437 616 4508 Τῆς
647 4433 825 4487 τοίνυν
846 4431 1240 4504 ἀπανθρωπίας
1272 4433 1464 4485 τούτου
1488 4434 1522 4503 ή
1548 4433 1758 4486 ἐκείνου
1788 4450 1880 4502 φι-

302 4521 517 4587 λοξενία
562 4517 761 4590 μείζων
788 4516 998 4585 γίνεται
1042 4516 1367 4587 κατήγορος.
1398 4515 1649 4585 Πέμψον
1696 4513 1881 4576 Λάζα-

301 4623 432 4678 ρον.
450 4601 759 4664 ’Λκούοντες
787 4599 1132 4671 φοϐηθῶμεν,
1154 4597 1447 4669 ἀγαπητοὶ,
1485 4598 1558 4669 μὴ
1594 4598 1689 4651 καὶ
1723 4599 1883 4670 ἡμεῖς

308 4691 509 4757 ῐόωμεν
542 4693 799 4754 πένητας,
826 4683 923 4737 καὶ
948 4680 1420 4754 παραδράμωμεν,
1451 4682 1525 4752 μὴ
1553 4679 1673 4736 ἀντὶ
1703 4680 1884 4743 Λαζά.

312 4790 407 4846 ρου
443 4768 627 4823 πολλοὶ
655 4768 784 4837 ἡμῖν
822 4766 941 4819 τότε
973 4766 1236 4834 γένωνται
1280 4767 1593 4837 κατήγοροι.
1634 4764 1886 4833 Πέμψον

311 4857 597 4922 Λάζαρον,
619 4853 719 4905 ἵνα
743 4850 807 4903 τὸ
828 4850 1016 4919 ἄκρον
1038 4849 1144 4903 τοῦ
1168 4849 1471 4903 δακτύλου
1496 4848 1684 4902 αὑτοῦ
1710 4848 1888 4901 ὕδατι

308 4940 541 5008 βάψας,
570 4934 864 5002 ἐπιστάξῃ
891 4952 1010 5002 μου
1041 4931 1117 5000 τῇ
1143 4932 1396 5001 γλώττῃ,
1421 4932 1506 4984 ὅτι
1538 4932 1890 5001 ἀποτηγανρ

315 5014 593 5093 ζομαι.⁷ῼ
636 5018 743 5090 γάρ
792 5018 974 5088 μέτρῳ
1025 5017 1307 5086 μετρεῖτε,
1361 5014 1889 5086 ἀντιμετρηθήσεται

316 5109 466 5177 ὑμῖν.
494 5105 569 5157 Οὐ
598 5101 900 5173 μετέδωκας
927 5100 1156 5171 ψιχίων;
1188 5099 1249 5151 ού
1280 5098 1713 5170 μεταλαμϐάνεις
1758 5115 1888 5151 στα-

317 5185 758 5259 γόνος.Πέμψον
771 5182 1057 5257 Λάζαρον,
1073 5183 1161 5236 ἵνα
1190 5181 1344 5253 ἄκρῳ
1383 5182 1461 5253 τῷ
1498 5182 1745 5253 δακτύλῳ
1779 5184 1893 5237 ἐπι-

322 5272 490 5350 στᾲξῃ
535 5287 635 5341 μου
671 5271 737 5338 τῇ
770 5266 1002 5339 γλώττῃ.
1038 5267 1119 5350 ὅτι
1160 5264 1652 5350 ἀποτηγανίςομαι.
1692 5268 1801 5321 Καὶ
1839 5266 1894 5320 τί

325 5347 458 5428 1:96;
491 5353 648 5409 αὐτὸν
674 5354 702 5405 6
734 5350 1012 5421 Ἀϐραάμς
1050 5347 1292 5412 Τέκνον,
1326 5349 1624 5415 ἀπέλαϐες
1654 5349 1725 5403 τὰ
1750 5350 1895 5420 ἀγα-

389 5606 417 5637 ι
442 5603 592 5667 νβιὶο.
622 5596 945 5667 διακρίνουσαν
965 5597 1060 5644 τῶν
1096 5592 1382 5667 πραγμάτων
1401 5594 1489 5667 τήν
1515 5595 1668 5658 φύσιν.
1712 5595 1899 5647 Abhinc

329 5671 383 5721 il.
399 5665 576 5717 eodem
596 5663 763 5711 comcc
788 5661 946 5709 omnia
976 5670 1105 5721 pene
1128 5661 1291 5706 vitiata
1316 5663 1444 5705 sunt.

1462 203 1549 260 DE
1589 202 1865 262 LAZABO
1898 200 2147 264 CONCN)
2192 212 2274 267 VI.

3390 204 3521 262 £040

1948 311 2023 366 θά
2066 330 2181 368 σου
2225 315 2296 370 ἐν
2325 314 2400 384 τῇ
2435 315 2546 386 ζωῇ
2584 332 2724 383 σου,
2773 317 2868 371 καί
2912 318 3172 387 Λάζαρος
3199 321 3413 390 ὁμοίως
3449 327 3521 379 τὰ

1946 396 2100 451 κακὰ
2131 398 2349 453 αὐτοῦ’
2385 397 2484 452 καὶ
2525 398 2642 452 νῦν
2684 395 2862 466 οὗτος
2903 395 3020 455 ὦδε
3070 405 3520 470 παρακαλεῖται.

1946 481 2029 535 σὺ
2055 482 2124 535 δὲ
2150 481 2463 538 ὀδυνᾶσαι.
2501 483 2668 537 Πάλιν
2695 483 2927 537 ἐνταῦθα
2953 484 3051 537 οὐκ
3083 480 3524 553 εἷπεν,”Ελαϐες,

1946 564 2451 633 ἀλλά,Ἀπέ.ιαϐες.
2500 566 2706 638 Πολλὴν
2732 567 2993 639 διαφορὰν
3025 567 3138 638 ἔχει
3167 570 3201 638 ἡ
3238 570 3523 643 προσθήκη

1946 648 2040 700 τοῦ
2086 648 2589 720 συνδέσμου.⁰ὐπερ
2620 650 2726 722 γὰρ
2761 650 3018 714 πολλάκις
3055 646 3207 704 εἷπον
3260 651 3413 722 ὑμῶν
3455 656 3522 727 τῇ

1946 732 2157 805 ἀγάπῃ,
2190 735 2283 787 καὶ
2310 735 2439 804 περὶ
2463 734 2561 797 τὰς
2593 733 2863 797 συλλαϐάς
2884 734 3169 806 ὀφείλομεν
3202 729 3341 790 εἶναι
3370 738 3525 808 ἐρευι

1947 816 2136 887 νηταί·
2180 815 2486 885 Ἐρευνᾶτε
2510 818 2660 890 ,769,
2704 818 2858 888 φησὶ,
2902 818 3010 885 τὰς
3056 818 3330 889 Γραφάς·
3394 820 3525 875 ἰῶτα

1949 903 2060 973 γὰρ
2084 902 2162 966 ἓν,
2193 902 2226 973 ἦ
2262 901 2358 971 μία
2382 902 2580 973 κεραία
2614 902 2873 965 πολλάκις
2900 903 3079 974 νόημα
3104 902 3450 975 ἐγείρει.”1να
3468 907 3525 960 δὲ

1953 986 2129 1059 μάθῃς
2152 987 2234 1040 ὅτι
2264 986 2356 1039 καὶ
2383 985 2669 1057 προσθήκη
2711 988 2827 1050 ἐνὸς
2858 988 3120 1057 στοιχείου
3154 992 3301 1042 ποιεῖ
3324 990 3522 1060 νόημα,

1950 1061 2101 1131 οὗτος
2124 1069 2152 1121 6
2184 1067 2527 1138 πατριάρχης
2563 1069 2813 1140 Ἀϐραὰμ
2845 1070 3061 1142 ’Λϐράμ
3092 1071 3309 1140 ἐλέγετο
3338 1060 3552 1144 πρότεέ

1953 1169 2067 1222 ρον.
2110 1150 2221 1204 Kal
2247 1151 2393 1220 λέγει
2417 1149 2564 1221 αὑτῷ
2591 1153 2619 1204 6
2642 1151 2792 1216 Θεός.
2825 1153 2937 1206 Οὐκ
2967 1154 3119 1208 ἔσται
3149 1155 3210 1208 τὸ
3235 1156 3406 1226 ὄνομά
3434 1174 3527 1209 σου

1963 1234 2195 1305 ’Λϐράμ,
2222 1233 2335 1287 ἀλλ’
2374 1233 2834 1305 ’Λϐραάμ.¹’Λλφα
2863 1236 3193 1307 προσέθηκε,
3232 1240 3328 1291 καὶ
3360 1238 3530 1293 πατέ-

1955 1335 2025 1390 ρα
2068 1318 2230 1372 αὐτὸν
2276 1317 2483 1371 πολλῶν
2533 1317 2702 1371 ἐθνῶν
2746 1318 3169 1389 ἐποίησεν,ἰδοὺ
3203 1321 3381 1374 τοίνυν
3409 1321 3529 1384 ἐνὸς

1955 1401 2215 1473 στοιχείου
2264 1400 2548 1475 προσθήκη
2592 1401 2792 1473 πολλὴν
2838 1402 3165 1471 εὐγένειανδ
3209 1403 3395 1470 ἔδειξε.
3431 1405 3525 1477 Μὴ

1953 1486 2267 1559 παράτρεχε
2319 1482 2412 1542 οῦν
2463 1485 2648 1552 ἁπλῶς
2693 1486 2762 1539 τὰ
2803 1486 3048 1541 τοιαῦτα.
3079 1486 3153 1541 Οὐ
3200 1488 3308 1560 γάρ
3351 1485 3527 1555 εἶπεν,

1959 1568 2188 1632 Ἔλαϐες
2218 1570 2286 1624 τὰ
2309 1569 2490 1640 ἀγαθά
2536 1586 2652 1632 σου,
2683 1568 3168 1634 ἀλλὰ,Ἁπέλαϐες
3187 1588 3202 1602 ·
3243 1573 3272 1625 6
3305 1571 3362 1626 δὲ
3393 1571 3533 1625 ἀπο-

1953 1655 2266 1727 λαμϐάνων,
2301 1653 2370 1707 τά
2401 1652 2858 1725 κεχρεωστημένα
2904 1654 3303 1724 ἀπολαμϐάνει.
3353 1655 3527 1726 Πρόσ-

1955 1756 2045 1808 εχε
2076 1738 2105 1791 6
2128 1738 2301 1806 λέγωο
2334 1736 2463 1791 ἄλλο
2496 1735 2605 1806 γὰρ
2642 1736 2703 1789 τὸ
2734 1735 2939 1801 λαϐεῖν,
2974 1736 3068 1789 καὶ
3092 1735 3219 1790 ἀλλο
3243 1735 3303 1789 τὸ
3327 1736 3528 1791 ἀπολα-

1955 1825 2070 1878 ϐεῖν
2090 1840 2104 1854 ⁸
2146 1821 2523 1893 ἀπολαμϐάνει
2565 1822 2674 1891 γάρ
2706 1838 2790 1883 τις
2816 1820 2960 1890 άπερ
2988 1816 3124 1890 εἶχε,
3159 1818 3422 1890 λαμϐάνει
3468 1821 3527 1875 δὲ

1956 1903 2217 1966 πολλάκις
2263 1902 2406 1972 άπερ
2431 1901 2532 1954 οὐκ
2561 1898 3174 1969 ἐκέκτητο.Ἀπέλαϐες
3221 1897 3292 1952 τὰ
3339 1898 3532 1967 ἀγαθά

1956 1998 2094 2048 σου,
2132 1981 2228 2034 καὶ
2259 1979 2519 2048 Λάζαρος
2544 1978 2619 2032 τὰ
2646 1978 2800 2032 κακὰ
2827 1976 3033 2033 αὑτοῦ.
3052 1977 3183 2031 Ἰδοὺ
3212 1978 3303 2031 καὶ
3326 1977 3355 2030 6
3375 1976 3534 2030 πλού-

1959 2081 2073 2127 σιος
2115 2062 2185 2116 τά
2229 2061 2409 2130 ἀγαθά
2459 2061 2625 2116 αὑτοῦ
2670 2060 2933 2123 ἀπέλαϐε,
2987 2059 3082 2114 καὶ
3113 2058 3142 2112 ὁ
3171 2058 3421 2132 Λάζαρος
3462 2059 3531 2113 τά

1917 2204 1921 2208 _
1957 2144 2106 2199 κακά
2138 2143 2324 2199 αὑτοῦ.
2361 2143 2549 2197 Ταῦτα
2575 2144 2634 2198 δέ
2673 2160 2764 2214 μοι
2813 2143 2993 2197 πάντα
3025 2140 3241 2214 εἴρηται
3285 2142 3374 2196 διά
3402 2142 3530 2204 τοὺς

1958 2227 2192 2283 ἐνταῦθα
2221 2225 2639 2297 κολαζομένους,
2663 2225 2761 2280 καὶ
2784 2226 2858 2297 μὴ
2881 2227 3017 2290 ἐκεῖ,
3038 2224 3127 2279 διὰ
3147 2225 3276 2288 τοὺς
3297 2224 3531 2279 ἐνταῦθα

1958 2309 2300 2382 τρυφῶντας,
2330 2310 2426 2362 καὶ
2470 2310 2587 2362 ἐκεῖ
2623 2308 3036 2380 κολαζομένους.
3072 2308 3313 2379 Πρόσεχε
3354 2307 3531 2361 τοίνυν

1959 2395 1989 2449 6
2019 2394 2161 2465 λέγω
2180 2412 2193 2425 ·
2239 2394 2561 2460 Ἀπέλαϐες
2593 2394 2666 2448 τὰ
2703 2392 2893 2464 ἀγαθά
2938 2410 3077 2458 σου,
3128 2392 3227 2446 καὶ
3273 2389 3535 2461 Λάζαρος

1961 2477 2034 2533 τὰ
2063 2478 2220 2532 κακὰ
2257 2476 2467 2540 αὐτοῦ,
2496 2476 2566 2530 τά
2590 2476 3068 2556 κεχρεωστημένα,
3092 2474 3163 2529 τά
3188 2474 3531 2545 ὀφειλόμενα.

1962 2562 2268 2634 Προσέχετε
2302 2559 2380 2631 τῷ
2409 2560 2720 2632 ζητήματι·
2750 2560 2938 2629 φθάνω
2966 2560 3073 2629 γάρ
3108 2561 3188 2624 εἰς
3212 2558 3303 2612 τὸν
3333 2558 3498 2611 τόπον
3517 2574 3532 2588 ·

1962 2647 2098 2716 ἄφες
2125 2645 2312 2715 ὑφάνω
2355 2641 2450 2696 τὸν
2499 2642 2844 2697 ίστόν.Ἀλλά
2888 2640 2963 2712 μὴ
3007 2639 3324 2714 θορυϐεῖσθε
3360 2640 3419 2694 ἐν
3458 2638 3538 2710 τῷ

1964 2728 2236 2801 προοιμίῳ
2258 2745 2271 2758 ·
2307 2724 2424 2780 ἀλλ’
2453 2726 2581 2779 ὅταν
2626 2742 2680 2779 τι
2719 2724 2960 2778 τοιοῦτον
2998 2724 3162 2793 λέγω,
3210 2721 3537 2793 ἀναμείνατε

1964 2817 2064 2884 τὴν
2090 2813 2261 2866 λύσιν.
2290 2810 2559 2880 Βούλομαι
2587 2809 2697 2879 γὰρ
2725 2808 3032 2880 ὀξυδερκεῖς
3058 2808 3201 2879 ὑμᾶς
3241 2805 3395 2879 [786]
3438 2822 3538 2859 κα·

1965 2896 2253 2967 ταστῆσαι,
2279 2894 2373 2948 καὶ
2398 2892 2473 2964 μὴ
2497 2891 2685 2956 ἁπλῶς
2708 2891 3041 2954 ἐπιπολαίως
3064 2890 3385 2961 γυμνάζειν,
3402 2888 3542 2944 ἀλλά

1967 2981 2064 3035 καὶ
2104 2982 2184 3044 είς
2229 2977 2389 3049 βυθὸν
2422 2973 2749 3044 καταφέρειν
2779 2973 2885 3026 τῶν
2912 2972 3069 3039 θείων
3097 2971 3347 3043 Γραφῶν,
3381 2970 3541 3042 βυθὸν

1968 3061 2068 3115 οὐκ
2098 3059 2290 3131 ἔχοντα
2316 3055 2582 3129 χειμῶνα,
2617 3053 2778 3124 βυθὸν
2820 3052 3065 3131 γαλήνης
3112 3049 3541 3131 ἀσφαλέστερον.

1972 3128 2265 3196 Ὀσοκίὀῦν
2308 3133 2575 3204 καταϐῇς,
2624 3131 2844 3187 πλείονα
2890 3129 3191 3199 ἀσφάλειαν
3243 3128 3540 3199 εὑρίσκεις.

1971 3221 2047 3276 Οὐ
2091 3219 2201 3293 γάρ
2235 3221 2382 3272 ἐστιν
2428 3214 2662 3270 ἐνταῦθα
2696 3213 2906 3268 ὑδάτων
2952 3215 3187 3274 ἄτακτος
3220 3209 3390 3293 ῥύμη,
3427 3207 3545 3293 ἀλλξ

1973 3289 2234 3365 εῠτακτος
2277 3301 2565 3373 νοημάτων
2611 3296 2868 3356 διάθεσις.
2889 3294 3200 3360 Ἀπέλαϐες
3236 3291 3310 3347 τὰ
3353 3289 3547 3373 άῃαθά

1973 3403 2111 3452 σου,
2148 3386 2248 3441 καὶ
2269 3369 2532 3454 Λάξαρος
2555 3383 2629 3437 τὰ
2657 3382 2812 3435 κακὰ
2838 3378 3026 3434 αὐτοῦ
3043 3394 3057 3410 ο
3090 3377 3189 3431 καὶ
3226 3375 3342 3430 νῦν
3366 3369 3546 3439 οὗτος

1974 3473 2400 3545 παρακαλεῖται
2425 3510 2440 3535 ,
2489 3468 2571 3522 σὺ
2624 3464 2694 3521 δὲ
2752 3462 3064 3518 ὀδυνᾶσαι.
3123 3462 3350 3532 Ζήτημα
3403 3459 3549 3545 μέγα

1975 3541 2124 3613 ἐστίν
2150 3574 2164 3589 ο
2196 3552 2366 3619 εἷπον,
2397 3555 2478 3608 ὅτι
2509 3554 2538 3606 6
2576 3547 2996 3619 ἀπολαμϐάνων,
3028 3545 3096 3600 τά
3125 3541 3548 3616 κεχρεωστημέ-

1976 3659 2042 3696 να
2073 3638 2470 3710 ἀπολαμϐάνει.
2506 3635 2569 3688 El
2613 3632 2793 3686 τοίνυν
2840 3632 2869 3683 6
2919 3630 3169 3701 Λάζαρος
3208 3626 3416 3710 δίκαιος
3456 3620 3547 3710 ἦν,

1977 3724 2167 3795 ὥσπερ
2192 3708 2285 3776 οὖν
2314 3721 2409 3774 καὶ
2435 3715 2525 3791 ἦν,
2543 3716 2638 3771 καὶ
2666 3714 2864 3780 ἔδειξεν
2887 3715 2915 3767 6
2935 3712 3132 3775 κόλπος
3155 3708 3549 3795 τοῦΪΛϐραάμ,

1978 3810 2007 3862 6
2054 3792 2335 3876 στέφανος,
2368 3802 2437 3857 τά
2470 3799 2720 3874 βραϐεϊα,
2768 3799 2802 3868 ή
2852 3796 3057 3858 ἄνεσις,
3090 3796 3125 3865 ή
3160 3792 3481 3876 ἀπόλαυσις,
3516 3793 3551 3863 ἡ

1980 3874 2267 3962 καρτερία,
2293 3889 2328 3959 ή
2358 3884 2603 3955 ὑπομονή
2622 3899 2636 3913 ⁸
2663 3876 2818 3943 οὗτος
2838 3878 2896 3931 δὲ
2923 3875 3246 3962 ἁμαρτωλὸς
3275 3874 3369 3929 καὶ
3403 3891 3553 3962 παμ-

1981 3956 2119 4043 πόνη
2129 3956 2219 4045 ρος
2241 3956 2336 4025 καὶ
2356 3966 2743 4039 ἀπάνθρωπος,
2762 3959 3072 4045 τρυφῇκαλί
3089 3957 3229 4045 μέθη
3248 3956 3553 4045 προσέχων,

1983 4037 2344 4126 Συϐαριτικὴν
2387 4037 2820 4121 παρατιθέμενος
2861 4040 3168 4126 τράπεζαν,
3203 4041 3263 4126 ἐν
3300 4037 3558 4126 ἀσελγεία

1983 4120 2223 4210 τοσαύτῃ
2244 4120 2339 4189 καὶ
2366 4120 2633 4201 ἀκολασίᾳ
2678 4125 3060 4210 στρεφόμενος,
3094 4122 3183 4176 διά
3205 4120 3444 4210 τίῌαύᾼτῶ
3471 4120 3560 4210 λέ-

1984 4240 2093 4292 γει,
2110 4202 2556 4281 ὅτι-ἶΑπέλαϐεςς
2577 4212 2934 4292 ἐχρεωστεῖτο
2957 4207 3067 4278 γάρ
3087 4223 3139 4260 τι
3160 4202 3559 4292 αὺτῷηάνθρώτ

1987 4287 2075 4377 πῳ
2101 4303 2436 4365 πλουτοῦντι,
2464 4295 2735 4370 ἀνθρώπῳ
2762 4291 2957 4377 ἀσώτῳ
2986 4292 3083 4377 και
3099 4289 3277 4377 ἀπανθ
3287 4288 3485 4377 5
3506 4287 3560 4342 τί

1987 4368 2096 4459 γάρ
2123 4384 2271 4455 αὐτῷ
2293 4368 2676 4455 ἐχρεωστεῖτος
2705 4377 2792 4431 διὰ
2818 4374 2871 4428 τί
2893 4373 3003 4445 γάρ
3026 4374 3102 4446 μή
3126 4368 3560 4438 εἷπεν,Ἔλαϐες,

1990 4472 2125 4535 ἀλλ’,
2151 4466 2494 4530 Ἀπέλαϐες;

2062 4596 2126 4649 θ’.
2160 4592 2403 4664 Πρόσεχε
2447 4587 2526 4660 τῷ
2572 4586 2875 4656 λεγομένῳ
2919 4582 3354 4654 Ἐχρεωστοῦντο
3414 4577 3564 4664 αύτῷ

1991 4698 2045 4735 τι
2052 4698 2135 4752 μω
2144 4663 2273 4751 ρίαι,
2289 4671 2686 4747 ἐχρεωστοῦντο
2701 4667 2850 4752 αύτῷ
2866 4666 3139 4752 κολάσεις,
3150 4663 3564 4752 -ἐχ-ρεωστοῦντο

1993 4744 2368 4834 αύτῷ-ὀδύναι.
2400 4757 2498 4811 Διά
2528 4756 2579 4811 τί
2611 4754 2685 4826 μὴ
2720 4750 2994 4816 εἶπεν,ὂτι
3024 4750 3176 4803 Αὑτά
3194 4746 3408 4834 ἔλαϐες,
3429 4744 3567 4834 ἀλλά

2007 4831 2332 4910 Ἀπέλαϐες
2354 4843 2427 4896 τὰ
2452 4838 2643 4911 ἁγαθά
2671 4854 2790 4893 σου
2828 4836 3045 4895 ἐκεῖνα,
3090 4833 3181 4885 τὸν
3226 4831 3339 4902 βίον
3365 4832 3565 4901 ἐκεῖνον

1994 4933 2184 5001 λέγων,
2216 4927 2311 4984 καὶ
2336 4923 2596 4992 Λάζαρος
2624 4923 2698 4975 τὰ
2729 4915 3153 5001 κακὰγαύτοῦί
3172 4914 3332 4967 ’Λλλά
3356 4912 3570 5001 σύ-ντιει-

1994 4993 2085 5071 νόν
2127 5031 2220 5067 σου
2268 5012 2368 5083 τὴν
2418 5007 2692 5062 διάνοιαν*
2751 5003 2831 5064 είς
2886 4999 3049 5071 βάθος
3096 4993 3572 5083 γάρῃκαταϐαίνω

1996 5115 2092 5170 νοη
2101 5096 2303 5167 μάτων.
2322 5076 2444 5145 Τῶν
2472 5084 2777 5170 ἀνθρώπων
2803 5084 3073 5170 ἁπάντων.
3089 5079 3198 5133 τῶν
3216 5077 3383 5170 ὄντων
3400 5078 3450 5130 οἱ
3475 5076 3573 5170 μὲν

1999 5160 2135 5236 εἰσίιν
2157 5174 2494 5251 ἁμαρτωλοὶ,
2531 5174 2582 5225 οί
2614 5170 2672 5224 δὲ
2705 5169 2924 5251 δίκαιοι.
2962 5163 3204 5251 Πρόσεχε
3250 5161 3450 5251 τοίνυν.
3479 5160 3575 5251 καὶ

2000 5267 2057 5318 ἐν
2084 5242 2447 5327 τοϊςδικαίοις
2479 5252 2762 5324 διαφοράν·
2791 5251 2820 5303 6
2858 5248 2954 5320 μὲν
2988 5247 3218 5309 δίκαιος,
3248 5246 3277 5298 6
3313 5243 3369 5297 δὲ
3394 5242 3574 5327 πλεῖον

2002 5325 2223 5408 δίκαιοςο
2244 5346 2271 5397 6
2304 5342 2402 5412 μὲν
2426 5337 2774 5409 ὑψηλότερος,
2803 5333 2832 5385 6
2861 5332 2916 5385 δὲ
2947 5329 3169 5401 μείζων·
3203 5326 3296 5383 καὶ
3324 5325 3577 5400 καθάπερ

2068 5653 2096 5692 1)
2124 5646 2275 5697 Valic.
2302 5644 2455 5700 πόσην
2480 5638 2726 5703 εὐγένειαν.
