4030 6136
578 253 707 309 ιοιι

576 367 806 437 ἀστέρες
826 363 934 418 εἰσὶ
957 359 1144 416 πολλοὶ
1181 361 1274 415 καὶ
1301 361 1449 430 ἥλιος
1488 362 1579 412 καὶ
1610 359 1829 429 σελήνη,
1856 357 2014 427 οὓτω
2040 355 2133 409 καὶ

575 449 803 521 διαφορά
823 446 1062 503 δικαίων.
1091 446 1283 512 Ἀλλη
1311 445 1417 515 γὰρ
1438 444 1586 505 δόξα
1611 444 1809 519 ἡλίου,
1848 440 1945 495 καί
1974 440 2133 508 ἄλλη

464 528 469 531 ¹
576 528 864 601 σελήνης,
922 530 1020 584 καί
1061 529 1219 596 ἄλλη
1270 528 1419 592 δόξα
1468 528 1755 596 ἀστέρων.
1783 526 1864 581 Τά
1894 526 1992 596 μὲν
2025 524 2134 594 γὰρ

573 615 817 686 διαφέρει
844 616 902 668 ἐν
931 613 1077 688 δόξῃ.
1108 612 1177 666 τὰ
1197 612 1253 665 δὲ
1274 610 1611 666 ἐλαττοῦται·
1636 611 1731 665 καὶ
1751 610 2000 680 καθάπερ
2026 607 2135 661 εἰσὶ

576 697 803 769 σώματα
832 696 1159 766 ἐπουράνεα;
1189 692 1330 749 οὕτω
1372 694 1466 748 καὶ
1497 694 1722 764 σώματα
1761 693 1978 760 ἐπίγεια
1997 707 2010 721 ·
2041 690 2135 744 καὶ

570 778 760 851 ῶσπερ
796 782 853 832 ἐν
883 781 996 840 τοῖς
1026 775 1271 847 σώμασιν
1313 780 1341 831 6
1386 778 1482 848 μὲν
1517 777 1733 845 ἔλαφος,
1768 774 1869 829 ὁδέ
1900 774 2074 838 κύων,
2105 772 2134 825 6

572 863 629 916 δὲ
652 862 809 925 λέων,
832 864 860 915 6
887 861 944 914 δὲ
975 859 1103 915 ἄλλο
1134 860 1352 932 θηρίον,
1385 863 1412 914 6
1461 861 1517 914 δὲ
1566 861 1751 924 ἀσπὶς,
1778 859 1807 912 6
1844 858 1900 911 δὲ
1926 856 2052 911 ἄλλο
2081 872 2134 909 τι

569 942 680 996 τῶν
707 943 985 997 τοιούτων·
1020 943 1161 996 οὕτω
1206 944 1300 997 καὶ
1334 946 1391 997 ἐν
1418 947 1530 1007 τοῖς
1561 944 1919 1014 ἁμαρτήμασι
1947 939 2133 1007 διαφο-

574 1027 685 1095 ραί.
723 1027 842 1079 Τῶν
877 1025 1177 1097 ἀνθρώπων
1214 1027 1392 1080 τοίνυν
1411 1028 1460 1080 οί
1496 1026 1594 1098 μὲν
1615 1027 1719 1079 είσὶ
1747 1025 1962 1087 δίκαιοι,
1995 1020 2044 1075 οί
2075 1020 2133 1075 δὲ

571 1110 903 1181 ἁμαρτωλοί·
928 1109 1063 1163 ἀλλά
1090 1111 1182 1163 καὶ
1210 1112 1268 1162 ἐν
1291 1112 1401 1173 τοῖς
1426 1109 1657 1172 δικαίοις
1685 1106 1851 1179 πολλὴ
1880 1104 2130 1177 διαφορὰ,

568 1193 665 1246 καὶ
693 1194 750 1246 ἐν
780 1195 893 1254 τοῖς
932 1191 1274 1263 ἁμαρτωλοῖς
1320 1191 1490 1262 πολλὴ
1542 1194 1630 1246 καὶ
1689 1192 1931 1260 ἄπειρος.
1972 1187 2133 1242 Ἀλλά

571 1277 824 1347 πρόσεχε·
846 1277 908 1330 Εἰ
937 1276 1030 1328 καὶ
1049 1275 1252 1336 δίκαιος
1325 1274 1545 1339 τις,’κᾶν
1570 1274 1827 1345 μυριάκις
1904 1272 2130 1336 δίκαιος,

571 1359 834 1429 καὶπρὸς
890 1359 1058 1430 αὐτὴν
1090 1358 1264 1429 ἀναϐῇ
1300 1358 1399 1429 τὴν
1445 1357 1715 1430 κορυφὴν,
1769 1356 1909 1411 ὥστε
1957 1355 2135 1428 ἀπηλι

567 1439 762 1510 λάχθαι
791 1440 1224 1512 ἁμαρτημάτων,
1252 1440 1312 1493 οὐ
1350 1440 1568 1493 δύναται
1599 1439 1836 1511 καθαρὸς
1866 1435 2005 1493 εἶναι
2032 1454 2134 1508 κη-

566 1523 728 1588 λῖδος,
756 1523 858 1577 κᾶν
891 1523 1149 1594 μυριάκις
1268 1523 1496 1588 δίκαιος,
1542 1523 1654 1577 ἀλλ’
1683 1522 1965 1594 ἄνθρωπός
1993 1523 2131 1575 ἐστι.

572 1607 669 1672 Τίς
695 1606 805 1675 γὰρ
833 1605 1204 1675 καυχήσεται
1229 1605 1425 1674 ἁγνὴν
1449 1606 1612 1674 ἔχειν
1636 1605 1751 1672 τὴν
1771 1604 2059 1674 καρδίαν;
2091 1603 2130 1671 ἢ

564 1691 657 1756 τίς
679 1690 1151 1760 παρῤησιάσεται
1190 1691 1446 1759 καθαρὸς
1472 1685 1623 1744 εἶναι
1669 1688 1784 1745 ἀπὸ
1814 1687 2131 1758 ἁμαρτίας;

564 1772 665 1825 Διὰ
692 1773 851 1826 τοῦτο
874 1772 1207 1842 κελευόμεθα
1247 1775 1328 1836 εἰς
1372 1774 1470 1843 τὴν
1516 1773 1680 1844 εὐχὴν
1711 1771 1910 1840 λέγειν·
1950 1770 2135 1839 Ἀφες

564 1851 710 1918 ἡμῖν
734 1852 806 1906 τὰ
860 1851 1228 1925 ὀφειλήματα
1264 1851 1451 1921 ἡμῶν,
1509 1852 1593 1905 ἵνα
1629 1854 1696 1922 τῇ
1750 1848 2008 1922 συνηθείᾳ
2034 1849 2134 1918 τῆς

565 1934 732 2006 εὐχῆς
756 1933 1191 2016 ,ἀναμνησθῶμεν
1208 1937 1338 1988 -ὲκεῖ
1358 1937 1437 1989 ὅτι
1452 1933 1752 1988 ὑπεύθυνοί
1772 1936 1939 2016 ἐσμεν
1971 1929 2132 1986 κολά-

567 2033 702 2070 σεσι.
740 2013 850 2070 και
888 2016 995 2086 769
1026 2017 1235 2080 Παῦλος
1266 2019 1294 2070 6
1346 2017 1664 2080 ἀπόστολος,
1698 2017 1758 2069 16
1812 2013 2004 2077 σκεῦος
2030 2016 2129 2085 τῆς

563 2098 815 2167 ἐκλογῆς,
848 2101 877 2153 6
907 2100 1033 2163 ναὸς
1057 2100 1149 2154 τοῦ
1173 2099 1329 2163 Θεοῦ,
1363 2100 1425 2153 16
1460 2102 1632 2172 στόμα
1668 2100 1761 2153 τοῦ
1791 2096 2062 2171 Χριστοῦ,
2095 2100 2128 2169 ἠ

562 2181 701 2250 λύρα
729 2181 822 2234 τοῦ
846 2181 1185 2252 Πνεύματος,
1216 2184 1249 2235 ὁ
1280 2182 1601 2251 διδάσκαλος
1631 2183 1732 2252 τῆς
1772 2179 2128 2251 οἰκουμένης,

562 2266 590 2316 6
612 2264 717 2333 γῆν
748 2265 843 2317 καὶ
869 2263 1141 2319 θάλασσαν
1174 2265 1494 2336 περιελθὼν,
1529 2269 1558 2321 6
1595 2265 1692 2330 τὰς
1732 2266 1974 2331 ἀκάνθας
2022 2265 2132 2318 τῶν

562 2347 847 2417 ἁμαρτιῶν
873 2349 1211 2414 ἀνασπάσας,
1240 2350 1268 2402 6
1300 2349 1366 2402 16
1404 2349 1695 2420 σπέρματα
1725 2348 1826 2419 τῆς
1853 2348 2130 2412 εὐσεϐείας

561 2429 919 2496 καταϐαλὼν,
970 2433 1002 2486 6
1054 2431 1318 2502 βασιλέων
1351 2431 1751 2505 εὐπορώτερος,
1792 2420 1828 2484 ’ὁ
1864 2431 2131 2486 πλουσίων

559 2512 989 2584 δυνατῶτερος,ὀ
1017 2514 1362 2586 στρατιωτῶν
1399 2516 1760 2586 ίσχυρότερος,
1777 2515 1806 2567 6
1829 2515 2130 2584 φιλοσόφων

560 2595 1017 2667 φιλοσοφώτερος,
1051 2598 1079 2649 6
1115 2597 1359 2668 ρητόρων
1392 2598 1849 2673 εὐγλωττότεροςη,
1904 2601 1933 2651 6
1968 2598 2130 2669 μηδὲν

559 2677 699 2747 ἔχων
718 2677 812 2730 καὶ
841 2677 1018 2730 πάντα
1040 2679 1393 2749 κεκτημένος,
1417 2681 1446 2732 6
1465 2680 1523 2733 ὲν
1540 2682 1604 2750 τῇ
1634 2682 1760 2751 σκιᾷ
1780 2679 1944 2733 αὐτοῦ
1972 2679 2133 2733 θάνα-

559 2777 650 2812 τον
695 2758 866 2825 λύων,
906 2761 935 2813 6
981 2761 1039 2813 ὲν
1091 2763 1203 2824 τοῖς
1257 2762 1494 2832 ἱματίοις
1536 2763 1699 2815 αὐτοῦ
1745 2762 1814 2816 τά
1850 2762 2129 2833 νοσήματα

563 2842 897 2911 φυγαδεύων,
930 2844 958 2897 6
987 2842 1046 2896 ἐν
1071 2842 1318 2917 Θαλάσσῃ
1361 2844 1599 2916 τρόπαια
1634 2847 1858 2916 στήσας,
1895 2849 1927 2900 6
1949 2848 2129 2918 ἁρπα-

558 2925 678 2993 γεὶς
708 2924 813 2988 ἕως
837 2925 1022 2996 τρίτου
1051 2926 1301 2996 οὐρανοῦ,
1335 2926 1430 2980 καὶ
1461 2928 1543 2990 είς
1593 2928 1920 3000 παράδεισον
1955 2929 2131 2983 εἰσελ-

559 3005 689 3071 θὼν,
728 3008 756 3060 6
782 3007 872 3060 τὸν
906 3007 1138 3076 Χριστὸν
1161 3007 1293 3060 Θεὸν
1312 3008 1683 3080 ἀνακηρύξας,
1715 3011 1921 3075 ἐκεῖνος
1958 3011 2127 3080 λέγει·

562 3088 754 3144 Οὐδὲν
787 3088 938 3161 [787]
968 3089 1201 3158 ἐμαυτῷ
1225 3090 1501 3159 σύνοιδα,
1541 3093 1678 3147 ἀλλ’
1706 3095 1817 3148 οὐκ
1854 3094 2129 3159 ἐντούτῳ

557 3171 955 3242 δεδικαίωμαι.
986 3173 1045 3225 Ὀ
1065 3172 1317 3226 τοσοῦτον
1334 3173 1430 3226 καλ⁵
1456 3172 1774 3244 τηλικοῦτον
1793 3177 2129 3246 κεκτημένος

557 3254 767 3327 ἀρετῶν
804 3255 1039 3327 πλῆθος,
1086 3256 1269 3324 λέγει·
1322 3256 1386 3311 '0
1423 3256 1491 3310 δὲ
1530 3258 1866 3328 ἀνακρίνων
1901 3276 1979 3329 με
2010 3259 2129 3313 Κύ-

552 3339 681 3405 ριός
701 3339 851 3392 ἐστι.

626 3422 724 3483 Τίς
755 3417 845 3474 οῦν
865 3422 1195 3492 καυχήσεται
1222 3421 1390 3492 ἁγνήν
1412 3421 1555 3494 ἔχειν
1583 3423 1680 3495 τὴν
1704 3422 1928 3495 καρδίαν
1949 3442 1963 3492 ;
1991 3424 2128 3495 ῆτίς

556 3504 994 3575 παρῤησιάσεται
1032 3505 1272 3575 καθαρὸς
1308 3501 1448 3559 εἶναι
1485 3507 1593 3560 ἀπὸ
1621 3508 1924 3579 ἁμαρτίας;
1959 3509 2129 3580 ’Δμή-

557 3602 714 3656 χανον
742 3585 921 3639 τοίνυν
959 3582 1097 3639 εἷναι
1136 3586 1422 3658 ἄνθρωπόν
1474 3605 1594 3643 τινα
1622 3590 2024 3661 ἀναμάρτητον.
2055 3592 2125 3645 ηΤί

554 3668 664 3738 769
698 3668 908 3735 λέγεις;
943 3668 1149 3733 δίκαιός
1182 3671 1362 3735 ἐστιν;
1398 3670 1643 3742 ἐλεήμων
1676 3673 1825 3739 ἐστί;
1857 3673 2126 3742 φιλόπτω-

556 3750 652 3823 χός
679 3752 865 3816 ἐστιν;
903 3751 1044 3805 Ἀλλ’
1073 3751 1184 3822 ἔχει
1227 3770 1281 3806 τι
1316 3753 1620 3823 ἐλάττωμα·
1654 3755 1689 3826 ή
1721 3756 1931 3825 ὑϐρίζει
1961 3757 2125 3810 ἀκαί-

560 3849 685 3903 ρως,
717 3833 750 3903 ἢ
788 3832 1085 3899 κενοδοξεί,
1112 3834 1146 3905 ἢ
1196 3833 1324 3888 ἄλλο
1355 3852 1409 3888 τι
1441 3835 1680 3890 τοιοῦτον
1717 3839 1878 3890 ποιεῖ·
1920 3839 1980 3890 οὐ
2014 3841 2124 3911 γὰρ

553 3916 636 3971 δεῖ
669 3916 846 3971 πάντα
878 3917 1218 3987 καταλέγειν.
1260 3918 1319 3971 '0
1360 3917 1459 3989 μὲν
1495 3918 1760 3989 ἐλεήμων,
1791 3919 1906 3973 ἀλλ’
1930 3922 1994 3974 οὐ
2020 3922 2124 3974 σώ-

555 4015 707 4072 φρων
739 3999 1017 4064 πολλάκις·
1043 4002 1070 4054 6
1094 4000 1152 4054 δὲ
1178 4000 1408 4074 σώφρων
1442 4001 1700 4072 μὲν,άλλ’
1725 4002 1825 4056 οὐκ
1854 4003 1976 4073 ὲλεή
1986 4021 2119 4074 μων·

553 4083 583 4133 ὁ
614 4082 712 4152 μὲν
741 4083 800 4135 ἐν
831 4080 1003 4154 ταύτῃ
1030 4085 1097 4154 τῇ
1123 4084 1290 4155 ἀρετῇ
1322 4083 1666 4157 ὀνομάζεται,
1697 4084 1726 4137 6
1753 4084 1810 4137 δὲ
1833 4086 1891 4138 ἐν
1917 4086 2121 4157 ἐκείνῃ.

556 4166 739 4218 Ἔστω
769 4182 853 4228 τις
871 4165 1096 4230 δίκαιος·
1147 4167 1242 4223 καὶ
1290 4167 1550 4230 πολλάκις
1600 4169 1696 4239 μὲν
1740 4168 1949 4233 δίκαιός
1973 4172 2120 4238 ὲστι,

554 4249 647 4302 καὶ
678 4247 791 4319 ἔχει
815 4248 991 4303 πάντα
1008 4249 1078 4303 τά
1097 4249 1298 4319 ἀγαθὰ,
1331 4252 1424 4304 καὶ
1456 4250 1612 4321 ἔσχεν
1635 4252 1893 4306 ἀπόνοιαν
1919 4253 2007 4308 διά
2022 4254 2122 4326 τὴν

551 4330 918 4401 δικαιοσύνην,
942 4332 1035 4385 καὶ
1068 4332 1371 4405 ἐλυμήνατο
1403 4333 1551 4405 αὐτῷ
1587 4334 1684 4407 τὴν
1709 4334 2051 4409 δικαιοσύνην
2085 4340 2119 4411 ή

553 4414 798 4468 ἀπόνοια.
853 4415 910 4467 ’0
932 4416 1223 4487 Φαρισαῖος
1263 4416 1363 4470 οὐκ
1393 4413 1463 4487 ἦν
1483 4417 1711 4481 δίκαιος,
1735 4418 2012 4489 νηστεύων
2038 4421 2120 4486 δὶς

552 4493 649 4548 τοῦ
671 4496 974 4564 σαϐϐάτου;
1005 4499 1101 4553 καὶ
1124 4498 1176 4551 τί
1198 4515 1390 4569 φησιν;
1423 4498 1544 4554 Οὐκ
1575 4501 1691 4569 εἰμί
1720 4500 1801 4567 ὡς
1838 4503 1892 4557 οι
1915 4504 2120 4557 λοιποί

553 4579 673 4632 τῶν
689 4580 1030 4649 ἀνθρώπων,
1054 4582 1315 4652 ἅρπαγες
1342 4582 1439 4637 καὶ
1460 4584 1833 4638 πλεονέκται.
1858 4585 1969 4639 Καὶ
1993 4587 2121 4640 πολ-

551 4661 710 4725 λάκις
726 4662 832 4717 ἀπὸ
862 4662 1103 4740 καθαροῦ
1135 4664 1434 4727 συνειδότος
1456 4666 1537 4728 είς
1570 4666 1829 4720 ἀπόνοιαν
1855 4662 1988 4739 ἦλθέ
2013 4686 2116 4733 τις·

551 4745 650 4799 καὶ
694 4745 830 4816 ὅπερ
877 4746 980 4800 οὐκ
1037 4745 1270 4816 ἔϐλαψεν
1313 4745 1475 4801 αὐτὸν
1515 4749 1548 4819 ή
1592 4748 1856 4821 ἁμαρτία,
1889 4750 2117 4823 ἔϐλαψεν

549 4830 714 4884 αὐτὸν
741 4831 773 4899 ή
805 4830 1050 4883 ἀπόνοια.
1083 4829 1197 4891 0ρκ
1224 4828 1337 4884 ἔστι
1374 4831 1504 4899 γοῦν
1536 4832 1819 4903 ἄνθρωπον
1844 4835 1965 4889 καθ’
1994 4836 2115 4891 ὅλου

549 4911 721 4976 οὕτως
755 4907 1147 4976 είναιδίκαιον,
1167 4913 1242 4977 ὡς
1270 4912 1508 4986 καθαρὸν
1527 4910 1666 4969 εἷναι
1691 4916 1799 4970 ἀπὸ
1821 4917 2112 4990 ἁμαρτίας,

549 4996 643 5049 καὶ⁸
666 4995 847 5061 πάλιν,
881 4996 981 5049 οὐκ
1015 4995 1160 5049 ἐστιν
1181 4996 1463 5067 ἄνθρωπον
1488 4997 1676 5052 οὐδένα
1705 5000 1873 5055 κακὸν
1895 4997 2031 5056 εἶναι
2063 5014 2113 5069 α,

547 5076 623 5141 ὡς
661 5076 736 5149 μὴ
761 5077 906 5149 ἔχειν
927 5095 978 5131 τι
1007 5078 1108 5132 κᾶν
1151 5078 1343 5150 μικρὸν
1369 5079 1591 5147 ἀγαθόν.
1635 5076 1758 5136 Οίόν
1778 5100 1831 5137 τι
1857 5082 2019 5152 λέγω·
2054 5084 2114 5139 '0

545 5160 696 5216 δεῖνα
721 5160 958 5232 ἁρπάζει
986 5162 1082 5215 καὶ
1114 5163 1426 5217 πλεονεκτεῖ
1470 5163 1564 5216 καὶ
1605 5163 1958 5236 λυμαίνεται,
1988 5168 2111 5223 ἀλλ’

547 5243 717 5297 ἐνίοτε
762 5244 1131 5316 ἐλεημοσύνην
1192 5244 1440 5309 δίδωσιν,
1495 5245 1610 5299 ἀλλ’
1655 5246 1825 5300 ἐνίοτε
1878 5248 2111 5320 σώφρων

546 5327 709 5390 ἐστὶν,
731 5326 845 5380 ἀλλ’
861 5327 1029 5380 ἐνίοτε
1062 5327 1218 5397 λόγον
1251 5327 1363 5399 ἔχει
1389 5328 1642 5400 χρηστὸν,
1670 5329 1786 5383 ἀλλ’
1812 5330 1982 5386 ἐνίοτε
2005 5334 2111 5388 κᾶν

546 5409 625 5462 ἑνὶ
673 5409 827 5480 ἀνδρὶ
882 5409 1197 5480 ἐϐοήθησεν,
1251 5410 1367 5462 ἀλλ’
1407 5409 1578 5464 ἐνίοτε
1634 5410 1936 5478 ἔκλαυσεν,
1989 5414 2105 5469 ἀλλ’

544 5490 712 5544 ἐνίοτε
741 5491 1243 5561 ἐστύγνασεν.,οΰτε
1261 5488 1353 5547 οὖν
1372 5493 1578 5558 δίκαιός
1599 5494 1714 5549 ἐστι
1740 5497 1910 5568 χωρὶς
1936 5497 2109 5570 ἀμαρ-

607 5642 632 5672 “
656 5642 788 5691 Εἶναι
812 5642 954 5694 ἀθεεὶ
973 5646 1021 5694 in
1044 5645 1164 5709 Reg.

1246 252 1305 309 S.
1345 248 1632 308 JOANNIS
1670 241 2161 304 CHRYSOSTOMI
2203 244 2521 302 A-RCIIIEP.
2560 239 3115 306 CONSTANTIXOP.

3621 246 3725 309 104⁸3

2242 355 2382 421 τίας,
2408 357 2530 411 οὐτε
2561 359 2707 412 ἐστὶν
2737 356 3055 429 ἁμαρτωλὸς
3080 354 3308 411 καθόλου
3341 354 3526 428 ἔρημος
3552 360 3728 429 ἀγαθοῦ.

2242 449 2306 502 Τί
2339 447 2430 502 τοῦ
2461 448 2662 519 Ἀχαὰϐ
2682 449 3057 522 χαλεπώτερον
3081 466 3095 516 ;
3118 449 3335 519 ἥρπασε
3367 447 3457 501 καὶ
3486 449 3725 518 ἐφόνευσεν·

2239 540 2355 593 ἀλλ’
2387 541 2533 611 ὅμως
2560 540 2745 612 ἐπειδὴ
2776 533 3091 611 ἐστύγνασε,
3124 539 3273 609 λέγει
3298 538 3376 609 τῷ
3411 540 3548 612 Ἠλία
3570 544 3726 613 όθεός·

2240 627 2414 699 Εἶδες
2438 629 2564 698 πῶς
2616 634 2912 702 κατενύγη
2966 629 3209 700 Ἀχαὰϐ,
3269 623 3406 692 εἶδες
3455 631 3507 684 ἐν
3548 634 3732 707 τοσούτῳ

2242 722 2387 794 βυθῷ
2418 723 2605 777 κακῶν
2627 722 2742 787 πῶς
2764 723 2960 795 εὑρέθη
2983 740 3037 776 τι
3065 723 3257 794 μικρὸν
3279 720 3475 790 ἀγαθόν
3493 738 3506 788 ;
3525 723 3580 791 Τί
3607 725 3733 780 ’ἰούδα

2239 815 2418 883 χεῖρον
2438 811 2529 867 τοῦ
2564 811 2844 883 προδότου,
2877 802 2987 888 τοῦ
3012 796 3523 883 αἰχμαλωτισθέντος
3554 814 3638 866 ὑπὸ
3660 815 3735 886 τῆς

2239 904 2602 976 φιλαργυρίας
2622 921 2637 970 ;
2661 904 2790 973 ,ἀλλ’
2819 905 2967 976 ὅμως
2996 905 3091 959 καὶ
3124 903 3284 968 αὐτὸς
3324 902 3534 973 ἑποίησε
3561 904 3644 959 κᾶν
3665 923 3733 977 μιι

2239 994 2368 1065 κρόν
2394 1011 2448 1047 τι
2483 994 2622 1064 μετά
2652 994 2826 1049 ταῦτα
2873 994 3098 1063 ἀγαθόν.
3149 995 3451 1063 Ἥμαρτον
3482 993 3595 1065 γὰρ,
3620 996 3751 1067 φησὶ,

2239 1084 2544 1153 παραδοὺς
2574 1081 2717 1155 αἷμα
2754 1083 2966 1141 ἀθῶον.
3012 1083 3188 1156 Ὅπερ
3220 1081 3313 1139 οὖν
3344 1083 3547 1154 ελεγον·
3582 1087 3633 1140 οὐ
3657 1089 3738 1159 γάρ

2239 1178 2353 1231 ἐστι
2382 1176 2542 1247 φύσει
2569 1179 2603 1249 ή
2626 1178 2814 1243 κακία,
2857 1178 2944 1231 ἴνα
2985 1177 3059 1249 μὴ
3100 1176 3200 1251 ἔχῃ
3231 1177 3415 1250 χώραν
3445 1179 3478 1246 ή
3512 1178 3741 1251 ἀρετή.Τδ

2240 1268 2510 1340 πρόϐατον
2538 1269 2793 1324 οὐδέποτε
2839 1269 3061 1324 δύναται
3098 1269 3352 1339 γενέσθαι
3400 1267 3593 1342 ἄγριον,
3620 1271 3742 1340 φύσει

2239 1360 2348 1432 γὰρ
2374 1359 2486 1430 ἔχει
2506 1361 2567 1414 16
2593 1362 2819 1433 ἥμερον·
2851 1362 2879 1415 6
2907 1362 3069 1425 λύκος
3104 1360 3361 1415 οὐδέποτε
3393 1360 3596 1416 δύναται
3623 1363 3745 1431 γενέ-

2241 1451 2362 1505 σθαι
2387 1452 2614 1523 ἥμερος,
2649 1451 2808 1522 φύσει
2835 1452 2945 1525 γὰρ
2983 1452 3094 1524 ἔχει
3125 1453 3187 1506 τὸ
3230 1452 3442 1524 ἄγριον.
3481 1453 3547 1506 Ού
3574 1452 3744 1510 λύονται

2239 1537 2330 1596 οῦν
2358 1544 2406 1596 οἱ
2439 1543 2591 1613 νόμοι
2627 1544 2726 1614 τῆς
2751 1542 2984 1614 φύσεως,
3023 1542 3143 1597 οὐδὲ
3185 1542 3512 1608 σαλεύονται,
3537 1541 3652 1596 ἀλλά
3673 1543 3748 1612 μέ⁵

2238 1651 2422 1688 νουσιν
2459 1634 2723 1705 ἀκίνητοι.
2760 1635 2883 1697 Ἐπὶ
2915 1633 3049 1705 ἐμοῦ
3079 1633 3235 1688 τοῦτο
3273 1634 3375 1687 οὐκ
3402 1632 3497 1698 ἔνι,
3540 1623 3748 1688 ἀλλὰκαὶ

2238 1725 2428 1797 ἄγριος
2457 1726 2678 1798 γίνομαι
2694 1728 2821 1781 ὅταν
2844 1726 3135 1798 βούλωμαι,
3155 1727 3249 1780 καὶ
3269 1726 3476 1797 ἥμερος
3492 1726 3603 1778 ὅταν
3622 1723 3746 1778 θέλω·

2237 1813 2298 1865 οὐ
2334 1813 2444 1884 γάρ
2470 1812 2628 1883 φύσει
2659 1813 2904 1887 δέδεμαι,
2950 1813 3064 1869 ἀλλ’
3107 1808 3390 1885 ἐλευθερία
3440 1813 3752 1886 προαιρέσεως

2238 1904 2560 1976 τετίμημαι.
2591 1908 2769 1977 Ὅπερ
2801 1900 2892 1960 οὖν
2922 1902 3098 1972 εἷπον,
3130 1905 3253 1959 οὔτε
3278 1904 3482 1974 ἀγαθός
3521 1921 3594 1967 τις
3614 1902 3750 1965 οὕτως

2238 1993 2407 2057 ἐστὶν,
2438 1994 2515 2058 ὼς
2542 1994 2616 2065 μὴ
2642 1993 2785 2065 ἔχειν
2820 1994 3023 2067 μικρὰν
3063 1994 3277 2066 κηλῖδα,
3308 1992 3436 2047 οὐτε
3466 1993 3672 2063 πονηρός
3690 2005 3754 2054 τις

2237 2085 2410 2149 οὕτως
2437 2087 2602 2151 ἐστὶν,
2634 2085 2710 2150 ὡς
2737 2087 2811 2158 μὴ
2835 2086 2978 2157 ἔχειν
3016 2086 3116 2141 κᾶν
3152 2085 3344 2158 μικρὸν
3369 2084 3581 2154 ἀγαθόν.

2322 2174 2473 2230 Ἐπελ⁵
2496 2171 2589 2231 οὖν
2617 2177 2834 2243 πάντων
2857 2178 3120 2241 ἀντίδοσίς
3141 2179 3280 2243 ἐστι,
3310 2177 3409 2230 καὶ
3429 2176 3625 2230 πάντων
3640 2175 3757 2227 ἐστὶν

2237 2268 2462 2339 ἀμοιϐή·
2502 2268 2602 2323 κᾶν
2632 2269 2742 2340 γὰρ
2792 2270 2985 2339 φονεὺς
3101 2287 3205 2334 τις,
3237 2267 3340 2323 κᾶν
3367 2267 3591 2338 πονηρός
3617 2261 3755 2339 τιςῇο

2239 2359 2343 2413 κᾶν
2380 2359 2707 2431 πλεονέκτης
2732 2360 2783 2427 ιι,
2824 2361 3024 2434 ποιήσῃ
3051 2361 3109 2414 δὲ
3148 2361 3330 2423 καλὸν,
3365 2360 3513 2431 μένει
3532 2357 3662 2428 αὐτῷ
3684 2357 3757 2412 τοῦ

2238 2450 2407 2506 καλοῦ
2435 2453 2468 2522 ή
2495 2451 2870 2517 ἀνταπόδοσις,
2908 2451 3004 2505 καὶ
3041 2451 3101 2505 οὐ
3138 2451 3227 2506 διὰ
3260 2450 3328 2505 τά
3357 2451 3523 2512 κακά,
3552 2449 3584 2504 6
3609 2448 3760 2517 ἐποίη-

2239 2560 2352 2611 σεν,
2378 2541 2606 2618 ἄμισθον
2637 2542 2844 2619 γίνεται
2872 2544 2931 2598 τὸ
2956 2543 3139 2598 καλόν.
3165 2543 3273 2597 Καὶ
3301 2543 3481 2609 πάλιν,
3508 2543 3603 2597 κᾶν
3627 2539 3763 2613 μυρία

2236 2653 2321 2698 τις
2350 2634 2653 2707 ἐργάζηται
2711 2632 2892 2705 ἀγαθὰ
2912 2676 2927 2703 ,
2986 2636 3186 2708 ποιήσῃ
3227 2635 3285 2689 δέ
3317 2651 3372 2688 τι.
3404 2634 3611 2705 φαῦλον,
3642 2631 3762 2703 μένει

2237 2724 2385 2798 αὐτῷ
2408 2726 2502 2780 τοῦ
2529 2726 2733 2797 φαύλου
2754 2728 2798 2798 ,ἡ
2828 2726 3201 2791 ἀνταπόδοσις.
3219 2727 3437 2798 Κάτεχε
3452 2720 3764 2796 ταῦτα,ἱ788]

2237 2820 2391 2889 τήρει
2424 2819 2563 2893 αύτά
2590 2817 2762 2890 ὀχυρά
2791 2819 2884 2872 καὶ
2903 2818 3156 2889 ἀκίνητα.
3181 2816 3316 2872 Οὔτε
3347 2816 3550 2887 ἁγαθός
3577 2815 3651 2879 τίς
3671 2816 3763 2866 ἐστι

2238 2909 2405 2980 χωρὶς
2458 2909 2770 2980 ἁμαρτίας,
2831 2906 2953 2961 οὐτε
2998 2907 3168 2972 κακός
3210 2906 3295 2971 τίς
3349 2909 3469 2961 ἐστι
3525 2906 3677 2978 χωρὶς
3704 2902 3767 2957 δι-

2235 2999 2547 3071 καιοσύνης.
2566 3000 2646 3055 Τὰ
2680 3000 2819 3067 αὐτὰ
2841 3001 2950 3073 γὰρ
2973 3001 3116 3069 λέγω
3141 3001 3321 3069 πάλιν,
3349 3001 3442 3067 ἵνα
3470 2998 3683 3071 ριζώσω.
3699 2997 3766 3051 ἵνα

2235 3092 2507 3162 φυτεύσω,
2548 3092 2634 3146 ἵνα
2659 3093 2739 3157 εἰς
2764 3092 2939 3163 βάθος
2973 3092 3144 3163 θήσω.
3182 3092 3475 3164 Ἐμϐάλλει
3511 3090 3613 3163 γάρ
3643 3104 3766 3152 τινας

2239 3183 2508 3255 μερίμνας
2526 3185 2554 3239 6
2580 3182 2823 3248 διάϐολος
2858 3185 2937 3246 είς
2964 3183 3062 3254 τὴν
3099 3182 3295 3254 ψυχὴν,
3332 3183 3645 3254 βουλόμενος
3658 3180 3768 3233 6100-

2235 3274 2564 3344 ϐουκολῆσαι
2601 3273 2754 3345 ὑμῶν
2780 3274 2874 3346 τὴν
2918 3274 3176 3339 διάνοιαν,
3227 3274 3323 3328 καὶ
3370 3268 3766 3346 λυμήνασθαιτά

2234 3369 2367 3440 παρ’
2398 3367 2953 3443 ἐμοῦξλεγόμεναῶιά
2981 3367 3140 3421 τοῦτο
3167 3369 3248 3432 είς
3278 3368 3447 3445 βάθος
3473 3366 3606 3421 αύτά
3627 3381 3768 3419 κατα-

2234 3459 2400 3531 φέρω.
2450 3459 2574 3513 Ἐὰν
2622 3456 2731 3532 γὰρ
2777 3452 2880 3513 ὧδε
2932 3462 3177 3532 τηρήσῃς
3233 3460 3515 3529 ἀσφαλῶς,
3568 3456 3661 3512 κᾶν
3683 3454 3766 3522 ἔξω

2233 3548 2506 3620 ἀπέλθῃς,
2549 3549 2814 3603 ἀπολέσαι
2857 3548 2995 3603 αὐτά
3035 3550 3095 3602 οὐ
3140 3549 3393 3606 δύνασαι.
3437 3552 3638 3619 Ὥσπερ
3661 3546 3766 3615 γὰρ.

2233 3639 2327 3692 ἐὰν
2359 3639 2504 3709 βάλω
2532 3640 2753 3711 χρυσίον
2776 3641 2857 3704 εἰς
2886 3640 3188 3710 βαλάντιον,
3212 3642 3432 3712 σφίγγω
3458 3642 3548 3695 καὶ
3571 3636 3768 3710 σφραγί-

2232 3733 2415 3804 ζομαι,
2433 3733 2521 3786 ἴνα
2551 3732 2645 3787 καὶ
2672 3729 2807 3804 ἐμοῦ
2835 3733 3066 3798 ἀπόντος
3097 3733 3350 3807 ὁνλῃστὴς
3382 3733 3460 3805 μὴ
3484 3733 3637 3806 λάϐῃ,
3653 3729 3771 3783 οὕτω

2232 3825 2327 3880 καὶ
2353 3827 2445 3878 ἐπὶ
2471 3826 2567 3898 τῆς
2595 3826 2862 3898 ὑμετέρας
2889 3825 3109 3897 ἀγάπης
3137 3826 3297 3879 ποιῶ·
3334 3830 3403 3899 τῇ
3434 3824 3673 3896 συνεχείᾳ
3693 3822 3770 3889 τῆς

2231 3915 2580 3980 διδασκαλίας
2611 3916 2825 3987 σφίγγω
2861 3919 2954 3970 καὶ
2987 3916 3285 3989 σφραγῖδας
3327 3917 3650 3987 ἐπιτίθημι,
3696 3912 3773 3966 καὶ

2231 4008 2599 4079 ἀσφαλίζομαι
2631 4008 2785 4079 ὐμῶν
2824 4008 2922 4079 τὴν
2946 4008 3189 4080 γνώμην,
3230 4010 3318 4063 ἵνα
3355 4010 3433 4081 μὴ
3469 4009 3678 4079 γένηται
3701 4002 3771 4066 ἐξ·

2236 4099 2412 4169 ίτηλος
2436 4102 2501 4170 τῇ
2535 4098 2798 4170 ῥᾳθυμίᾳ,
2820 4099 2933 4153 ἀλλ’
2956 4100 3047 4154 ἵνα
3080 4101 3326 4173 τηρήσας
3368 4101 3594 4172 μᾶλλον,
3624 4100 3682 4169 τῇ
3706 4099 3774 4150 ἐνο

2230 4190 2404 4245 ταῦθα
2432 4190 2642 4262 γαλήνῃ
2667 4190 2759 4244 τὸν
2803 4190 2908 4259 ἕξω
2944 4190 3171 4262 θόρυϐον
3220 4192 3670 4264 ἀποκρούσωμαι.
3713 4186 3769 4239 οὐ

2230 4282 2410 4338 τοίνυν
2440 4281 2614 4338 ταῦτα
2657 4280 2979 4352 πολυλογίας
3012 4284 3080 4337 τὰ
3117 4283 3413 4354 λεγόμενα,
3461 4282 3575 4337 ἀλλ’
3607 4282 3774 4348 ἐπιμεο

2230 4372 2380 4436 λείας
2402 4373 2497 4427 καὶ
2533 4371 2912 4443 φιλοστοργίας
2969 4372 3064 4427 καὶ
3102 4371 3267 4425 πόθου
3308 4371 3410 4425 τοῦ
3456 4368 3771 4427 διδασκάλου,

2229 4464 2315 4518 ἵνα
2345 4465 2421 4535 μὴ
2480 4465 2730 4535 ἀπορρυῇ
2760 4463 2829 4516 τὰ
2883 4462 3171 4532 λεγόμενα.
3226 4461 3420 4517 Ταῦτα
3479 4462 3588 4533 769
3623 4457 3773 4525 λέγειν

2227 4557 2353 4627 ἐμοὶ
2387 4556 2485 4627 μὲν
2515 4555 2615 4608 οὐκ
2666 4555 2796 4626 όκνη
2807 4555 2917 4624 ρον,
2990 4556 3117 4624 ὑμῖν
3176 4555 3233 4608 δὲ
3281 4554 3555 4623 ἀσφαλές·
3602 4548 3774 4613 διδάξαι

2229 4647 2510 4718 βούλομαι,
2532 4648 2629 4717 οὐχ
2663 4646 2848 4710 ἁπλῶς
2871 4644 3257 4711 ἐπιδείξασθαι.
3287 4646 3410 4699 Οὐκ
3440 4645 3589 4699 ἐστιν
3613 4636 3695 4696 οὐν
3709 4652 3774 4699 τις

2224 4738 2454 4803 δίκαιος,
2485 4738 2546 4803 ὃς
2595 4738 2695 4791 οὐκ
2745 4737 2859 4809 ἔχει
2913 4737 3205 4810 ἁμαρτίαν·
3260 4738 3360 4790 καὶ
3420 4738 3528 4790 οὐκ
3575 4736 3681 4788 ἐστι
3711 4745 3775 4791 τις

2224 4828 2545 4903 ἁμαρτωλὸς
2565 4827 2624 4892 ὃς
2651 4828 2750 4882 οὐκ
2780 4829 2804 4881 ἔ
2809 4846 2892 4900 χει
2913 4828 3114 4898 ἀγαθόν
3134 4845 3149 4859 ·
3177 4828 3294 4881 ἀλλ’
3323 4828 3529 4900 ἐπειδὴ
3561 4827 3775 4881 ἑκάστων

2223 4924 2371 4977 ἐστὶν
2417 4912 2715 4986 ἀντίδοσις,
2765 4921 2929 4993 βλέπε
2976 4908 3029 4975 τί
3057 4903 3290 4990 ⁸’γίνεται
3324 4939 3339 4952 ·
3391 4924 3454 4975 '0
3484 4916 3777 4993 ἁμαρτωλὸς

2212 5014 2594 5086 ,ἀπολαμϐάνει
2620 5013 2729 5068 τῶν
2751 5012 2969 5082 ἀγαθῶν
2998 5012 3162 5067 αὐτοῦ
3190 5014 3489 5086 ἰσόρροπον
3531 5014 3627 5085 τὴν
3644 5006 3776 5063 ’ἀντί-

2221 5106 2390 5171 δοσιν,
2419 5105 2515 5160 ἐάν
2538 5123 2592 5160 τι
2636 5105 2734 5178 ἔχῃ
2776 5105 2881 5160 κᾶν
2914 5104 3108 5177 μικρὸν
3150 5105 3355 5174 ἀγαθόν
3374 5120 3390 5135 ’
3426 5106 3525 5159 καὶ
3549 5105 3579 5157 6
3601 5102 3779 5159 δίκαιος

2219 5196 2595 5268 ἀπολαμϐάνει
2651 5199 2749 5268 τῆς
2807 5196 3078 5270 ἁμαρτίας
3128 5197 3293 5251 αὐτοῦ
3344 5197 3456 5269 τὴν
3519 5195 3778 5268 ίσόρροτων

2220 5289 2420 5362 κρίσιν,
2450 5289 2553 5345 κᾶν
2588 5289 2781 5361 μικρόν
2806 5307 2861 5343 τι
2892 5291 3092 5362 ποιήσῃ
3124 5290 3312 5344 κακόν.
3342 5290 3417 5344 Τί
3446 5285 3545 5344 οὖν
3572 5288 3779 5359 γίνεται,

2222 5673 2248 5705 κ
2277 5595 2307 5680 ξ
2335 5596 2488 5648 Vatic.
2510 5597 2598 5647 κᾶν
2632 5598 2721 5663 γὰρ
2758 5598 2960 5664 φονεύσῃ
2982 5617 3067 5663 τις,
3092 5600 3179 5650 κᾶν
3200 5600 3467 5667 πορνεύοῃ,
3493 5601 3584 5649 κᾶν
3608 5600 3775 5649 πλεονε-

2251 5675 2391 5705 τῃσρ.

2251 5675 2391 5725 τησς.
