4030 6136
346 227 472 278 il)“

353 345 476 385 sunt
505 332 704 398 multae,
729 345 781 388 et
805 334 886 390 sol
912 344 966 390 et
994 335 1114 388 luna
1139 375 1150 394 ,
1177 334 1251 390 sic
1276 343 1329 388 et
1348 332 1642 387 diﬂ'crcntia
1677 343 1757 386 est
1788 333 1925 388 inter

353 423 522 492 iustos
551 442 565 478 :
593 425 706 478 Alia
725 425 911 495 quippe
936 424 1141 478 claritas
1157 424 1277 477 solis
1302 464 1316 484 ,
1359 431 1404 477 et
1433 424 1534 475 alia
1560 423 1694 476 laute
1711 461 1726 487 ,
1759 431 1803 476 et
1825 423 1929 476 alia

353 512 556 568 claritas
592 514 852 569 stellarum
879 514 954 588 (1.
985 513 1105 568 Cor.
1134 515 1220 572 15.
1244 513 1336 583 41)
1362 530 1376 567 :
1401 512 1640 581 quaedam
1669 512 1808 566 enim
1836 527 1927 566 exe

357 604 551 658 cellunt
576 605 835 671 claritate,
863 605 1106 675 quaedam
1133 612 1449 674 superantur
1471 620 1486 669 ;
1508 611 1561 657 et
1580 601 1926 672 quemadmo-

350 693 476 748 dum
503 710 722 764 corpora
748 706 869 754 sunt
895 697 1146 760 etelestia,
1170 697 1246 751 sic
1274 705 1476 750 etsunt
1501 709 1722 763 corpora
1755 701 1924 748 terre-

350 786 512 851 stria,
557 797 610 840 et
647 788 1093 856 quemadmodum
1135 787 1186 842 in
1228 787 1540 856 corporibus
1565 785 1707 840 aliud
1735 801 1924 840 cervus

347 884 449 941 est,
475 875 620 930 aliud
640 878 788 932 canis
805 919 820 940 ,
852 877 992 934 aliud
1015 878 1118 943 leo,
1151 877 1293 931 aliud
1320 876 1421 931 alia
1445 875 1574 940 fera,
1593 874 1732 928 aliud
1757 875 1918 944 aspis,

345 965 488 1020 aliud
513 967 616 1021 tale
644 967 915 1037 quippiam
948 985 961 1020 :
993 968 1070 1022 sic
1095 978 1148 1021 et
1179 967 1229 1020 in
1255 967 1484 1036 peccatis
1511 975 1636 1020 sunt
1668 964 1921 1020 differen-

347 1054 451 1108 tize.
496 1055 753 1112 llomines
794 1057 950 1126 igitur
974 1057 1061 1111 alii
1096 1057 1307 1128 quidem
1337 1065 1460 1112 sunt
1481 1055 1642 1126 justi,
1675 1055 1764 1109 alii
1793 1069 1921 1110 vero

343 1155 651 1214 peccatores
679 1165 692 1202 :
723 1148 814 1204 sed
855 1159 907 1203 et
943 1149 996 1202 in
1019 1131 1177 1218 justis
1220 1149 1440 1204 multum
1485 1156 1569 1202 est
1611 1146 1916 1212 discrimen,

341 1245 398 1290 et
440 1237 493 1290 in
539 1239 904 1310 peccatoribus
948 1241 1172 1294 multum
1219 1247 1275 1294 et
1321 1240 1636 1294 immensum
1679 1255 1692 1291 :
1735 1252 1916 1293 verum

340 1327 576 1393 attende.
616 1327 764 1382 Licet
781 1329 955 1396 justus
977 1331 1044 1384 sit
1069 1331 1188 1400 quis
1212 1371 1228 1397 ,
1261 1331 1384 1386 licet
1412 1330 1603 1384 millies
1627 1328 1695 1382 sit
1718 1329 1912 1398 justus,

343 1425 392 1471 et
418 1416 483 1470 ad
513 1419 720 1473 culmen
773 1421 945 1488 ipsmn
986 1420 1291 1482 ascenderit
1323 1437 1337 1473 :
1367 1421 1436 1474 ita
1460 1461 1474 1485 ,
1523 1429 1578 1474 ut
1618 1433 1810 1489 expers
1847 1419 1915 1472 sit

341 1511 540 1572 peccati
566 1551 579 1574 ,
625 1526 728 1564 non
757 1519 932 1581 potest
957 1526 1076 1566 esse
1105 1510 1333 1566 mundus
1356 1526 1384 1564 a
1413 1510 1570 1566 sorde
1599 1527 1612 1564 :
1642 1510 1764 1564 licet
1792 1509 1914 1564 mil-

340 1598 434 1652 lies
448 1599 622 1668 justus
647 1601 752 1666 sit,
781 1611 864 1656 est
895 1609 1068 1659 tamen
1093 1602 1274 1657 homo.
1321 1603 1444 1668 Quis
1468 1602 1597 1657 enim
1617 1600 1914 1673 gloriabitur

335 1701 526 1745 castum
552 1709 604 1746 se
624 1693 804 1748 habere
826 1711 912 1750 cor
935 1736 949 1759 ,
982 1704 1071 1749 aut
1093 1697 1204 1766 quis
1227 1696 1444 1764 conﬁdet
1471 1696 1710 1748 mundum
1735 1711 1788 1748 ee
1807 1709 1912 1747 esse

334 1798 366 1832 a
395 1794 596 1851 peccato
617 1783 797 1849 (Prov.
821 1783 910 1841 20.
939 1785 1037 1855 9)?
1076 1786 1362 1856 Propterea
1391 1785 1565 1840 dicere
1591 1786 1641 1838 in
1672 1783 1910 1838 oratione

333 1874 582 1943 jubemur
609 1893 623 1930 :
656 1876 862 1931 Dimitte
893 1879 1035 1931 nobis
1060 1877 1224 1934 debita
1251 1889 1432 1932 nostra
1472 1877 1684 1946 (Matth.
1709 1876 1761 1932 6.
1796 1877 1906 1947 19.),

334 1975 392 2018 ut
419 1965 675 2022 orationis
701 1967 1082 2024 consuetudine
1110 1968 1492 2023 admoneamur
1536 1967 1642 2022 illic
1681 1982 1776 2021 nos
1805 1965 1906 2021 ob-

332 2057 519 2110 noxios
538 2072 658 2112 esse
686 2060 973 2128 suppliciis.
1021 2060 1230 2116 Etenim
1263 2060 1454 2114 Paulus
1479 2058 1778 2128 apostolus,
1811 2072 1903 2112 vas

330 2146 628 2213 electionis,
676 2148 770 2203 Dei
817 2150 1107 2218 templum,
1149 2165 1211 2204 os
1232 2149 1458 2214 Christi,
1506 2149 1615 2220 lyra
1653 2147 1901 2216 Spiritus,

328 2238 516 2294 doctor
530 2240 673 2295 orbis
691 2249 968 2310 terrarum,
995 2242 1083 2312 qui
1105 2253 1298 2296 terram
1326 2253 1379 2296 ct
1406 2257 1552 2297 mare
1583 2240 1899 2310 peragravit,

325 2328 416 2397 qui
449 2340 785 2400 peccatorum
814 2333 993 2401 spinas
1019 2332 1266 2397 revulsit,
1295 2333 1382 2401 qui
1407 2332 1673 2401 religionis
1701 2331 1902 2384 semina

324 2419 572 2487 iactavit;
601 2423 691 2478 ille
721 2424 934 2492 regibus
961 2424 1291 2492 opulentior,
1321 2425 1407 2478 ille
1433 2423 1684 2478 divitibus
1709 2435 1900 2492 poten-

327 2511 432 2565 tior
455 2553 470 2577 ,
511 2513 764 2567 militibus
807 2515 1024 2579 fortior,
1067 2515 1155 2569 ille
1182 2514 1348 2586 magis
1375 2513 1717 2582 philosoplms
1743 2527 1898 2582 quam

323 2602 422 2671 ipsi
451 2603 768 2674 phi1050phi,
800 2606 886 2660 ille
911 2606 1157 2660 disertior
1178 2605 1494 2670 oratoribus,
1526 2604 1613 2676 qui
1641 2605 1770 2659 nihil
1800 2602 1899 2658 ha-

321 2693 514 2760 bebat,
561 2703 614 2749 et
638 2695 813 2750 omnia
846 2696 1167 2766 possidebat,
1203 2696 1292 2765 qui
1337 2704 1562 2750 mortem
1589 2696 1776 2750 umbra
1803 2709 1897 2749 sua

320 2787 595 2853 solvebat,
638 2789 726 2857 qui
756 2789 970 2843 morbos
999 2789 1109 2843 suis
1153 2789 1486 2843 vestimentis
1527 2787 1739 2857 fugabat
1762 2827 1776 2852 ,
1806 2787 1896 2857 qui

320 2889 514 2947 tropaea
533 2881 698 2933 erexit
721 2879 770 2933 in
795 2880 943 2941 mari,
975 2879 1040 2933 ad
1066 2879 1271 2933 tertium
1305 2893 1470 2948 usque
1498 2881 1682 2933 etclum
1714 2889 1895 2948 raptus

317 2977 428 3032 est,
460 2969 591 3022 etin
633 2969 932 3038 paradisum
968 2971 1234 3040 ingressus
1257 3011 1271 3036 ,
1313 2969 1400 3038 qui
1429 2967 1700 3023 Christum
1730 2969 1893 3024 Deum

317 3057 620 3124 prmdicavit
644 3097 659 3124 ,
712 3059 798 3113 ille
838 3058 963 3113 dicit.
994 3076 1008 3112 :
1039 3057 1189 3112 Nihil
1223 3058 1347 3112 mihi
1380 3057 1608 3111 conscius
1635 3073 1746 3111 sum
1767 3073 1788 3112 :
1807 3057 1895 3111 sed

316 3162 416 3199 non
449 3147 498 3200 in
539 3148 632 3201 hoc
660 3149 970 3216 justiﬁcatus
1003 3165 1113 3202 sum
1153 3149 1230 3218 (1.
1259 3148 1375 3201 Cor.
1400 3148 1452 3202 4.
1484 3149 1538 3216 4)
1569 3165 1582 3200 :
1614 3149 1703 3218 qui
1732 3149 1890 3203 talem

317 3251 623 3311 tantamque
665 3244 916 3296 virtutum
965 3242 1173 3312 cepiam
1216 3241 1572 3311 acquisierat,
1625 3243 1745 3296 ait:
1791 3241 1893 3307 Qui

312 3343 476 3385 autem
493 3333 692 3403 judicat
717 3349 794 3385 me
815 3374 829 3399 ,
861 3332 1105 3385 Dominus
1140 3339 1230 3384 est.

385 3420 440 3474 Ν
444 3422 575 3475 ullus
600 3428 668 3475 est
691 3421 927 3476 immunis
953 3437 984 3474 a
1019 3429 1240 3489 peccato.
1265 3449 1340 3460 —
1380 3419 1508 3486 Quis
1537 3433 1663 3490 ergo
1690 3419 1888 3490 gloria-

309 3513 454 3579 bitur
489 3520 692 3566 castum
719 3527 777 3567 se
806 3511 1000 3566 habere
1028 3526 1120 3566 cor
1149 3529 1162 3566 :
1193 3519 1285 3565 aut
1311 3512 1429 3581 quis
1457 3511 1689 3566 confidet
1729 3527 1887 3566 mun-

311 3604 436 3658 dum
458 3617 516 3659 se
536 3618 657 3659 esse
684 3618 716 3658 a
739 3603 990 3673 peccato?
1021 3602 1352 3672 hnpossibile
1366 3610 1448 3658 est
1473 3603 1653 3673 igitur,
1677 3604 1887 3659 utullus

312 3698 471 3750 homo
494 3697 562 3750 sit
585 3710 612 3748 a
643 3699 858 3764 peccato
897 3695 1164 3751 immunis.
1206 3694 1341 3762 Quid
1377 3696 1518 3749 enim
1560 3695 1676 3749 ais?
1703 3696 1886 3753 Justus

308 3786 434 3840 est?
460 3787 761 3841 misericors
785 3787 904 3842 est?
931 3801 1218 3856 pauperum
1245 3801 1429 3842 amans
1459 3786 1574 3841 est?
1604 3788 1670 3842 At
1698 3789 1883 3844 vitium

307 3876 521 3946 aliquod
551 3875 709 3932 habet
737 3896 750 3931 :
776 3878 860 3932 vel
886 3877 1184 3948 importune
1209 3877 1547 3933 contumeliis
1571 3879 1731 3934 afﬁcit
1753 3921 1768 3946 ,
1801 3880 1882 3935 vel

307 3968 449 4021 inani
493 3969 656 4038 gloria
694 3969 934 4034 ducitur,
987 3968 1068 4024 vel
1107 3969 1248 4024 aliud
1283 3968 1553 4039 quidpiam
1585 3970 1687 4025 tale
1731 3971 1876 4040 agit;

307 4074 411 4113 non
434 4060 573 4114 enim
605 4059 926 4122 recensendo
955 4069 1079 4114 sunt
1098 4063 1294 4114 omnia.
1324 4060 1420 4115 Hic
1449 4061 1750 4115 misericors
1775 4069 1876 4128 est,

303 4151 398 4206 sed
431 4166 533 4205 non
563 4159 864 4220 temperans
892 4169 906 4206 :
940 4166 1180 4221 persaepe
1200 4152 1289 4206 ille
1318 4163 1620 4222 temperans
1638 4153 1875 4222 quidem,

302 4252 357 4296 at
383 4241 684 4296 misericors
707 4256 810 4295 non
835 4251 914 4296 est
947 4259 960 4295 :
995 4243 1078 4295 hic
1107 4243 1318 4296 virtutis
1347 4244 1523 4311 unius,
1550 4243 1636 4298 ille
1657 4244 1878 4298 alterius

301 4334 457 4389 laude
505 4333 818 4388 celebratur.
867 4332 946 4388 Sit
974 4332 1164 4398 aliquis
1185 4333 1378 4402 justus,
1410 4343 1465 4388 et
1492 4349 1632 4405 sape
1660 4335 1873 4405 quidem

297 4425 472 4495 justus
497 4433 596 4488 est,
627 4424 781 4492 eique
801 4424 977 4476 omnia
1003 4424 1184 4478 insunt
1208 4424 1342 4477 bona
1363 4464 1377 4487 ,
1407 4424 1500 4478 sed
1530 4426 1600 4479 ob
1615 4426 1872 4493 justitiam

297 4513 542 4582 superbia
574 4521 758 4574 tumet,
785 4511 1274 4581 ejusqucjustitiam
1304 4512 1548 4581 superbia
1576 4513 1870 4570 labefactat.

295 4604 563 4674 Numquid
584 4604 760 4673 justus
800 4611 917 4658 erat
945 4603 1277 4669 Pharisteus,
1325 4605 1412 4674 qui
1443 4604 1524 4659 bis
1561 4605 1612 4658 itt
1653 4606 1872 4662 sabbato

292 4696 604 4767 jejunabat?
653 4696 788 4764 Quid
829 4703 1006 4750 autem
1045 4695 1208 4750 dicit?
1252 4695 1372 4750 Non
1398 4713 1510 4750 sum
1546 4698 1674 4751 sicut
1706 4700 1872 4754 caeteri

293 4788 572 4853 hominum,
598 4797 844 4856 raptores,
874 4787 1051 4857 iujusti
1076 4785 1226 4857 (Luc.
1253 4786 1339 4843 18.
1371 4787 1458 4858 11)
1489 4806 1502 4841 :
1533 4803 1596 4844 ac
1632 4805 1869 4860 persmpe

291 4895 357 4934 ex
385 4879 708 4933 conscientia
738 4877 931 4932 munda
977 4877 1029 4932 in
1070 4877 1372 4946 superbiam
1398 4877 1700 4933 devolvitur
1725 4882 1862 4950 quis,

288 4981 344 5026 et
368 4970 510 5042 quod
536 4985 640 5025 non
665 4971 834 5040 potuit
861 4970 932 5023 illi
957 4969 1149 5025 aﬂ'erre
1168 4971 1542 5026 detrimentum
1568 4983 1861 5041 peccatum,

287 5063 444 5117 aﬂert
487 5062 754 5131 superbia.
800 5060 941 5116 Fieri
976 5076 1103 5131 ergo
1146 5078 1251 5116 non
1284 5072 1492 5132 potest,
1526 5072 1584 5117 ut
1611 5063 1769 5120 homo
1797 5067 1867 5121 sit

287 5152 358 5206 ita
394 5153 607 5221 penitus
647 5150 820 5220 justus
846 5191 862 5215 ,
891 5158 1002 5204 uta
1033 5160 1249 5220 peccato
1284 5153 1352 5208 sit
1380 5153 1644 5219 mundus;
1692 5170 1864 5225 neque

283 5259 472 5300 rursus
505 5243 618 5296 fieri
657 5251 834 5313 potest
863 5252 919 5296 ut
945 5243 1083 5298 ullus
1109 5245 1179 5298 ita
1209 5245 1380 5299 malus
1407 5247 1477 5300 sit
1505 5245 1696 5314 homo,
1735 5248 1860 5318 quin

283 5336 478 5392 habeat
533 5335 744 5405 aliquod
795 5336 982 5390 saltem
1037 5337 1284 5406 exiguum
1339 5337 1560 5393 bonum.
1618 5339 1860 5410 Ειθηψη

280 5443 476 5495 causa,
529 5426 618 5482 ille
647 5429 788 5497 rapit
825 5436 879 5482 et
915 5426 1122 5482 fraudat
1162 5437 1217 5482 et
1260 5429 1546 5498 perniciem
1579 5430 1777 5502 infert:
1806 5442 1862 5488 at

280 5534 680 5589 nonnumquam
709 5519 928 5590 largitur
951 5520 1362 5592 eleemosynam,
1387 5530 1441 5576 at
1461 5537 1856 5595 nonnumquam

273 5622 585 5682 temperans
607 5623 710 5684 est,
739 5622 792 5670 at
819 5627 1212 5685 nonnumquam
1242 5615 1381 5672 bona
1405 5617 1570 5674 verba
1600 5617 1851 5689 loquitur,

1571 218 1658 272 DE
1688 216 1956 272 LAZARO
1995 217 2236 274 CONCIO
2299 221 2378 273 Vl.

3469 225 3602 280 1οη

2041 342 2096 386 at
2124 350 2515 405 nonnumquam
2545 337 2631 391 uni
2661 337 2846 393 saltem
2872 335 2986 393 viro
3027 337 3314 394 subsidium
3363 339 3602 408 praebuit.

2035 435 2088 478 at
2116 440 2507 499 nonnumquam
2535 429 2700 494 luxit,
2750 439 2805 484 at
2835 445 3229 500 nonnumquam
3269 443 3498 490 interere
3530 440 3598 484 ta-

2033 523 2149 568 ctus
2169 515 2285 570 fuit.
2313 516 2420 572 Nec
2447 518 2603 588 igitur
2624 519 2798 588 justus
2825 529 2908 576 est
2937 521 3075 576 ullus
3101 521 3214 574 sine
3241 529 3479 592 peccato,
3515 538 3601 574 "('-

2033 619 2136 674 que
2186 616 2432 676 peccator
2471 617 2554 664 cst
2594 610 2802 680 penitus
2831 625 3020 679 expers
3062 610 3205 665 boui.
3254 610 3390 678 Quid
3422 610 3604 664 Achab

2033 695 2420 763 perniciosius?
2469 699 2660 769 Rapuit
2696 711 2750 756 et
2777 702 2970 756 occidit
3001 719 3014 756 :
3043 713 3402 758 verumtamen
3456 714 3602 770 post-

2031 802 2186 856 quam
2215 798 2437 845 mmstus
2469 791 2600 858 fuit,
2631 792 2756 847 dicit
2782 794 2908 848 Elite
2937 795 3072 849 Deus
3099 812 3110 846 :
3151 793 3330 848 Vidisti
3355 798 3599 865 quemad—

2028 877 2231 930 modum
2251 891 2581 952 compunctus
2597 892 2668 937 est
2691 882 2862 938 Achab
2890 884 2966 952 (3.
2998 884 3126 955 Reg.
3155 885 3244 938 21.
3274 883 3410 953 29)?
3441 884 3601 938 Vides

2020 956 2086 1024 ‘ut
2114 970 2165 1023 in
2195 979 2340 1025 tanto
2383 974 2642 1028 malorum
2689 976 2893 1044 gurgite
2929 975 3125 1030 bonum
3172 977 3434 1044 quoddam
3481 977 3598 1031 exi-

2026 1075 2186 1130 guum
2235 1061 2304 1116 sit
2347 1063 2656 1119 inventum?
2701 1065 2840 1133 Quid
2883 1067 3148 1134 proditore
3174 1066 3307 1122 Juda
3344 1066 3596 1131 deterius,

2025 1149 2112 1217 qui
2157 1151 2390 1207 avaritia:
2432 1154 2750 1223 mancipium
2795 1154 2927 1209 fuit?
2971 1155 3345 1216 Verumtamen
3388 1165 3441 1211 et
3480 1156 3595 1228 ipse

2025 1239 2145 1294 boni
2172 1242 2437 1312 quidpiam
2463 1245 2650 1300 saltem
2678 1246 2920 1316 exiguum
2937 1246 3127 1301 deinde
3156 1247 3394 1316 praestitit
3421 1265 3434 1301 :
3463 1245 3594 1301 Pec-

2023 1332 2131 1384 cavi
2153 1334 2290 1387 enim
2313 1375 2326 1396 ,
2365 1335 2568 1404 inquit,
2607 1336 2808 1390 tradens
2835 1337 3126 1406 sanguinem
3147 1339 3343 1409 justum
3379 1335 3590 1409 (Matth.

2020 1421 2108 1476 27.
2138 1422 2216 1493 4).
2245 1423 2393 1490 Quod
2422 1426 2578 1495 igitur
2596 1426 2856 1494 dicebam,
2885 1443 2988 1482 non
3015 1436 3096 1482 est
3122 1443 3149 1479 a
3179 1437 3361 1481 natura
3393 1427 3592 1496 impro-

2019 1511 2155 1566 bitas
2177 1555 2192 1579 ,
2223 1522 2281 1568 ut
2308 1515 2486 1570 virtuti
2530 1517 2677 1572 locus
2713 1533 2816 1573 non
2860 1519 2948 1574 sit.
2993 1519 3118 1576 Ovis
3164 1535 3445 1588 numquam
3477 1517 3590 1572 ﬁeri

2019 1612 2191 1671 potest
2221 1605 2350 1672 fera,
2378 1609 2572 1676 quippe
2593 1624 2710 1678 qua:
2733 1596 3192 1666 mansuetudinem
3222 1609 3412 1664 habeat
3439 1627 3465 1662 a
3496 1627 3590 1664 tta-

2018 1702 2132 1748 tnra
2165 1713 2177 1748 :
2210 1697 2363 1768 lupus
2387 1715 2672 1768 numquam
2702 1699 2812 1755 fieri
2843 1712 3147 1756 mansuetus
3178 1711 3376 1769 potestr
3396 1700 3589 1770 quippe

2014 1787 2104 1856 qui
2147 1787 2408 1844 feritatem
2452 1791 2641 1847 habeat
2670 1808 2697 1846 a
2729 1803 2932 1848 natura.
2983 1793 3098 1847 Non
3145 1793 3420 1848 solvuntur
3457 1807 3584 1862 ergo

2014 1886 2217 1932 natura:
2247 1879 2422 1949 leges,
2454 1897 2624 1952 neque
2646 1883 2935 1952 reﬁguntur
2954 1924 2968 1947 ,
2997 1883 3089 1938 sed
3117 1883 3346 1950 immotae
3369 1897 3580 1952 perma-

2012 1979 2158 2024 ncnt.
2191 1971 2246 2025 ln
2278 1988 2363 2028 me
2398 1972 2500 2028 hoc
2525 1974 2698 2029 locum
2740 1991 2844 2028 non
2872 1974 3065 2042 habet,
3097 1973 3190 2030 sed
3217 1983 3269 2028 et
3295 1972 3436 2028 ferus
3463 1987 3581 2026 cum

1999 2059 2136 2114 -volo
2166 2059 2234 2115 lio
2259 2101 2272 2127 ,
2307 2069 2361 2117 et
2387 2073 2718 2130 mansuetus,
2750 2079 2870 2118 cum
2904 2064 3026 2118 volo
3059 2081 3070 2118 :
3103 2077 3206 2117 non
3230 2063 3368 2118 enim
3397 2075 3581 2115 natura

2009 2165 2126 2205 sum
2147 2152 2353 2207 vinctus
2378 2194 2393 2219 ,
2425 2154 2518 2208 sed
2543 2154 2746 2210 arbitrii
2792 2155 3034 2210 libertate
3076 2153 3373 2208 decoratus.
3421 2152 3571 2220 Quod

2008 2256 2135 2312 ergo
2159 2241 2399 2298 dicebam
2421 2285 2437 2309 ,
2485 2260 2584 2300 nec
2618 2246 2756 2300 ullus
2786 2254 2867 2300 est
2903 2245 2974 2299 ita
3019 2245 3188 2299 bonus
3208 2283 3223 2310 ,
3253 2253 3310 2298 ut
3338 2244 3579 2313 exiguam

2008 2334 2178 2388 labem
2202 2349 2306 2389 non
2337 2335 2528 2391 habeat
2557 2354 2571 2390 :
2604 2353 2702 2391 nec
2726 2337 2864 2392 ullus
2890 2345 2971 2392 est
2996 2337 3066 2391 ita
3092 2336 3279 2398 malus,
3305 2343 3364 2389 ut
3391 2334 3577 2388 saltent

2006 2425 2251 2494 exiguum
2277 2425 2472 2479 bonum
2500 2442 2603 2480 non
2627 2425 2836 2481 habeat.

2074 2514 2334 2569 Bonorum
2367 2525 2414 2570 et
2451 2516 2701 2570 malorum
2735 2517 3008 2570 retributio.
3040 2545 3110 2556 -
3142 2513 3401 2581 Quoniam
3423 2512 3577 2584 igitur

2004 2607 2236 2660 omnium
2265 2616 2347 2668 est
2385 2607 2692 2674 retributio,
2724 2617 2777 2662 et
2803 2608 3038 2662 omnium
3083 2606 3440 2662 remuneratio
3471 2622 3483 2657 :
3509 2603 3576 2660 li-

2002 2706 2087 2750 cet
2110 2695 2252 2750 enim
2294 2694 2558 2750 homicida
2600 2698 2668 2751 sit
2694 2697 2847 2767 quis,
2889 2697 3010 2751 licet
3036 2696 3303 2766 improbus
3343 2694 3572 2764 sitquis,

2003 2787 2126 2842 licet
2155 2787 2457 2856 fraudator,
2497 2791 2539 2843 si
2568 2790 2692 2860 quid
2721 2790 2844 2844 boni
2883 2789 3066 2844 fecerit
3089 2830 3103 2854 ,
3135 2788 3279 2842 illum
3309 2787 3430 2841 boni
3462 2800 3574 2840 ma.

2002 2887 2094 2933 net
2121 2879 2420 2943 retributio,
2453 2896 2623 2950 neque
2647 2889 2860 2949 propter
2887 2896 2946 2935 ea
2975 2880 3130 2944 mala,
3155 2894 3272 2948 qua:
3297 2877 3441 2943 fecit,
3473 2876 3570 2930 bo—

2001 2983 2126 3022 num
2173 2971 2419 3025 mercede
2465 2971 2698 3038 privatur
2719 2987 2747 3022 ις
2791 2978 2844 3024 et
2890 2984 3074 3024 rursus
3119 2969 3239 3022 licet
3296 2968 3567 3020 innumera

1999 3057 2134 3112 bona
2153 3059 2476 3128 praestiterit,
2509 3061 2551 3113 si
2573 3059 2700 3130 quid
2719 3059 2839 3114 mali
2856 3058 3194 3122 commiserit,
3223 3065 3401 3111 manet
3425 3056 3567 3109 illum

1999 3147 2275 3203 retributio
2316 3151 2460 3203 mali.
2515 3149 2640 3205 Haec
2675 3151 2878 3216 retine,
2922 3149 3035 3203 haec
3080 3148 3229 3202 firma
3270 3157 3325 3202 et
3355 3149 3567 3200 immota

1995 3252 2253 3293 conserva
2283 3255 2296 3292 :
2320 3254 2490 3309 neque
2517 3239 2686 3294 bonus
2713 3249 2797 3294 est
2824 3239 2960 3293 ullus
2988 3238 3102 3292 sine
3126 3245 3364 3307 peccato,
3399 3251 3567 3304 neque

1995 3329 2109 3384 sine
2125 3330 2327 3399 justitia
2355 3332 2524 3385 malus
2539 3329 2797 3385 cstullus.
2825 3329 3022 3385 Eadem
3045 3329 3184 3384 enim
3215 3343 3399 3383 rursus
3425 3327 3565 3392 dico,

1997 3426 2054 3472 ut
2091 3418 2353 3473 radicibus
2383 3419 2498 3473 lixis
2537 3419 2799 3474 stabiliam
2823 3460 2838 3485 ,
2871 3428 2928 3473 ut
2956 3419 3186 3488 plantem
3209 3459 3224 3486 ,
3261 3426 3316 3472 ut
3356 3417 3407 3471 in
3439 3431 3562 3486 pro.

1995 3509 2153 3563 fundo
2182 3509 2459 3564 collocem.
2510 3509 2757 3564 Diabolus
2779 3511 2971 3580 quippe
2998 3509 3378 3564 sollicitudines
3398 3522 3559 3577 quas-

1992 3598 2114 3662 dam
2162 3601 2213 3654 in
2258 3601 2491 3655 animum
2546 3601 2746 3672 injicit,
2796 3602 2920 3656 dum
2967 3611 3199 3657 mentem
3241 3611 3469 3655 vestram
3508 3599 3560 3653 in

1991 3689 2226 3746 fraudem
2256 3691 2368 3745 vult
2404 3691 2604 3746 illicere
2628 3734 2642 3756 ,
2683 3699 2738 3746 et
2759 3708 2875 3762 quae
2905 3707 2935 3746 a
2972 3707 3059 3746 me
3091 3692 3337 3746 dicuntur
3363 3689 3560 3746 labefa-

1989 3789 2135 3837 ctare
2165 3799 2179 3835 :
2209 3790 2483 3851 propterea
2535 3783 2590 3836 in
2630 3782 2948 3853 profundum
2974 3797 3037 3838 ea
3065 3782 3292 3838 dimitto.
3336 3781 3392 3838 Si
3417 3784 3559 3837 enim

1988 3886 2052 3927 ea
2077 3871 2356 3942 diligenter
2381 3872 2468 3927 hic
2494 3873 2895 3928 conservaveris
2919 3913 2934 3936 ,
2985 3873 3107 3927 licet
3153 3872 3296 3926 foras
3341 3872 3556 3939 abieris,

1986 3965 2232 4019 amittere
2259 3965 2348 4019 illa
2377 3979 2482 4018 non
2514 3973 2681 4032 potes.
2714 3962 2784 4019 Ut
2807 3963 2948 4018 enim
2983 3963 3028 4016 si
3051 3977 3238 4016 aurum
3266 3963 3318 4015 in
3344 3976 3556 4016 crume-

1986 4072 2107 4112 nam
2139 4057 2352 4118 misero,
2376 4055 2680 4124 constringo
2701 4054 2842 4108 illam
2869 4061 2924 4108 et
2941 4053 3181 4122 obsigno,
3209 4067 3276 4106 ne
3303 4067 3388 4107 me
3419 4052 3553 4107 forte

1985 4151 2203 4205 absente
2228 4148 2310 4202 fur
2339 4147 2564 4216 abripiat
2594 4164 2606 4200 :
2637 4147 2713 4200 sic
2741 4146 2901 4200 etiam
2946 4159 3070 4213 erga
3099 4152 3330 4198 vestram
3355 4143 3548 4197 carita-

1986 4251 2090 4296 tem
2117 4257 2202 4295 me
2226 4255 2353 4310 gero
2385 4256 2398 4292 :
2431 4239 2684 4293 doctrinae
2704 4235 3010 4290 assiduitate
3033 4233 3336 4303 constringo
3359 4273 3374 4298 ,
3410 4243 3464 4287 et
3483 4233 3528 4286 si
3550 4263 3556 4274 ι

1981 4334 2166 4404 gilium
2201 4346 2442 4403 appono,
2493 4338 2832 4398 mentemque
2873 4337 3104 4381 veSIram
3147 4328 3435 4389 confirmo,
3485 4340 3554 4379 ne

1983 4427 2126 4481 iners
2150 4434 2204 4482 et
2224 4422 2444 4480 evanida
2487 4421 2713 4492 segnitie
2754 4418 3040 4482 reddatur,
3071 4415 3166 4471 sed
3196 4424 3252 4470 ut
3277 4429 3392 4470 eam
3419 4429 3552 4469 con-

1982 4531 2202 4574 servans
2232 4517 2406 4587 potius
2431 4530 2493 4570 ea
2536 4513 2940 4584 tranquillitate,
2987 4525 3144 4581 quam
3176 4509 3262 4563 hic
3306 4508 3550 4579 percipit,

1980 4620 2256 4667 externum
2283 4623 2495 4664 omnem
2524 4608 2802 4662 tumultum
2833 4605 3105 4676 repellam.
3136 4601 3250 4657 Non
3277 4617 3404 4672 ergo
3429 4611 3550 4656 sunt

1979 4703 2209 4757 hominis
2235 4700 2471 4770 loquacis
2497 4699 2658 4754 verba
2677 4739 2692 4764 ,
2720 4712 2838 4768 qua:
2862 4696 3118 4759 dicimus;
3161 4693 3253 4748 sed
3292 4691 3550 4747 sollicitu-

1976 4795 2152 4850 dinem
2177 4835 2192 4859 ,
2220 4802 2494 4863 paternum
2534 4789 2776 4846 allectum
2817 4798 2871 4844 et
2893 4785 3126 4844 doctoris
3163 4798 3397 4840 amorem
3437 4797 3548 4852 pra:

1975 4901 2035 4941 se
2060 4885 2251 4950 ferunt,
2282 4898 2349 4938 ne
2376 4882 2596 4937 effluant
2631 4896 2747 4951 quae
2765 4873 3029 4935 dicuntur.
3061 4875 3315 4946 Equidem
3341 4873 3404 4926 ad
3435 4873 3548 4926 hate

1973 4977 2194 5033 dicenda
2219 4977 2436 5030 minime
2461 4975 2636 5044 segnis
2658 4989 2772 5029 sum
2789 5014 2804 5037 ,
2834 4971 2983 5026 vobis
3008 4981 3183 5024 autem
3210 4966 3541 5023 securitatem

1973 5068 2200 5137 idipsum
2230 5066 2363 5135 parit
2390 5082 2404 5119 :
2431 5065 2625 5120 docere
2649 5064 2770 5119 volo
2791 5104 2806 5128 ,
2853 5078 2958 5116 non
2986 5058 3355 5114 ostentationis
3382 5069 3540 5111 causa

1970 5158 2163 5212 facere.
2192 5157 2306 5212 Non
2329 5167 2412 5212 est
2439 5157 2597 5227 igitur
2625 5155 2764 5210 ullus
2788 5153 2875 5224 qui
2904 5160 3118 5223 peccato
3143 5159 3342 5214 careat,
3371 5163 3543 5217 neque

1973 5259 2216 5319 peccator
2247 5249 2384 5303 ullus
2413 5257 2531 5314 est,
2575 5247 2663 5317 qui
2699 5247 2898 5300 bonum
2925 5241 3139 5312 aliquod
3167 5255 3272 5296 non
3302 5237 3492 5294 habeat
3524 5257 3539 5295 :

1968 5340 2064 5397 sed
2107 5339 2358 5408 quoniam
2385 5337 2656 5407 utriusque
2679 5344 2861 5409 parata
2892 5341 2974 5389 est
3000 5330 3358 5387 remuneratio
3380 5371 3395 5396 ,
3423 5329 3544 5385 vide

1967 5430 2094 5500 quid
2123 5430 2234 5484 fiat.
2261 5430 2519 5484 Peccator
2547 5443 2727 5498 parem
2758 5425 2910 5480 bonis
2932 5425 3043 5504 suis
3071 5422 3260 5493 recipit
3283 5436 3536 5477 remune-

1966 5523 2228 5577 rationem
2255 5561 2270 5587 ,
2315 5521 2358 5576 si
2387 5521 2510 5591 quid
2537 5519 2618 5575 vel
2647 5519 2922 5574 minimum
2950 5515 3076 5572 boni
3104 5513 3296 5571 habeat
3320 5555 3334 5578 ,
3365 5521 3419 5567 et
3451 5512 3539 5582 ju-

1969 5625 2081 5672 stus
2107 5614 2338 5686 peccatis
2373 5615 2483 5670 suis
2525 5629 2619 5684 par
2643 5611 2895 5685 judicium
2939 5609 3158 5681 recipit,
3198 5608 3244 5664 si
3281 5605 3540 5663 tantillum
