4030 6136
571 286 710 343 1045
1276 287 1336 341 S.
1375 284 1649 340 .IOANNIS
1684 281 2150 341 CIlIlYSOSTOMl

569 396 690 451 mali
730 395 932 451 I'eccrit.
964 395 1098 462 Quid
1125 411 1250 464 ergo
1279 395 1505 462 accidit,
1547 404 1600 450 ct
1627 394 1751 464 quid
1796 394 1921 449 facit
1959 394 2143 449 Deus?

567 490 793 546 I’eccato
818 490 1099 544 terminum
1131 488 1392 554 deﬁnivit,
1434 497 1749 557 prtesentem
1780 489 1940 541 vitam
1967 495 2022 542 et
2061 485 2142 540 l'u-

568 588 744 634 turum
787 594 955 632 :evum
985 595 997 631 :
1026 579 1069 632 si
1110 580 1226 648 quis
1255 593 1381 646 ergo
1433 571 1604 646 justus
1656 575 1853 644 fuerit,
1903 577 1991 645 qui
2020 576 2142 630 mali

565 669 833 738 quidpiam
867 669 1185 739 perpetrarit
1209 679 1263 723 et
1303 668 1390 722 hic
1424 669 1610 722 morbo
1649 669 1905 743 Iaborarjt
1929 683 1992 722 ac
2021 682 2147 738 sup-

566 760 725 830 p'ieio
751 760 820 814 sit
847 759 1067 814 allectus
1089 802 1102 826 ,
1134 775 1200 814 ne
1239 759 1466 813 turheris
1491 801 1503 822 ,
1536 759 1627 814 sed
1659 759 1794 827 apud
1825 769 1876 814 te
1900 759 2070 829 cogita
2095 767 2148 814 et

567 852 732 906 dicito
764 870 777 906 :
804 851 977 921 justus
1008 853 1106 907 iste
1143 851 1412 921 quidpiam
1451 852 1572 905 mali
1603 852 1725 906 fecit
1751 850 2055 922 aliquando,
2093 860 2148 906 et

567 943 691 997 illud
725 944 809 997 hic
837 943 1044 1012 recipit,
1079 959 1144 998 ne
1169 943 1276 998 illic
1307 945 1585 1013 plectatur.

636 1031 739 1088 Cur
772 1035 1112 1103 peccatoribus
1150 1051 1230 1087 res
1274 1050 1510 1103 prospere
1533 1033 1819 1087 succedant.
1851 1062 1920 1072 —
1943 1033 2149 1086 Rursus

571 1132 901 1191 peccatorem
934 1125 976 1178 si
1003 1125 1198 1180 videris
1224 1124 2148 1194 rapientem,fraudantem,sexcenta

566 1213 702 1268 mala
732 1223 1121 1286 perpetrantcm
1146 1257 1160 1278 ,
1194 1217 1281 1284 qui
1318 1217 1584 1284 prosi-eris
1615 1225 1786 1269 tamen
1814 1215 2148 1269 successibus

573 1314 787 1369 utatur,
833 1315 941 1360 tum
973 1314 1028 1359 tu
1059 1307 1228 1376 cogita
1276 1307 1470 1360 bomuu
1515 1306 1726 1376 aliquod
1769 1322 1886 1361 cum
1923 1307 2047 1360 olim
2076 1307 2149 1361 fe-

567 1395 710 1449 cisse
733 1436 748 1461 ,
777 1410 839 1449 ac
861 1396 996 1450 bona
1029 1396 1171 1449 illum
1203 1395 1286 1450 hic
1313 1398 1549 1465 recipere
1568 1439 1582 1463 ,
1625 1412 1694 1452 ne
1720 1397 1824 1451 illic
1849 1397 2146 1451 mercedem

568 1493 832 1554 reposcat.
880 1485 1297 1556 llalicetjustus
1337 1487 1402 1541 sit
1429 1488 1710 1557 quispiam,
1751 1496 1803 1542 et
1829 1488 2023 1558 aliquid
2051 1487 2149 1542 ad-

568 1577 707 1631 versi
732 1577 996 1645 patiatur,
1047 1576 1129 1631 hic
1171 1577 1368 1632 idcirco
1391 1578 1615 1647 recipit,
1661 1587 1718 1631 ut
1757 1577 1842 1631 hic
1875 1587 2146 1647 peccatum

567 1667 825 1738 deponat,
867 1678 920 1723 et
959 1683 1124 1738 purus
1156 1669 1278 1723 illuc
1306 1668 1564 1724 discedat.
1597 1667 1746 1737 Quod
1772 1669 1814 1723 si
1843 1669 2000 1724 fuerit
2026 1685 2150 1740 pec-

566 1768 715 1812 cator
743 1759 933 1828 aliquis
958 1760 1238 1829 sexcentis
1277 1759 1432 1818 malis
1471 1768 1784 1828 coopertus,
1815 1767 1869 1813 et
1895 1760 1982 1828 qui
2023 1773 2146 1814 sex-

565 1853 734 1906 centis
765 1851 1144 1906 insanabilibus
1182 1851 1380 1906 morbis
1417 1851 1658 1914 lanata,
1696 1852 1783 1920 qui
1823 1851 2013 1918 rapiat,
2059 1851 2145 1920 qui

567 1941 776 1997 Iraudet
803 1960 816 1996 :
849 1942 1046 1997 idcirco
1073 1957 1326 2012 prOSpero
1349 1957 1526 1997 rerum
1554 1957 1803 1997 successu
1829 1942 2016 1995 fruitur
2034 1984 2047 2005 ,
2081 1957 2148 1997 ne

566 2033 870 2088 mercedem
918 2034 1024 2089 illic
1065 2043 1289 2104 repetat.
1341 2033 1600 2103 Quoniam
1629 2048 1755 2103 ergo
1799 2042 1854 2087 et
1893 2033 2145 2087 Lazarum

567 2142 783 2201 peccata
800 2132 1038 2200 quredam
1059 2133 1255 2187 habere
1280 2135 1595 2203 contigerat,
1619 2141 1672 2187 et
1696 2133 1913 2187 divitem
1936 2126 2147 2198 aliquod

567 2221 764 2275 bonum
795 2221 1021 2286 habere,
1079 2233 1357 2292 propterea
1389 2225 1516 2278 dicit
1551 2224 1814 2278 Abraham
1849 2241 1861 2275 :
1891 2222 2020 2276 nihil
2064 2220 2149 2276 hic

569 2315 797 2382 require,
831 2313 965 2368 bona
991 2315 1095 2370 illic
1121 2325 1207 2370 tua
1233 2318 1499 2386 recepisti,
1527 2326 1576 2372 et
1605 2316 1836 2371 Lazarus
1864 2315 2000 2369 mala
2029 2329 2144 2368 sua.

570 2407 741 2475 Atque
765 2413 820 2459 ut
844 2406 1106 2476 intelligas
1129 2407 1242 2462 haec
1277 2423 1303 2459 a
1337 2422 1420 2462 me
1452 2416 1652 2462 temere
1678 2423 1781 2462 non
1810 2407 1935 2472 diei,
1964 2421 2144 2459 verum

569 2497 642 2551 ita
689 2512 748 2552 sc
800 2514 911 2552 rem
947 2498 1173 2565 habere,
1204 2500 1374 2556 dicit:
1406 2499 1659 2571 Recepisti
1701 2501 1830 2575 bona
1869 2511 1975 2555 tua.
2021 2501 2148 2566 Quae

569 2589 829 2642 tandem?
878 2589 1071 2644 Fecisti
1114 2592 1308 2660 aliquid
1352 2591 1522 2646 b0ni?
1560 2592 1820 2660 Recepisti
1849 2607 1977 2660 Opes
2008 2599 2144 2652 tuas,

569 2679 888 2743 sanitatem,
918 2681 1164 2746 delicias,
1199 2683 1518 2749 potentiam,
1549 2681 1804 2737 honorem
1839 2699 1850 2734 :
1885 2681 2012 2736 nihil
2055 2681 2146 2736 tibi

663 2938 842 2950 —-—

2003 2933 2130 2942 ...ι-η..
2145 2933 2578 2942 ---.----.--

1889 2949 1924 2956 -.
1937 2949 2407 2958 ————-———-——...——~

2196 281 2510 341 ARCIIIEP.
2552 282 3086 343 CONSTANTINOP.
3665 292 3769 350 1οΗ

2249 393 2492 462 debetur,
2523 398 2764 466 recepisti
2790 399 2927 454 bona
2953 407 3064 453 tua.
3113 397 3248 464 Quid
3273 397 3465 468 igitur?
3491 399 3678 459 Nihilne
3693 405 3751 461 La

2251 503 2404 541 zarns
2433 489 2706 557 peccavit?
2737 489 2846 544 Imo
2872 505 3018 554 vero,
3045 499 3100 544 et
3126 489 3358 542 Lazarus
3378 490 3508 544 mala
3534 507 3618 544 sua
3645 511 3769 550 :eutn

2251 587 2304 632 tu
2339 579 2471 632 bona
2505 593 2587 632 tua
2617 581 2858 650 reCepisti
2880 622 2896 647 ,
2937 590 3048 635 tum
3089 580 3319 634 Lazarus
3348 579 3517 634 mala:
3545 594 3771 652 propterea

2250 684 2390 723 nunc
2434 669 2533 724 iste
2579 673 2917 737 consolatur,
2980 679 3035 724 tu
3079 685 3208 724 vero
3247 670 3514 724 cruciaris.
3557 672 3710 742 Itaque
3739 681 3772 732 si

2251 761 2460 830 quando
2497 761 2697 829 justum
2729 761 2925 816 videris
2961 760 3048 814 hic
3089 762 3332 830 punitum
3363 802 3374 824 ,
3424 763 3620 816 beatum
3656 766 3772 822 illum

2251 854 2501 923 przedica,
2531 863 2585 907 et
2605 853 2768 908 dicito
2801 871 2814 906 :
2841 854 3017 924 justus
3043 852 3133 906 hic
3158 852 3239 907 vel
3270 863 3540 921 peccatum
3561 855 3711 919 habet,
3735 868 3776 913 et

2251 947 2376 1001 illud
2406 947 2629 1015 recipit,
2661 961 2724 1002 ac
2765 959 2926 1015 purus
2965 947 3090 1002 illuc
3127 945 3275 1000 abit:
3304 955 3395 999 aut
3424 945 3536 1015 plus
3573 947 3776 1013 plectitur

2251 1054 2408 1108 quam
2441 1038 2690 1107 peccarit,
2719 1047 2770 1092 et
2797 1038 2869 1091 illi
2895 1037 3134 1092 accessio
3150 1036 3373 1106 justitize
3397 1047 3664 1107 reputatur.
3689 1041 3774 1096 Illic

2251 1131 2392 1185 enim
2439 1131 2574 1185 ratio
2610 1138 2924 1200 supputatur
2947 1171 2962 1196 ,
3011 1132 3188 1200 aitque
3229 1129 3374 1198 justo
3409 1128 3541 1184 Deus
3570 1145 3581 1182 :
3617 1141 3775 1187 tantum

2253 1223 2416 1278 habes
2443 1239 2470 1276 a
2499 1239 2586 1278 me
2615 1241 2626 1276 :
2658 1222 2883 1277 fortasse
2921 1236 3048 1275 vero
3085 1221 3273 1276 decem
3314 1220 3497 1274 obolos
3526 1221 3591 1274 illi
3627 1223 3774 1289 credit,

2252 1325 2306 1370 et
2332 1317 2586 1370 rationem
2635 1315 2708 1369 illi
2749 1313 2933 1368 decem
2973 1313 3248 1367 obolorum
3277 1313 3536 1366 subducit.
3587 1314 3711 1379 Quod
3744 1317 3776 1370 si

2247 1408 2436 1464 obolos
2481 1407 2750 1476 sexaginta
2794 1403 3138 1474 expenderit,
3187 1404 3261 1457 ait
3307 1403 3384 1456 illi
3421 1403 3588 1457 Deus:
3625 1404 3777 1465 Decem

2254 1497 2342 1552 tibi
2372 1497 2556 1552 obolos
2583 1497 2787 1565 imputo
2810 1494 2877 1548 ad
2909 1503 3203 1563 peccatum,
3233 1503 3284 1547 et
3307 1491 3373 1547 ad
3395 1492 3636 1561 justitiam
3659 1495 3779 1562 quin-

2251 1591 2519 1660 quaginta.
2561 1588 2755 1642 Verum
2784 1596 2839 1642 ut
2868 1586 3043 1641 discas
3064 1585 3114 1640 id
3137 1625 3154 1651 ,
3185 1585 3326 1654 quod
3365 1592 3554 1646 restat,
3582 1586 3778 1653 adjusti-

2253 1683 2377 1736 tiam
2397 1681 2467 1735 illi
2496 1681 2749 1749 reputari,
2764 1679 2940 1748 justus
2959 1687 3073 1732 erat
3098 1677 3218 1742 Iob,
3247 1677 3362 1731 sine
3382 1676 3613 1741 crimine,
3633 1691 3777 1742 verax,

2251 1772 2430 1826 colens
2457 1771 2620 1825 Deum
2646 1812 2661 1836 ,
2702 1769 2976 1824 abstinens
3005 1768 3072 1823 ab
3100 1768 3245 1821 omni
3287 1767 3426 1824 mala
3465 1781 3556 1820 re:
3587 1767 3780 1835 punitum

2253 1862 2338 1917 hic
2367 1861 2464 1916 fuit
2502 1861 2616 1931 ejus
2644 1875 2839 1930 corpus
2861 1903 2874 1924 ,
2909 1869 2968 1914 ut
3006 1861 3112 1914 illic
3153 1857 3458 1913 mercedem
3500 1869 3777 1926 reposceret.

2251 1955 2385 2022 Quid
2415 1953 2555 2008 enim
2587 1955 2662 2006 ait
2689 1953 2763 2007 illi
2794 1951 2972 2006 Deus?
3014 1951 3174 2006 Aliter
3212 1961 3360 2021 putas
3388 1967 3468 2003 me
3502 1951 3584 2002 tibi
3613 1966 3781 2019 respui.

2251 2044 2402 2108 disse,
2435 2061 2583 2115 quam
2607 2053 2658 2096 ut
2678 2043 3113 2113 appareasjuslus
3143 2041 3284 2110 (Job.
3314 2040 3406 2095 40.
3442 2039 3529 2110 5)?
3571 2039 3778 2093 Eamdem

2252 2137 2410 2208 igitur
2431 2151 2552 2191 cum
2583 2135 2740 2204 justis
2776 2134 3081 2204 patientiam
3115 2133 3466 2198 exhibentes,
3493 2141 3542 2186 et
3568 2131 3781 2200 aqualem

2252 2237 2410 2283 recta:
2458 2226 2667 2280 illorum
2711 2225 3098 2280 conversatioui
3131 2221 3466 2278 tolerantiam
3494 2221 3780 2286 exhibentes,

2253 2327 2434 2389 parata
2463 2316 2658 2372 sanctis
2701 2317 2866 2370 Deum
2906 2315 3248 2386 diligentibus
3289 2314 3428 2368 bona
3476 2311 3782 2381 recipiamus:

2251 2427 2368 2482 qua:
2396 2409 2548 2464 nobis
2573 2409 2820 2463 omnibus
2856 2409 3068 2476 assequi
3099 2409 3370 2477 contingat
3411 2405 3570 2475 gratia
3594 2412 3641 2459 et
3661 2400 3783 2456 beni-

2252 2504 2454 2572 gnitate
2487 2500 2696 2555 Domini
2727 2500 2899 2554 nostri
2927 2499 3052 2555 Jesu
3072 2497 3271 2553 Christi
3296 2538 3310 2563 ,
3339 2499 3428 2552 eui
3453 2496 3608 2568 gloria
3635 2503 3680 2550 et
3705 2493 3781 2547 int-

2253 2592 2456 2662 perium
2485 2591 2537 2646 in
2561 2589 2753 2648 sazcula
2779 2586 3126 2645 saeculorum.
3162 2585 3357 2644 Amen.

783 3172 860 3232 IN
893 3168 1296 3232 HOMILIAM
1334 3167 1744 3230 ADVERSUS
1778 3167 1922 3228 EOS
1951 3166 2083 3238 QUI
2110 3167 2217 3226 AD
2245 3167 2501 3229 LUDOS
2532 3165 2952 3228 CIRCENSES
2983 3164 3634 3230 PROFICISCUNTUB

679 3687 828 3740 lianc
855 3685 1173 3738 concionem
1205 3682 1256 3734 in
1303 3681 1442 3735 serie
1472 3677 1816 3732 bomiliarum
1860 3676 1925 3731 de
1960 3675 2169 3729 Lazaro

612 3799 974 3869 reponendam
1007 3812 1127 3852 esse
1175 3793 1656 3864 deprehendimus.
1703 3791 1912 3846 Etenim
1946 3806 2172 3845 numero

613 3919 668 3980 ὅ,
724 3915 790 3968 de
828 3913 1019 3966 Lazari
1069 3921 1122 3965 et
1183 3911 1366 3965 divitis
1426 3907 1682 3980 parabola
1742 3922 1864 3960 mox
1924 3906 2174 3960 dicturus

615 4031 1056 4100 Chrysostomus,
1089 4025 1169 4079 sic
1216 4025 1416 4078 habet:
1459 4021 1632 4076 Unum
1663 4022 1824 4091 igitur
1861 4034 1924 4072 ex
1978 4019 2044 4072 iis
2086 4017 2175 4086 qui

615 4140 901 4210 perlatam
936 4139 1069 4192 hanc
1112 4145 1319 4207 portam
1367 4137 1657 4196 intrarunt,
1710 4141 1758 4185 et
1785 4147 1942 4184 unum
1996 4145 2059 4182 ex
2111 4129 2177 4182 iis

617 4257 705 4322 qui
739 4271 830 4323 per
862 4263 1143 4323 angustam
1164 4261 1212 4305 et
1242 4260 1446 4303 arctam
1475 4249 1612 4300 viam
1658 4248 1978 4299 incesserunt
2038 4243 2179 4298 vobis

620 4371 672 4420 in
708 4368 934 4420 medium
963 4366 1306 4435 profcrcntes,
1342 4379 1521 4416 eorum
1551 4377 1668 4431 qua:
1703 4377 1734 4413 a
1764 4359 1990 4412 Domino
2039 4357 2180 4410 dicta

623 4492 741 4532 sunt
775 4481 1042 4532 veritatem
1075 4479 1432 4541 ostendamus,
1459 4486 1507 4528 et
1546 4475 1725 4528 eadem
1755 4490 1939 4527 rursus
1973 4472 2184 4525 Domini

623 4591 882 4660 parabola
918 4601 1147 4642 utamur.
1181 4589 1244 4641 Et
1277 4589 1462 4656 paucis
1497 4587 1828 4656 interpositis
1872 4600 1966 4639 eos
1995 4585 2182 4638 eadem

536 4763 540 4766 .
627 4709 886 4779 parabola
914 4708 1024 4777 jam
1051 4707 1288 4762 imbutos
1340 4707 1642 4770 declarans,
1706 4705 1783 4758 sic
1835 4703 2051 4772 pergit:
2111 4701 2188 4755 Ac

2270 3676 2379 3728 scio
2409 3674 2641 3746 equidem
2676 3691 2762 3729 vos
2809 3674 3042 3728 homines
3075 3689 3404 3744 perspicaces
3426 3676 3541 3744 jam
3580 3676 3698 3744 quod
3723 3677 3784 3728 di-

2273 3797 2409 3846 cturi
2443 3794 2609 3845 simus
2639 3791 2944 3862 intelligere,
3011 3792 3353 3846 nihilominus
3399 3801 3563 3846 tamen
3615 3808 3642 3843 a
3671 3791 3786 3842 uobis

2275 3905 2382 3958 dici
2416 3922 2621 3960 necesse
2645 3915 2738 3960 est.
2775 3906 2843 3960 Et
2872 3915 3058 3975 postea
3087 3907 3152 3961 de
3180 3905 3345 3960 divite
3372 3916 3429 3961 et
3471 3904 3662 3959 Lazaro
3697 3902 3787 3971 plu'

2279 4021 2429 4074 ribus
2473 4019 2601 4089 agit.
2652 4018 2873 4073 Demutn
2925 4033 3151 4072 numero
3194 4019 3265 4085 5,
3303 4027 3590 4089 postquam
3640 4010 3788 4068 Lazari

2281 4140 2506 4186 mortem
2556 4148 2680 4186 cum
2745 4133 2927 4187 divitis
2975 4132 3126 4186 obitu
3187 4132 3530 4188 contulerat:
3585 4129 3791 4182 Lubenter

2279 4246 2438 4310 enim,
2483 4247 2593 4310 ait,
2649 4246 2782 4298 hanc
2824 4261 2929 4299 rem
2971 4259 3106 4312 sazpe
3144 4261 3310 4310 verso,
3342 4245 3513 4314 ἡδέως
3539 4242 3637 4312 γὰρ
3660 4237 3791 4292 ταῦτα

2285 4356 2503 4427 στρέφω
2535 4358 2793 4427 συνεχῶς,
2828 4367 2884 4411 ut
2913 4373 3062 4410 nemo
3094 4371 3159 4411 ea:
3191 4357 3322 4421 illis,
3359 4357 3450 4425 qui
3497 4359 3699 4424 egestate
3736 4353 3791 4400 ret

2285 4468 2480 4522 morbis
2514 4479 2563 4522 et
2590 4469 2728 4538 fame
2753 4480 3086 4537 premuntur.
3120 4484 3174 4522 se
3195 4476 3515 4529 contemnat,
3543 4475 3589 4518 et
3617 4463 3799 4530 seipsm

2286 4584 2533 4637 miserum
2569 4584 2894 4646 arbitretur,-
2926 4583 3016 4636 sed
3058 4583 3337 4650 patienter,
3395 4591 3502 4634 etc.
3536 4579 3607 4632 Ex
3639 4572 3792 4642 Quibus

2290 4698 2637 4766 perspicuum
2692 4707 2796 4759 est,
2837 4696 2976 4750 hanc
3039 4695 3198 4763 paulo
3247 4703 3370 4764 post
3420 4691 3660 4746 homilias
3706 4683 3794 4738 illas

3569 4863 3796 4882 _________.

603 4917 928 5005 Αῡνιξιιδυε
984 4957 1121 5007 EOS.
1168 4959 1273 5011 QUI
1346 4962 1425 5001 AD
1469 4960 1666 5002 LUDOS
1738 4958 2072 5002 CIRCENSES
2114 4953 2689 5003 PROFICISCUNTUR,
2735 4951 2816 4992 ET
2859 4951 2918 4991 ΙΝ
2967 4950 3160 4992 ιιιυΜ
3212 4948 3556 4991 EVANGELH
3623 4939 3803 4986 ιοαωι.

690 5039 962 5080 ΙἾἸἫΑΤΕ
1007 5039 1124 5079 PER
1170 5039 1827 5091 AVGUSTAM'PORTAM,
1873 5038 2022 5090 QUIA
2068 5036 2228 5077 LATA
2271 5033 2498 5083 PORTA,
2533 5031 2612 5091 E1:
2655 5029 2947 5072 Sl’ATIOSA
3012 5029 3116 5091 VIA
3167 5030 3302 5081 EST,
3350 5028 3493 5080 ρωε
3546 5021 3712 5067 DUCIT
3756 5016 3809 5058 ΑΒ

691 5117 1146 5169 rennmoueu,
1195 5118 1274 5159 ET
1320 5119 1510 5160 MULTI
1557 5119 1740 5175 sum",
1786 5085 1909 5169 Q'L't'
1939 5115 2216 5158 INTRANT
2246 5114 2366 5154 pan
2410 5111 2539 5152 EAM
2590 5085 2855 5170 (Matth.
2900 5093 2958 5148 7.
2993 5090 3110 5172 13)
3150 5110 3163 5148 :
3200 5109 3276 5148 ET
3307 5107 3420 5149 sun
3451 5104 3639 5148 thmt
3664 5099 3715 5141 t.\’
3747 5095 3810 5135 ω’

690 5197 888 5239 vrum
936 5196 1014 5238 ET
1056 5196 1120 5238 IN
1165 5196 1455 5239 “unus!
1489 5179 1598 5260 (a).

681 5397 730 5449 I.
763 5395 1081 5450 Consuetam
1127 5411 1308 5450 rursus
1335 5396 1594 5464 attingere
1621 5393 1916 5447 doctrinam
1943 5391 2063 5445 volo
2086 5433 2115 5464 ι
2135 5400 2188 5445 et

2301 5389 2624 5459 Spiritualcm
2673 5400 2909 5441 mensam
2943 5383 3090 5437 vobis
3133 5394 3398 5450 apponere
3429 5395 3442 5430 :
3479 5376 3568 5433 sed
3597 5372 3718 5444 piget
3754 5380 3812 5459 ηιμ

691 5505 953 5569 τηροηαω
979 5519 1086 5569 cum
1109 5512 1214 5554 Mss.
1236 5507 1394 5566 Regiis
1413 5505 1551 5564 1961,
1583 5505 1696 5569 1973
1722 5518 1736 5569 ξ
1761 5502 2045 5569 t‘nlbertinis
2077 5461 2155 5569 ἕω

2297 5495 2644 5552 cunt-torque,
2673 5481 2799 5534 dum
2829 5479 2982 5532 video
3011 5476 3211 5530 nullum
3242 5489 3334 5528 vos
3352 5489 3416 5526 ex
3445 5468 3643 5524 assidua
3669 5461 3813 5516 doctri-

611 5565 734 5626 970(
749 5567 888 5616 1050.
909 5574 957 5616 In
978 5566 1252 5618 Colhertino
1267 5565 1356 5619 568
1383 5571 1483 5617 ba-e
1506 5567 1696 5616 humilia
1728 5568 1998 5617 inscribitur
2021 5565 2190 5622 Quinta

614 5631 657 5676 iu
684 5632 932 5681 Lararum.

2302 5589 2366 5628 na
2416 5573 2643 5629 fructum
2684 5585 2892 5642 capere.
2933 5567 3362 5637 Quandoquidem
3395 5559 3614 5634 agricola
3651 5561 3810 5625 ψιθφιδ
