4030 6136
304 260 442 315 10ιῦ

303 378 398 431 καὶ
435 375 488 429 τί
521 377 667 429 ποιεῖ
697 378 723 430 6
754 376 915 443 656;;
967 377 1236 448 Ἀφὼρισε
1267 377 1419 430 νόσον
1453 390 1474 420 ο
1514 380 1579 449 τῇ
1611 379 1884 450 ἀμαρτίᾳ,

305 460 394 512 τὸν
428 459 671 530 παρόντα
710 460 824 530 βίον
866 463 960 515 καὶ
988 463 1080 514 τὸν
1116 460 1377 532 μέλλοντα
1406 461 1598 516 αίῶνα.
1646 461 1771 515 Ἐἀν
1795 456 1888 514 οὖν

307 540 342 616 ᾖ
379 560 461 606 τις
490 541 719 609 δίκαιος,
746 546 840 597 καὶ
875 544 1178 616 ἐργάσηταί
1205 561 1258 596 τι
1291 544 1516 613 φαῦλον,
1557 545 1653 598 καὶ
1686 544 1890 616 νοσήσῃ

309 603 554 691 διδείκαὶ
599 603 840 699 τιμωρίᾳ
896 603 1202 699 παραδοθῇ,
1257 603 1337 698 μή
1397 603 1726 698 θορυϐηθῇς,

310 709 560 779 ἐννόησον
583 711 716 782 πρὸς
763 711 979 770 ἑαυτὸν,
1015 712 1107 765 καὶ
1140 711 1281 773 είπὲ,
1312 712 1394 764 ὅτι
1424 705 1581 774 οὗτος
1629 712 1657 763 ὁ
1685 711 1892 771 δίκαιος

314 792 532 846 πώποτε
575 795 769 864 μικρόν
801 812 852 848 τι
885 795 1056 848 κακὸν
1105 793 1354 865 ἐποίησε,
1391 795 1484 847 καὶ
1515 793 1892 864 ἀπολαμϐάνει

312 868 439 940 ὧδε,
467 878 554 929 ἵνα
584 878 658 948 μὴ
690 877 804 932 ἐκεῖ
836 877 1094 949 κολασθῇ.

385 959 586 1024 Πάλιν,
626 959 721 1012 ὲάν
774 961 889 1031 ἴδῃς
932 958 1257 1031 ἁμαρτωλὸν
1309 958 1648 1030 ἁρπάζοντα,
1704 961 1896 1013 πλεον-

315 1041 600 1108 εκτοῦντα,
623 1043 790 1114 μυρία
819 1045 1072 1097 ποιοῦντα
1095 1041 1262 1107 κακὰ,
1282 1041 1387 1096 κάν
1411 1042 1632 1114 εὖθυνῇ,
1647 1043 1899 1114 ἐννόησον

316 1127 402 1180 ὅτι
424 1127 650 1199 ἐποίησέ
678 1144 808 1181 ποτε
835 1127 1038 1195 ἀγαθόν
1063 1145 1139 1191 τι,
1173 1127 1267 1180 καὶ
1291 1126 1668 1197 ἀπολαμϐάνει
1707 1123 1809 1181 ὦδε
1833 1127 1901 1180 τὰ

319 1209 524 1277 ἀγαθά,
557 1211 643 1264 ἵνα
663 1210 738 1283 μὴ
773 1211 890 1264 ἐκεῖ
929 1211 1208 1282 ἀπαιτήσῃ
1241 1209 1332 1262 τὸν
1371 1209 1579 1279 μισθόν.
1614 1209 1771 1264 Οὕτω
1799 1211 1902 1265 κᾶν
1933 1247 1937 1250 ς

318 1292 530 1358 δίκαιος
609 1311 692 1358 τις
729 1294 823 1348 καὶ
850 1295 1034 1365 πάσχῃ
1057 1293 1229 1347 δεινόν
1261 1310 1335 1357 τι,
1369 1291 1459 1346 διά
1487 1291 1642 1347 τοῦτο
1666 1294 1904 1364 ἀπολαμο

319 1375 478 1428 ϐάνει
521 1369 644 1438 ὧδε,
694 1377 782 1431 ἱνα
836 1371 940 1431 ὧδε
974 1375 1247 1446 ἀπόθηται
1305 1377 1404 1446 τὴν
1456 1376 1762 1448 ἁμαρτίαν,
1811 1377 1906 1430 καλ⁵

322 1459 533 1530 ἀπέλθῃ
559 1459 677 1512 ἐκεῖ
703 1458 962 1529 καθαρός·
997 1459 1101 1513 κᾶν
1152 1459 1475 1530 ἁμαρτωλός
1514 1477 1598 1523 τις
1629 1455 1686 1534 ᾖ,
1718 1459 1904 1529 γέμων

323 1541 532 1604 κακῶν,
565 1542 661 1596 καὶ
700 1542 876 1613 μυρία
908 1542 1104 1596 ἀνίατα
1135 1541 1341 1607 νοσῶν,
1395 1541 1677 1614 ἁρπάζων,
1717 1543 1908 1596 πλεον-

321 1625 620 1690 εκτῶν,διά
643 1627 801 1680 τοῦτο
816 1626 1077 1681 ἀπολαύει
1101 1625 1336 1681 ἐνταῦθα
1366 1627 1685 1698 εὐημερίας,
1709 1627 1796 1680 ἵνα
1831 1626 1906 1697 μὴ

322 1711 443 1764 ἐκεῖ
468 1711 746 1783 ἀπαιτήσῃ
777 1711 988 1781 μισθόν.
1019 1711 1242 1782 Ἐπειδὴ
1268 1706 1361 1766 οῦν
1385 1711 1666 1766 συνέϐαινε
1695 1712 1788 1765 καὶ
1817 1713 1908 1764 τὸν

325 1793 579 1865 Λάζαρον
599 1793 746 1864 ἔχειν
783 1793 904 1847 τινὰ
947 1795 1350 1866 ἁμαρτήματα,
1387 1795 1481 1848 καὶ
1530 1794 1621 1847 τὸν
1655 1794 1909 1847 πλούσιον

324 1877 472 1948 ἔχειν
494 1895 545 1930 τι
563 1877 784 1946 ἀγαθὸν,
800 1877 888 1932 διὰ
901 1878 1059 1932 τοῦτο
1077 1879 1103 1931 6
1135 1878 1387 1949 Ἀϐραὰμ
1405 1879 1572 1949 λέγει’
1592 1873 1717 1932 Ὧδε
1745 1879 1910 1949 μηδὲν

329 1961 502 2030 ζήτει·
543 1959 817 2025 ἀπέλαϐες
841 1961 910 2015 τά
941 1961 1123 2030 ἀγαθά
1153 1979 1246 2015 σου
1281 1965 1418 2027 ἐκεῖ,
1453 1962 1548 2016 καὶ
1584 1964 1612 2016 6
1661 1960 1912 2032 Λάζαρος

328 2042 398 2096 τά
428 2041 574 2095 κακά
603 2043 790 2098 αὐτοῦ,
819 2045 927 2098 Καὶ
957 2045 1044 2098 ἵνα
1089 2045 1268 2118 μάθῃς
1296 2047 1379 2099 ὅτι
1412 2046 1510 2116 οὐχ
1543 2043 1726 2109 ἁπλῶς
1771 2045 1914 2112 λέγω

328 2124 531 2189 ταῦτα,
582 2126 698 2178 ἀλλ’
748 2125 922 2190 οὕτως
958 2127 986 2168 b
1021 2129 1138 2181 ἐστὶ
1164 2168 1178 2192 ,
1226 2129 1410 2198 λέγει’
1471 2127 1796 2192 Ἀπέλαϐες
1837 2126 1911 2180 τὰ

327 2209 527 2276 ἀγαθά
562 2225 700 2265 σου.
739 2213 908 2276 ﬂeta;
964 2213 1230 2283 ἐποίησάς
1262 2231 1315 2268 τι
1357 2212 1594 2281 ἀγαθόν;
1641 2210 1912 2274 ἀπέλαϐές

333 2311 432 2346 σου
459 2294 549 2348 τὸν
570 2294 822 2361 πλοῦτον,
849 2295 946 2368 τὴν
981 2297 1188 2366 ὑγείαν,
1222 2297 1321 2367 τὴν
1365 2297 1598 2367 τρυφὴν,
1629 2296 1728 2366 τὴν
1753 2296 1914 2349 δυνα-

400 2463 428 2492 ⁸
455 2462 743 2528 [.egendurn
757 2465 993 2528 ἀφώρισεν
1016 2465 1141 2528 ὅρον.
1168 2462 1325 2512 Valic.
1353 2462 1438 2510 δύο
1461 2463 1652 2525 ὥρισεν,
1675 2461 1816 2509 νόσον
1835 2461 1916 2510 καὶ

334 2525 589 2576 timuerim.
613 2527 710 2574 Sed
731 2525 840 2574 haec
864 2525 1030 2576 vitiata
1049 2525 1187 2573 sunt.

495 2541 589 2574 ιαν.
613 2539 710 2574 δρα
731 2539 840 2574 nec
864 2539 1030 2576 Vltlala
1055 2539 1187 2573 sunt.

373 2539 606 2649 Wand
633 2587 722 2649 οὐχ
744 2588 906 2642 ἁπλῶς
929 2586 1236 2648 στοχάζομαι·
1251 2585 1354 2633 ἀλλ’
1377 2585 1543 2635 οὕτως.
1559 2583 1747 2632 Abhinc
1771 2584 1919 2644 longe

338 2645 495 2698 variat
517 2648 666 2698 Vatia.
689 2645 744 2698 iit
765 2649 958 2698 mendis
972 2645 1146 2697 scatet.

1439 261 1527 316 DE
1568 258 1846 316 LAZAIIO
1885 257 2145 314 CONCIO
2181 253 2288 309 VII.

3436 254 3565 310 10M

1991 381 2193 443 στείαν,
2227 381 2326 452 τὴν
2356 381 2535 452 τιμήν·
2555 378 2710 434 οὐδέν
2737 393 2817 432 σοι
2839 379 3267 448 κεχρεώστηταιο
3301 371 3572 435 ἀπέλαϐες
3639 370 3648 377 “

1988 464 2058 518 τά
2085 463 2268 533 ἀγαθά
2287 481 2400 523 σου,
2425 463 2492 516 Τί
2513 458 2639 527 οὗνς
2661 462 2691 514 6
2712 460 2962 530 Λάζαρος
2985 458 3141 512 οὐδὲν
3166 458 3416 529 ἦμαρτε;
3443 454 3573 513 Ναὶ.

1990 547 2086 600 καὶ
2120 547 2370 620 Λάζαρος
2397 545 2466 599 τά
2498 544 2646 600 κακά
2681 543 2867 597 αὐτοῦ.
2907 542 3039 594 Ὅτε
3079 541 3147 593 σὺ
3188 536 3574 620 ἀπελάμϐανες

1991 632 2058 686 τὰ
2082 631 2287 700 ἀγαθὰ,
2315 630 2438 684 τότε
2465 631 2558 684 καὶ
2597 626 2844 698 Λάζαρος
2879 625 2948 679 τά
2975 623 3139 679 κακά·
3180 622 3269 677 διὰ
3293 620 3452 674 τοῦτο
3481 619 3574 673 νῦν

1991 710 2148 780 οὗτος
2175 715 2594 788 παρακαλεῖται.
2615 711 2766 785 {789]
2786 711 2850 788 σὺ
2870 710 2926 763 δὲ
2957 708 3235 763 ὀδυνᾶσαι.
3269 706 3433 759 Ὥστε
3449 705 3577 757 ὅταν

1995 799 2111 870 ἴδῃς
2137 787 2346 852 δίκαιον
2379 795 2740 866 κολαζόμενον
2777 787 2900 855 ὧδε,
2939 789 3213 863 μακάριζε
3258 788 3444 851 αὐτὸν,
3486 790 3582 842 καὶ

1997 880 2143 950 λέγε·
2174 876 2341 945 Οὗτος
2366 884 2394 934 6
2421 880 2628 942 δίκαιος
2655 879 2687 948 ἢ
2717 876 2992 949 ἁμαρτίαν
3013 875 3124 945 ἔχει
3146 873 3238 927 καὶ
3255 870 3576 942 ἀπολαμϐἀο

1995 984 2075 1020 νει
2102 964 2292 1036 αὐτὴν,
2323 965 2417 1018 καὶ
2441 963 2740 1032 ἀπέρχεται
2763 962 2881 1014 ἐκεῖ
2914 957 3177 1029 καθαρὸς,
3212 957 3247 1028 ἢ
3287 955 3450 1009 πλέον
3473 953 3584 1008 τῶν

1997 1049 2414 1121 ἁμαρτημάτων
2442 1045 2753 1110 κολάζεται,
2796 1044 2890 1098 καὶ
2915 1041 3202 1114 προσθήκη
3237 1037 3585 1109 δικαιοσύνης

2000 1131 2150 1204 αύτῷ
2182 1130 2477 1200 λογίζεται.
2506 1130 2678 1197 Λόγος
2711 1128 2818 1198 γάρ
2850 1126 3060 1195 γίνεται
3099 1125 3234 1177 ὲκείσ
3265 1123 3360 1176 καὶ
3388 1121 3536 1204 λέγει
3557 1122 3588 1173 6

2000 1203 2133 1280 Θεὸς
2167 1215 2244 1286 τῷ
2266 1213 2482 1284 δικαίῳ·
2525 1214 2709 1282 Ἔχεις
2749 1227 2850 1282 μου
2873 1209 3049 1262 τόσονο
3081 1207 3241 1276 τυχὸν
3261 1205 3318 1258 δὲ
3345 1203 3588 1257 πιστεύει

2003 1299 2154 1370 αὐτῷ
2185 1299 2317 1352 δέκα
2337 1296 2558 1360 ὀϐολοὺς
2611 1296 2706 1348 καὶ
2759 1296 2904 1347 ποιεῖ
2949 1291 3097 1362 αύτῷ
3127 1290 3286 1358 λόγον
3322 1288 3432 1342 τῶν
3457 1287 3592 1351 δέκα

2003 1385 2227 1439 ὀϐολῶν.
2281 1384 2406 1437 Ἐὰν
2433 1383 2492 1435 δὲ
2530 1381 2816 1450 δαπανήσῃ
2851 1377 3115 1449 ἑξήκοντα
3161 1373 3406 1437 ὀϐολοὺς,
3438 1371 3588 1439 λέγει

2005 1469 2152 1540 αὐτῷ
2171 1471 2199 1522 6
2221 1467 2356 1530 Θεός
2381 1483 2394 1496 ·
2425 1466 2565 1528 Τοὺς
2613 1463 2744 1516 δέκα
2800 1461 3024 1516 ὀϐολοὺς
3066 1456 3356 1529 λογίζομαί
3395 1472 3487 1540 σοι
3515 1455 3594 1514 εἰς

2008 1539 2304 1624 ἁμαρτίαν,
2327 1549 2422 1604 καὶ
2447 1549 2572 1612 τοὺς
2599 1547 2941 1617 πεντήκοντα
2969 1545 3049 1606 είς
3078 1540 3449 1611 δικαιοσύνην.
3480 1539 3598 1592 Ἵνα

2011 1621 2070 1690 δὲ
2103 1621 2280 1709 μάθῃς
2299 1637 2382 1688 ὅτι
2410 1633 2472 1687 1:6
2503 1631 2824 1701 λειπόμενον
2852 1629 2932 1692 είς
2961 1625 3315 1696 δικαιοσύνην
3338 1622 3487 1709 αὐτῷ
3512 1621 3600 1676 λο-

2013 1707 2249 1790 γίζεται,
2280 1717 2400 1772 Ἰὼϐ
2428 1717 2636 1779 δίκαιος
2655 1710 2745 1786 ἦν,
2767 1715 3080 1784 ἄμεμπτος,
3117 1709 3388 1780 ἀληθινὸς,
3414 1707 3600 1761 θεοσε-

2017 1805 2140 1874 δὴς,
2162 1801 2502 1873 ἀπεχόμενος
2547 1798 2656 1852 ἀπὸ
2702 1796 2904 1874 παντὸς
2949 1792 3190 1865 πονηροῦ
3240 1793 3597 1865 πράγματος·

2015 1872 2287 1956 ἐκολάσθη
2313 1884 2479 1938 αὑτοῦ
2508 1883 2568 1937 τδ
2598 1882 2758 1952 σῶμα
2779 1872 2906 1942 ὧδε,
2925 1878 3014 1931 ἴνα
3043 1878 3161 1930 ἐκεῖ
3182 1876 3412 1946 μισθοὺς
3439 1875 3603 1928 ἀπαι-

2017 1972 2179 2042 τήσῃ,
2222 1969 2288 2022 Τί
2311 1968 2424 2040 γάρ
2457 1983 2622 2036 φησιν
2642 1963 2818 2026 ὁΘεὸς
2844 1962 2983 2029 πρὸς
3019 1960 3185 2015 αὐτόν
3205 1961 3474 2042 $611.16);-
3493 1957 3607 2012 οἴει

2013 2041 2089 2122 με
2111 2041 2608 2121 κεχρηματικέναι
2639 2063 2760 2109 σοι,
2799 2045 2838 2113 ἢ
2867 2046 2970 2098 ἵνα
2989 2041 3310 2114 ἀναφανῇς
3339 2041 3606 2108 δίκίιιοςς

2020 2135 2132 2206 Τὴν
2155 2135 2324 2205 αὐτὴν
2353 2133 2534 2186 τοίνυν
2561 2133 2674 2191 τοῖς
2696 2128 2923 2192 δικαίοις
2952 2128 3234 2198 ὑπομονὴν
3256 2123 3608 2206 ἐπιδειξάμεο

2020 2205 2123 2281 νοι,
2183 2217 2276 2271 καὶ
2328 2219 2394 2287 τῇ
2434 2214 2614 2285 ἀγαθῇ
2658 2214 2839 2266 αὐτῶν
2876 2210 3126 2276 τωλιτείᾳ
3159 2209 3258 2278 τὴν
3307 2205 3608 2277 καρτερίαν

2024 2301 2314 2374 ίσόρροπον
2343 2299 2774 2368 ἐπιδειξάμενοι,
2813 2293 3178 2364 ἀπολάϐωμεν
3211 2291 3280 2346 τὰ
3321 2289 3504 2374 ἀγαθά
3541 2289 3611 2374 τὰ

2022 2364 2426 2456 εὐτρεπισμὲνα
2449 2385 2562 2445 τοῖς
2594 2380 2767 2448 ἁγίοις
2804 2381 2916 2441 τοῖς
2945 2376 3202 2444 ἀγαπῶσι
3233 2375 3325 2428 τὸν
3351 2373 3508 2426 Θεόν·
3535 2364 3612 2424 ὧν

2025 2455 2240 2540 γένοιτο
2260 2467 2467 2527 πάντας
2483 2466 2515 2534 ἠ
2524 2467 2630 2534 μᾶς
2654 2463 2952 2530 ἐπιτυχεῖν,
2970 2460 3154 2531 χάριτι
3181 2460 3277 2540 καὶ
3307 2455 3612 2540 φιλανθρωέ

2028 2535 2130 2621 πίᾳ.
2151 2550 2246 2604 τοῦ
2270 2548 2474 2620 Κυρίου
2509 2547 2666 2618 ἡμῶν
2709 2543 2886 2614 Ἰησοῦ
2919 2541 3179 2613 Χριστοῦ,
3212 2535 3256 2609 ᾧ
3284 2543 3317 2611 ἡ
3358 2539 3485 2607 δόξα
3517 2539 3614 2592 καὶ

2024 2634 2086 2686 1:6
2117 2636 2316 2703 κράτος
2347 2635 2427 2694 είς
2444 2634 2570 2692 τοὺς
2593 2631 2793 2690 αἰῶνας
2819 2628 2929 2679 τῶν
2963 2626 3195 2681 αἰώνων.
3241 2625 3433 2694 Ἀμήν.

379 2877 3588 2926 .W

1812 3071 2208 3134 MONITUM.

376 3551 621 3616 quatuor
649 3539 716 3595 de
735 3537 946 3592 Lazaro
994 3532 1402 3605 pronuntiatam
1444 3527 1634 3582 fuisse.
1669 3523 1947 3592 Quamob-

377 3673 496 3713 rem
571 3655 626 3710 in
679 3651 956 3708 nonnullis
1012 3647 1292 3704 codicibus
1356 3643 1740 3714 manuscriptis
1809 3641 1948 3694 inter

381 3770 635 3826 homilias
669 3769 736 3823 de
764 3767 975 3821 Lazaro
1008 3763 1250 3834 ponitur,
1283 3771 1338 3815 et
1361 3759 1417 3812 in
1470 3755 1786 3812 CoIbertino
1841 3751 1949 3807 364

382 3893 506 3954 post
533 3893 768 3953 quatuor
795 3881 918 3934 illas
943 3879 1154 3948 priores
1191 3876 1257 3930 de
1288 3873 1498 3928 Lazaro
1535 3871 1743 3926 locatur
1771 3880 1823 3924 et
1862 3867 1949 3921 in-

380 3997 639 4052 scribitur
665 3993 853 4065 quinta
880 3993 945 4047 de
976 3991 1204 4055 Lazaro,
1224 3995 1281 4042 et
1306 3985 1529 4041 hornilia
1551 3984 1604 4038 in
1629 3983 1781 4047 illud,
1807 3981 1946 4034 Nolo

383 4125 470 4162 uos
503 4109 743 4178 ignorare
769 4107 833 4161 de
870 4105 1276 4168 dormientibus,
1326 4101 1644 4157 inscribitur
1695 4106 1848 4154 sexta
1882 4094 1951 4150 de

386 4223 616 4277 Lazaro.
656 4221 857 4277 Verum
908 4221 1048 4274 hanc
1079 4229 1409 4289 postremam
1451 4215 1518 4271 de
1550 4215 1694 4269 ludis
1740 4189 1950 4268 circen-

387 4331 540 4386 sibus
573 4332 662 4384 illa
699 4332 766 4386 de
803 4329 1198 4385 dormientibus
1245 4330 1540 4398 pracessit,
1582 4338 1641 4381 ut
1683 4328 1797 4396 ipsa
1853 4328 1952 4379 ho-

395 4447 560 4501 miliae
601 4447 750 4502 illius
779 4446 955 4516 prima
985 4445 1146 4499 verba
1179 4444 1440 4509 indicant,
1477 4441 1600 4495 Dies
1639 4452 1866 4511 quatuor
1907 4443 1960 4493 in

390 4561 709 4630 explicanda
739 4562 880 4614 vobis
898 4558 1096 4612 Luzari
1115 4558 1373 4628 parabola
1400 4558 1834 4624 consumpsimus,
1852 4565 1959 4611 elc.

2054 3520 2209 3588 Quod
2235 3520 2346 3591 jam
2374 3516 2752 3574 annotavimns
2781 3517 2836 3571 in
2863 3515 3064 3571 Μοιιίιο
3088 3515 3154 3571 ad
3179 3514 3426 3570 eamdem
3446 3514 3620 3584 ipsam

2056 3635 2358 3691 homiliam.
2434 3631 2602 3699 Igitur
2677 3632 2980 3686 Antiochiae
3039 3638 3437 3699 consequenter
3499 3641 3623 3700 post

2053 3749 2346 3805 conciones
2378 3747 2444 3802 de
2493 3744 2703 3800 Lazaro
2754 3747 2896 3798 hanc
2939 3744 3132 3798 habuit
3183 3743 3488 3806 homiliam,
3530 3743 3620 3796 ubi

2056 3863 2292 3935 primum
2319 3869 2508 3917 contra
2541 3860 2664 3914 illos
2691 3859 2824 3930 agit,
2853 3859 2947 3926 qui
2986 3859 3262 3913 circenses
3309 3858 3470 3913 ludos
3516 3857 3624 3911 fre-

2056 3979 2410 4050 quentabant.
2444 3985 2497 4030 et
2523 3984 2707 4044 postea
2745 3974 2808 4027 ad
2838 3981 3160 4028 consuetam
3213 3972 3280 4025 dc
3309 3971 3519 4026 Lazaro
3571 3981 3625 4026 ct

2058 4093 2224 4146 divite
2253 4089 2567 4161 parabolam
2597 4086 2850 4142 deﬂectit.
2885 4085 2956 4140 De
2983 4100 3128 4139 anno
3160 4101 3268 4153 quo
3317 4086 3398 4139 ha:
3425 4085 3492 4139 de
3523 4081 3627 4136 La-

2060 4218 2189 4258 zaro
2233 4201 2474 4258 humilia:
2525 4201 2721 4256 ltabilre
2753 4209 2882 4254 sunt
2943 4199 2998 4252 in
3039 4197 3244 4252 Monito
3272 4199 3336 4252 ad
3392 4208 3626 4268 quatuor

2059 4319 2269 4389 priores
2297 4317 2674 4372 disseruimus.

2131 4431 2506 4500 Ittterprclatio
2538 4427 2729 4481 Latina
2754 4435 2836 4481 est
2868 4424 3159 4480 Frontonis
3193 4421 3391 4475 Dncmi.

384 4907 538 4985 [790]
577 4909 733 4978 Πρὸς
763 4905 905 4972 τοὺς
940 4907 1032 4970 είς
1071 4904 1178 4970 τὰς
1230 4901 1618 4973 ἱπποδρομίας
1690 4901 2086 4969 ἀπελθόντας,
2128 4902 2226 4956 καὶ
2251 4905 2339 4970 είς
2374 4903 2440 4958 τὸ
2495 4904 2688 4972 ῥητὸν
2733 4904 2842 4958 τοῦ
2885 4907 3292 4976 Εὐαγγελίου·
3357 4903 3648 4958 Εἰσέλθετε

468 5003 557 5058 διὰ
579 5006 676 5074 τῆς
713 5001 903 5072 στενῆς
943 4998 1136 5068 πύλης,
1172 4999 1254 5051 ὅτι
1287 4996 1517 5050 πλατεῖα
1549 4998 1583 5067 ὴ
1625 4995 1788 5066 πύλη,
1820 4998 1914 5051 καὶ
1949 4996 2260 5068 εὐρύχωρος
2312 5001 2345 5068 ἡ
2384 4998 2502 5060 ὁδὸς
2540 5000 2573 5068 ή
2612 4997 2901 5067 ἀπάγουσα
2939 5002 3018 5064 εἰς
3056 5001 3156 5072 τὴν
3191 4999 3489 5063 ἀπώλειαν,
3552 5003 3644 5056 καὶ

469 5093 649 5148 πολλοί
681 5093 818 5145 εἰσιν
840 5091 889 5143 oi
919 5088 1286 5159 εἰσερχόμενοι
1303 5086 1371 5139 δι’
1403 5086 1571 5156 αὐτῆς
1590 5104 1602 5116 ·
1638 5087 1738 5140 καί
1778 5087 1927 5154 πρὸς
1951 5085 2032 5152 τῷ
2071 5085 2228 5140 τέλει
2255 5090 2341 5155 είς
2366 5089 2676 5143 Πλούσιον
2708 5089 2807 5141 καί
2833 5093 2921 5156 εὶς
2947 5092 3052 5146 τὸν
3074 5091 3353 5162 Λάζαροκ.

462 5429 534 5481 α’.
561 5419 833 5493 Βούλομαι
851 5421 949 5492 τῆς
976 5419 1238 5491 συνήθους
1271 5415 1509 5483 ἅψασθαι
1536 5418 1695 5471 πάλιν
1712 5418 1964 5471 διδασκα-

394 5513 425 5566 λ
437 5512 538 5576 ίας.
559 5508 654 5562 καὶ
667 5505 762 5576 τὴν
783 5503 1154 5575 πνευματικὴν
1169 5501 1200 5554 ὑ
1208 5503 1298 5569 μῖν
1314 5517 1390 5552 πα
1399 5502 1634 5556 οαθείναι
1649 5501 1859 5572 τράπεζ’
1861 5518 1923 5556 αν
1935 5514 1949 5527 ·

688 5601 958 5664 Parnm.
1008 5601 1124 5662 Gn.
1173 5599 1452 5664 XLVIII.

1973 5306 2034 5318 -να

2069 5417 2160 5468 καὶ
2187 5415 2331 5468 ὀκνῶ
2360 5418 2454 5470 καὶ
2488 5414 2788 5484 ἀναδύομαι
2808 5458 2822 5480 ,
2862 5413 3004 5483 ὁρῶν
3029 5416 3179 5468 οὐδὲν
3227 5418 3641 5489 καρπουμένους

2069 5501 2213 5570 ὑμᾶς
2241 5503 2303 5553 ὲκ
2323 5499 2419 5569 τῆς
2446 5496 2700 5572 συνεχοῦς
2719 5497 3092 5564 διδασκαλίας·
3118 5501 3241 5553 ἐπεὶ
3267 5501 3360 5556 καὶ
3382 5503 3637 5572 γηπόνις,

3219 5596 3300 5656 33
