4030 6136
503 230 647 286 1045

499 342 721 401 ἐπειδὰν
760 339 976 411 δαψιλεῖ
997 339 1064 408 τῇ
1102 337 1244 408 χειρὶ
1270 338 1340 388 τά
1374 334 1664 406 σπέρματα
1699 335 1811 397 τοῖς
1851 334 2072 394 κόλποις

499 428 598 500 τῆς
626 426 732 496 γῆς
765 419 1250 494 παρακατάθηται,
1300 418 1395 471 καὶ
1446 417 1523 488 μὴ
1554 416 1712 500 ἀξίαν
1743 416 1877 500 τῶν,
1898 414 2076 468 πόνων

623 509 723 579 τὴν
755 506 992 577 βλάστην
1021 503 1336 574 γινομένην,
1363 500 1425 552 οὐ
1451 499 1594 582 μετά
1616 499 1715 582 τῆς
1746 498 2076 582 αὐτῆςῗπρο-

499 580 701 662 θυμίας
725 589 825 659 τῆς
860 585 1139 659 γεωργίας
1167 583 1396 639 ἅπτεται
1419 599 1433 612 ·
1472 584 1506 655 ἡ
1531 580 1641 653 γὰρ
1672 581 1825 644 ἐλπὶς
1859 581 1946 634 ἀεὶ
1973 580 2076 650 τῆς

495 675 609 728 τῶν
639 672 867 744 καρπῶν
889 671 1063 741 φορᾶς
1093 668 1459 738 ὑποτέμνεται
1490 665 1551 719 τὸ
1577 665 1715 737 βαρὺ
1744 663 1854 718 τῶν
1878 663 2072 717 πόνων.

498 760 602 813 Τὸν
630 758 794 812 αὐτὸν
821 756 885 827 δὴ
910 754 1111 826 τρόπον
1142 753 1236 806 καὶ
1269 752 1428 822 ἡμεῖς
1451 749 1545 804 τὸν
1581 750 1751 803 πολὺν
1772 748 1961 802 τοῦτον
1977 746 2077 800 πόα

496 858 587 894 νον
612 841 714 911 τῆς
738 835 1088 899 διδασκαλίας
1107 834 1326 904 κούφως
1357 833 1425 887 ἂν
1449 832 1781 904 ἠνέγκαμεν,
1809 833 1858 885 εί
1876 829 2076 901 ἐμάθο-

498 941 600 995 μεν
631 922 793 977 πλέον
823 938 876 975 τι
892 919 1177 990 γινόμενον
1201 917 1267 969 ἐκ
1295 915 1393 987 τῆς
1414 915 1792 988 παραινέσεως
1815 914 1914 984 τῆς
1932 914 2070 995 ἡμε-

493 994 660 1077 τέρας
691 1005 773 1069 είς
812 1002 1080 1073 ὠφέλειαν
1100 1000 1202 1070 τὴν
1241 999 1530 1070 ὑμετέραν.
1558 998 1696 1052 Νυνὶ
1722 998 1780 1051 δὲ
1797 999 1924 1051 ὅταν
1951 994 2075 1051 θεα-

494 1089 722 1160 σώμεθα
742 1129 757 1152 ,
791 1089 874 1142 ὅτι
910 1085 1051 1159 μετά
1080 1083 1183 1149 τάς
1213 1082 1487 1147 τοσαύτας
1515 1082 1676 1155 ἡμῶν
1703 1082 2072 1160 παραινέσεις,

497 1154 636 1245 μετά
664 1174 764 1236 τὰς
790 1154 1064 1233 τοσαύτας
1104 1164 1389 1230 νουθεσίας
1432 1165 1526 1220 καὶ⁵
1566 1154 1886 1236 ἐπιπλήξεις
1918 1167 1935 1229 (
1954 1163 2073 1218 οὐδὲ

492 1259 602 1329 γάρ
629 1254 991 1327 ἐπαυσάμεθα
1011 1252 1252 1322 συνεχῶς
1274 1251 1421 1322 ὑμᾶς
1449 1251 1960 1321 ὑπομιμνήσκοντες
1980 1249 2072 1304 τοῦ

493 1340 727 1413 φοϐεροῦ
746 1337 1096 1411 δικαστηρίου
1117 1337 1211 1390 καὶ⁵
1232 1334 1341 1388 τῶν
1368 1333 1608 1388 εὐθυνῶν
1631 1334 1741 1388 τῶν
1758 1335 2073 1406 ἀπαραιτή-

491 1443 621 1491 των,
636 1423 841 1479 καὶτοῦ
864 1421 1035 1494 πυρὸς
1044 1419 1256 1474 ἐκείνου
1280 1414 1376 1471 τοῦ
1394 1417 1681 1479 ἀσϐέστου,
1701 1418 1797 1471 καὶ
1817 1417 1911 1471 τοῦ
1935 1421 2074 1471 σκὼ-

492 1509 657 1578 ληκος
686 1506 781 1561 τοῦ
815 1494 1220 1575 ἀτελευτήτου).
1256 1500 1401 1563 τινὲς
1428 1500 1538 1554 τῶν
1560 1501 1735 1555 ταῦτα
1766 1502 2073 1555 ἀκουόντων

493 1592 650 1663 (οὐδὲ
680 1591 789 1662 γάρ
818 1590 961 1645 κατά
989 1586 1209 1641 πάντων
1232 1584 1454 1655 ἐκφέρω
1480 1585 1581 1656 τὴν
1617 1584 1819 1663 ψῆφον,
1850 1587 1924 1656 μὴ
1974 1586 2071 1654 γέ..

491 1659 703 1742 νοιτο),
721 1659 939 1728 πάντων
973 1669 1181 1726 τούτων
1225 1666 1631 1738 ἐπιλαθόμενοι,
1662 1659 1824 1721 πάλιν
1845 1670 1937 1722 ἐπὶ
1973 1670 2072 1740 τὴν

492 1758 790 1828 σατανικὴν
812 1756 1049 1824 θεωρίαν
1080 1752 1181 1823 τῆς
1220 1749 1583 1820 ἱπποδρομίας
1604 1752 1834 1815 ἑαυτοὺς
1855 1751 2074 1805 ἐκδεδὼ-

491 1860 642 1903 κασι.
696 1841 824 1912 ποίᾳ
875 1839 1062 1892 λοιπὸν
1101 1834 1399 1909 προσδοκίᾳ
1439 1834 1547 1887 τῶν
1596 1834 1777 1888 αὐτῶν
1818 1834 2074 1905 ἀψόμεθα

490 1927 692 1987 πόνων,
727 1925 821 1977 καὶ
850 1924 949 1994 τὴν
975 1919 1325 1976 διδασκαλίαν
1354 1916 1538 1980 αὐτοῖς
1551 1917 1757 1988 ταύτην
1782 1919 1883 1987 τὴν
1910 1934 2074 1972 πνευσ-

493 2010 730 2080 ματικὴν
766 2005 1184 2077 παραθήσομεν,
1207 2002 1445 2074 ὁρῶντες
1483 2002 1648 2074 μηδὲν
1678 2001 1840 2055 πλέον
1874 2002 2072 2064 αὐτοὺς

488 2088 740 2147 ἐντεῦθεν
796 2087 1235 2161 καρπουμένους,
1283 2086 1397 2141 ἀλλ’
1432 2084 1622 2148 ἁπλῶς
1663 2084 1921 2155 συνηθείᾳ
1965 2086 2072 2138 τινὶ

488 2171 1041 2234 κατακολουθοῦντας,
1070 2170 1164 2222 καὶ
1189 2167 1518 2240 κροτοῦντας
1550 2168 1648 2238 μὲν
1672 2166 1740 2220 τά
1766 2169 1895 2240 παρ’
1914 2167 2071 2238 ἡμῶν

488 2258 776 2327 λεγόμενα,
802 2254 896 2308 καὶ
919 2251 1234 2316 δεικνύντας
1265 2252 1396 2322 ἡμῖν
1429 2251 1506 2313 ὼς
1532 2249 1654 2320 μεθ’
1681 2250 1876 2321 ἡδονῆς
1890 2250 2072 2321 δέχον-

485 2359 576 2394 ται
598 2340 725 2401 τοὺς
744 2337 1052 2410 ἡμετέρους
1079 2334 1295 2403 λόγους,
1320 2333 1577 2411 καὶημετά
1602 2331 1762 2386 τοῦτο
1792 2332 1954 2386 πάλιν
1976 2332 2071 2386 ἐπὶ

485 2425 577 2478 τὸν
605 2422 941 2493 ἱππόδρομον
974 2420 1305 2492 τρέχοντας,
1352 2418 1451 2473 καὶ⁸
1486 2417 1749 2488 μείζονας
1783 2416 1913 2480 τοὺς
1942 2418 2071 2488 κρό-

484 2524 612 2569 τους
633 2506 727 2559 ἐπὶ
746 2506 872 2567 τοὺς
892 2504 1140 2575 ἡνιόχους
1154 2501 1633 2572 ἐπιδεικνυμένους
1651 2501 1745 2553 καί¹
1767 2499 2069 2554 ἀκάθεκτον
2108 2576 2113 2581 ἱ

484 2591 582 2663 τήν
617 2589 830 2662 μανίαν,
870 2588 964 2641 καὶ
1005 2586 1142 2657 μετά
1170 2584 1367 2638 πολλοῦ
1416 2583 1512 2638 τοῦ
1558 2584 1716 2637 τόνου
1751 2583 2071 2655 συντρέχον-

484 2691 604 2740 τας,
636 2675 731 2726 καὶ
759 2671 895 2742 πρὸς
922 2669 1183 2739 ἀλλήλους
1213 2667 1476 2731 πολλάκις
1515 2667 2069 2738 διαπληκτιζομένους

488 2757 583 2811 καὶ
610 2757 888 2824 λέγοντας,
914 2753 997 2805 ὅτι
1020 2754 1048 2803 6
1085 2751 1184 2821 μὲν
1212 2762 1239 2791 ιι
1267 2750 1369 2804 τῶν
1400 2750 1584 2803 ἵππων
1608 2751 1670 2803 οὐ
1709 2750 1892 2813 καλῶς
1912 2749 2070 2822 έδρα-

490 2857 614 2913 μεν,
653 2842 682 2892 6
705 2840 762 2892 δὲ
793 2833 1205 2898 ὐποσκελισθεὶς
1231 2835 1554 2899 κατέπεσεν,
1589 2835 1683 2888 καὶ
1710 2837 1740 2886 6
1766 2833 1864 2905 μὲν
1893 2834 2067 2905 τούτῳ

486 2922 566 2994 τῷ
601 2921 801 2993 ἡνιόχῳ
850 2919 1042 2973 ἑαυτὸν
1085 2917 1403 2989 προσνέμει,
1435 2919 1463 2971 6
1493 2917 1551 2969 δὲ
1587 2917 1666 2988 τῷ
1721 2916 1931 2988 ἑτέρῳο
1974 2917 2069 2971 καὶ

485 3005 722 3076 οὐδαμοῦ
751 3004 931 3058 ἔννοια
959 3003 1080 3055 οὐδὲ
1102 3001 1408 3072 ὑπόμνησις
1428 3000 1537 3054 τῶν
1562 2999 1846 3072 ἡμετέρων
1873 2999 2066 3069 λόγων,

486 3089 604 3143 οὐδὲ
638 3089 744 3142 τῶν
774 3084 1162 3157 πνευματικῶν
1196 3085 1290 3138 καὶ
1325 3082 1569 3154 φρικτῶν
1617 3082 1931 3155 μυστηρίων
1958 3083 2067 3136 τῶν

485 3172 721 3228 ἐνταῦθα
751 3171 1112 3242 τελουμένων,
1148 3167 1285 3222 ἀλλά
1309 3168 1563 3239 καθάπερ
1605 3167 1939 3239 αἰχμάλωτοι
1977 3185 2067 3237 γε·

487 3257 702 3328 νόμενοι
731 3257 835 3309 ὐπὸ
866 3254 976 3308 τῶν
1011 3252 1107 3307 τοῦ
1157 3252 1405 3306 διαϐόλου
1441 3252 1709 3322 παγίδων,
1745 3254 1861 3307 ἐκεῖ
1887 3252 2069 3323 διημε-

490 3342 724 3414 ρεύουσι,
758 3343 826 3411 τῇ
868 3341 1131 3409 σατανικῇ
1177 3337 1381 3409 θεωρίᾳ
1429 3337 1657 3400 ἑαυτοὺς
1686 3336 2064 3405 ἐκδεδωκότες,

485 3427 580 3479 καὶ
614 3427 693 3488 εἰς
718 3422 989 3493 αἰσχύνην.
1004 3420 1357 3491 προκείμενοι
1389 3420 1484 3473 καί¹
1523 3419 1797 3482 Ἰουδαίοις
1813 3420 1908 3472 καὶ
1933 3417 2065 3472 ’Έλ-

486 3508 610 3578 λησι
643 3508 738 3559 καὶ
766 3508 879 3567 τοίς
916 3505 985 3558 τὰ
1014 3503 1260 3574 ἡμέτερα
1289 3500 1567 3573 διασύρειν
1591 3500 1975 3573 βουλομένοις;

556 3591 651 3651 Τίς
675 3588 742 3642 ἂν
773 3584 888 3650 οὖν,
911 3586 1015 3640 κᾶν
1038 3580 1310 3658 σφόδραῇ
1343 3585 1564 3649 λίθινος,
1595 3586 1628 3655 ἡ
1670 3586 1766 3638 καὶ
1801 3584 2065 3656 ἀναίσθη-

483 3690 597 3737 τος,
631 3670 803 3724 ταῦτα
825 3670 1142 3739 ἀναλγήτως
1180 3670 1424 3737 ἐνεγκεῖν
1468 3669 1792 3739 δυνήσεται,
1838 3673 1970 3740 μήτι
2000 3686 2065 3739 γε

485 3758 645 3825 ἡμεῖς
667 3755 717 3805 οί
753 3751 1025 3822 πατρικὴν
1077 3748 1458 3821 φιλοστοργίαν
1488 3752 1618 3821 περὶ
1675 3752 1885 3815 πάντας
1921 3754 2065 3822 ὑμᾶς

486 3836 887 3891 ἐπιδείκνυσθαι
932 3834 1364 3898 σπουδάζοντες
1397 3834 1532 3887 Οὐδὲ
1562 3833 1671 3904 γὰρ
1711 3834 1870 3888 τοῦτο
1905 3837 2064 3906 μόνον

474 3923 604 3993 ἐστὶ
634 3918 786 3993 [τοι]
816 3920 876 3973 τὸ
899 3917 1104 3973 λυποῦν
1138 3919 1309 3990 ἡμᾶς,
1339 3919 1423 3972 ὅτι
1457 3917 1718 3988 ἀνόνητον
1746 3919 1839 3972 τὸν
1865 3919 2063 3996 ἡμέτς-

487 4024 578 4078 ρον
605 4002 979 4058 ἑπιδείκνυσθε
1027 4002 1275 4072 κάματον
1294 4043 1309 4068 ,
1341 4000 1477 4055 ἀλλά
1509 4000 1688 4072 πολλῷ
1719 4001 1880 4057 πλέον
1907 4002 2063 4074 ἡμῶν

484 4088 843 4152 καθάπτεται,
869 4087 996 4140 ὅταν
1029 4086 1370 4156 ἐννοήσωμεν
1399 4084 1481 4138 ὅτι
1516 4085 1822 4157 βαρυτέραν
1851 4087 2065 4151 ἑαυτοῖς

483 4171 718 4226 οίταῦτα
743 4169 1023 4234 ποιοῦντες
1039 4169 1476 4241 ἐργάζονταιτὴν
1500 4167 1845 4242 κατάκρισιν.
1873 4170 2064 4240 Ἡμεῖς

482 4257 592 4328 γὰρ
617 4256 724 4309 τῶν
771 4253 950 4308 πόνων
997 4254 1097 4323 τὴν
1133 4251 1369 4323 ἀμοιϐὴν
1400 4252 1743 4329 ἀναμένομεν
1788 4254 1940 4325 παρά
1966 4254 2061 4307 τοῦ

481 4341 752 4394 Δεσπότω
774 4356 789 4371 ο
814 4337 877 4390 τὸ
907 4336 1017 4409 γὰρ
1043 4337 1314 4407 ἡμέτερον
1346 4334 1493 4389 ἀπαν
1536 4337 1937 4407 πεποιήκαμεν,
1968 4337 2064 4391 καί

480 4425 543 4477 τὸ
564 4423 826 4494 ἀργύριον
852 4419 1225 4489 κατεϐάλομεν
1244 4459 1259 4483 ,
1291 4420 1386 4472 καὶ
1416 4418 1478 4471 τὸ
1513 4419 1776 4476 τάλαντον
1810 4419 1871 4473 τὸ
1899 4422 2064 4492 ἐμπι-

480 4507 703 4561 στευθὲν
750 4508 880 4577 ἡμῖν
912 4504 1282 4575 διενείμαμεν,
1339 4503 1434 4556 καὶ
1483 4503 1636 4557 οὐδὲν
1660 4503 1770 4557 τῶν
1803 4507 1882 4568 εἰς
1913 4506 2062 4575 ’ἡμᾶς

478 4591 723 4663 ἡκόντων
752 4588 1235 4660 παραλελοίπαμεν
1253 4604 1266 4617 ·
1297 4587 1346 4638 οί
1379 4586 1436 4638 δὲ
1466 4587 1534 4638 τά
1572 4586 1811 4658 ἀργύρια
1832 4587 2060 4656 δεξάμε-

478 4695 560 4730 νοι
584 4674 757 4728 ταῦτα
788 4676 857 4728 τά
890 4670 1259 4742 πνευματικὰ,
1292 4669 1452 4722 ποίαν
1495 4669 1738 4734 ἕξουσιν,
1784 4671 1904 4724 εἰπέ
1951 4690 2061 4742 μοι,

476 4757 797 4826 ἀπολογίαν,
823 4755 983 4809 ποίαν
1011 4756 1069 4808 δὲ
1100 4753 1456 4822 συγγνώμην,
1477 4752 1605 4804 όταν
1636 4752 1711 4823 μὴ
1743 4754 1901 4822 μόνον
1925 4755 2064 4808 αύτά

476 4841 840 4906 ἀπαιτῶνται,
877 4839 1013 4892 ἀλλά
1047 4837 1141 4891 καὶ
1177 4836 1276 4905 τὴν
1305 4833 1512 4887 τούτων
1543 4835 1839 4905 ἐργασίανς
1888 4837 2062 4901 ποίοις

476 4926 777 4996 ὀφθαλμοῖς
801 4924 1020 4993 ὄψονται
1042 4921 1134 4975 τὸν
1161 4920 1358 4991 κριτήν
1382 4937 1397 4984 ;
1430 4918 1546 4981 πῶς
1569 4918 1769 4973 οίσουσι
1797 4920 1893 4991 τὴν
1923 4922 2060 4992 ἡμέ-

481 5026 580 5080 ραν
620 5010 835 5076 ἐκείνην
860 5006 958 5079 τὴν
983 5005 1243 5076 φοϐερὰν,
1278 5002 1349 5055 τὰ
1387 5002 1723 5074 κολαστήρια
1750 5003 1820 5056 τά
1863 5005 2064 5077 ἀφόρη-

476 5108 577 5155 τα;
614 5094 706 5162 Μὴ
755 5091 865 5163 γὰρ
896 5093 975 5154 εἰς
1004 5091 1228 5156 ἄγνοιαν
1258 5086 1443 5156 ἔχουσι
1502 5089 1868 5156 καταφυγεῖν;
1921 5088 2060 5142 Καθ’

476 5175 717 5246 ἑκάστην
746 5176 963 5245 ἡμέραν
1002 5170 1328 5243 ἐνηχοῦμεν,
1384 5167 1788 5240 παραινοῦμεν,
1831 5188 2062 5243 προτρε-

478 5258 711 5330 πόμεθα,
734 5257 1053 5327 δεικνύομεν
1070 5255 1172 5325 τῆς
1196 5256 1410 5324 ἀπάτης
1431 5254 1523 5306 τὸν
1540 5252 1782 5324 ὄλεθρον,
1810 5254 1910 5323 τῆς
1936 5254 2061 5323 βλά-

477 5342 578 5403 ϐης
607 5342 670 5394 τὸ
697 5339 943 5411 μέγεθος,
976 5340 1075 5408 τῆς
1102 5338 1401 5407 σατανικῆς
1450 5336 1813 5408 πανηγύρεως
1848 5337 1940 5391 τὸν
1977 5338 2060 5392 66-

477 5422 586 5488 λον,
613 5426 706 5478 καί
732 5424 853 5477 οὐδὲ
886 5422 1030 5477 οῦτω
1071 5421 1397 5475 καθικέσθαι
1429 5419 1800 5492 ἠδυνήθημεν.
1851 5422 1958 5475 Καὶ
2006 5423 2058 5476 τί

477 5507 620 5579 λέγω
647 5510 744 5578 τὴν
774 5508 989 5578 ἡμέραν
1023 5507 1240 5574 ἐκείνην
1272 5506 1372 5576 τὴν
1405 5504 1672 5575 φοϐεράν;
1700 5505 1850 5569 Τέως
1880 5506 1946 5560 τὰ
1973 5507 2059 5559 ἑν-

537 5664 564 5695 ⁸
589 5663 711 5715 Iros
732 5677 828 5711 mss
871 5665 1352 5725 διαπληκτιζομένους
1375 5664 1495 5713 διατί
1519 5664 1546 5712 6
1567 5665 1665 5726 μέν,

1168 220 1223 272 S.
1267 216 1554 275 JOANNIS
1591 216 2068 277 CHRYSOSTOM]

2177 222 2455 282 ιιιιιίιΕΡ.
2494 225 3046 284 CONSTANTINOP.

3620 224 3733 283 Ιθιίθ

2182 332 2362 386 ταῦθα
2398 333 2788 405 γυμνάσωμεν.
2816 330 2964 397 Πῶς,
2982 330 3103 384 εἰπέ
3126 347 3235 402 μοι,
3267 327 3317 382 οί
3342 329 3437 399 τῆς
3468 336 3731 405 σατινικῆς

2182 415 2402 486 ἐκείνης
2435 418 2801 488 μετασχόντες
2822 416 3063 488 θεωρίας
3092 414 3412 485 δυνήσονται
3442 414 3575 482 μετά
3612 424 3731 493 παρ.

2183 497 2381 567 ῥησίας
2433 499 2667 553 ἐνταῦθα
2707 497 3136 572 παραγενέσθαι,
3175 494 3237 549 τό
3277 494 3508 559 συνειδὸς
3547 497 3733 567 ἔχοντες

2180 581 2714 652 κατεξανιστάμενον
2769 584 2867 638 καὶ
2920 579 3210 636 καταϐοῶν
3262 578 3508 650 μεγάλας
3542 581 3608 633 Ἥ
3648 586 3733 638 οὐκ

2180 663 2476 718 ἀκούουσιν
2501 660 2648 720 οὗτοι
2679 665 2774 720 τοῦ
2811 663 3087 737 μακαρίου
3120 660 3336 716 Παύλου
3376 660 3616 729 λέγοντος
3653 667 3731 719 τοῦ

2179 747 2506 805 διδασκάλου
2532 751 2632 821 τῆς
2653 749 2999 823 οἰκουμένης,
3030 750 3126 815 Τίς
3145 747 3426 802 κοινωνία
3447 748 3586 816 φωτί
3605 752 3732 818 πρὸς

2179 833 2426 902 σκότος,
2456 834 2497 903 ἢ
2524 835 2619 902 τίς
2634 835 2803 905 μερίς
2822 832 3018 901 πιστῷ
3040 833 3191 904 μετά
3238 831 3532 894 ἀπίστους
3581 832 3731 905 Ιιόσης

2179 915 2291 985 γάρ
2320 919 2425 971 οὐκ
2457 918 2525 972 ἂν
2574 920 2659 991 εἴη
2712 917 3113 988 καταγνώσεως
3144 914 3316 982 ἀξιον,
3350 916 3479 970 ὅταν
3509 917 3537 970 6
3570 919 3729 982 πιστὸς

2179 998 2276 1052 καὶ
2306 999 2419 1053 τῶν
2444 1000 2681 1056 ἐνταῦθα
2710 1002 3049 1073 τελουμένων
3075 1001 3171 1056 καὶ
3201 1000 3377 1072 εὐχῶν
3399 999 3494 1054 καὶ
3516 1001 3732 1071 φρικτῶν

2181 1083 2502 1155 μυστηρίων
2530 1085 2626 1138 καὶ
2662 1086 3038 1158 πνευματικῆς
3063 1083 3415 1147 διδασκαλίας
3451 1082 3729 1142 ἀπολαύων.

2182 1165 2320 1236 μετά
2353 1166 2456 1238 τὴν
2496 1166 2731 1224 ἐνταῦθα
2760 1169 2984 1240 τελετὴν
3034 1166 3287 1223 ἀπελθὼν
3331 1164 3621 1237 καθέζηται
3666 1167 3732 1227 εἰς

2176 1248 2278 1319 τὴν
2318 1252 2619 1323 σατανικὴν
2650 1252 2868 1325 ἐκείνην
2910 1251 3144 1324 θεωρίαν
3176 1248 3314 1322 μετά
3365 1247 3462 1302 τοῦ
3507 1249 3729 1310 ἀπίστου,

2183 1333 2319 1403 μετά
2355 1335 2449 1389 τοῦ
2487 1336 2546 1388 ἐν
2568 1335 2648 1409 τῷ
2680 1337 2862 1391 σκότει
2896 1337 2993 1408 τῆς
3029 1334 3284 1398 ἀσεϐείας
3324 1332 3679 1398 πλανωμένου,
3706 1333 3732 1385 6

2177 1417 2255 1487 τῷ
2284 1419 2423 1487 φωτὶ
2447 1419 2544 1472 τοῦ
2586 1420 2688 1488 τῆς
2738 1418 3083 1491 δικαιοσύνης
3115 1418 3267 1489 ἡλίου
3323 1415 3729 1483 καταυγασθείς;

2179 1498 2325 1564 Πῶς,
2357 1501 2477 1554 εἰπέ
2523 1518 2653 1572 μοι,
2707 1502 2892 1556 λοιπὸν
2950 1500 3302 1572 ἐπιστομίσαι
3346 1497 3730 1570 δυνησόμεθαὴ

2179 1581 2494 1655 Ἕλληναςὴ
2531 1584 2855 1651 Ἰουδαίους;
2884 1584 3001 1649 πῶς
3018 1585 3074 1639 δὲ
3094 1586 3378 1652 ἐναγαγεῖν
3402 1582 3593 1644 αὐτοὺς
3610 1579 3732 1649 ἰσχύ-

2178 1681 2366 1737 σομεν,
2392 1669 2485 1721 καὶ
2510 1669 2775 1739 πείσομεν
2798 1669 3206 1740 μετατάξασθαι
3226 1670 3307 1732 είς
3333 1667 3438 1737 τὴν
3460 1665 3728 1727 εὐσέϐειαν,

2177 1749 2305 1804 ὅταν
2336 1752 2503 1823 δρῶσι
2535 1754 2663 1819 τοὺς
2700 1753 2818 1825 μεθ’
2846 1755 3004 1826 ἡμῶν
3035 1753 3401 1824 τεταγμένους
3432 1753 3509 1815 εἰς
3534 1749 3596 1803 τά
3628 1749 3729 1801 όλέ⁴

2177 1833 2305 1905 θρια
2334 1837 2518 1891 ἐκεῖνα
2550 1838 2645 1890 καὶ
2681 1838 2863 1909 πάσης
2905 1837 3086 1910 λύμης
3116 1838 3354 1907 γέμοντα
3386 1833 3586 1903 θέατρα
3613 1848 3731 1902 συμ-

2178 1919 2515 1989 φυρομένους
2537 1921 2754 1987 αὐτοῖς;
2783 1920 2939 1984 Τίνος
2959 1920 3069 1993 γὰρ
3093 1919 3301 1985 ἐνεκεν,
3320 1917 3445 1971 εἰπέ
3482 1932 3588 1987 μοι,
3615 1914 3732 1985 μετά

2174 2001 2238 2054 τδ
2280 2004 2686 2072 παραγενέσθαι
2724 2004 2979 2068 ἐνταῦθα,
3012 2005 3107 2059 καὶ
3133 2003 3443 2075 ἐκκαθᾶραι
3488 2000 3574 2053 τὸν
3606 1998 3732 2067 λογι-

2179 2084 2333 2154 σμὸν,
2360 2087 2454 2139 καὶ
2484 2087 2585 2159 τήν
2615 2087 2855 2142 διάνοιαν
2876 2090 2958 2153 είς
2995 2088 3158 2158 νῆψιν
3202 2088 3437 2156 ἀγαγεῖν
3470 2085 3559 2137 καὶ
3587 2081 3732 2136 κατά-

2177 2167 2345 2232 νυξιν,
2376 2168 2540 2223 πάλιν
2573 2170 2822 2225 ἀπελθὼν
2860 2174 2977 2226 ἐκεῖ
3029 2170 3495 2244 καταρῥυπαίνεις
3532 2165 3728 2227 ἑαυτόν;

2178 2250 2248 2302 Ἣ
2277 2252 2379 2305 οὐκ
2404 2252 2625 2314 ἀκούεις
2656 2254 2823 2324 σοφοῦ
2859 2272 3006 2319 τινος
3049 2255 3297 2323 λέγοντος
3319 2271 3333 2284 ο
3371 2247 3479 2317 Εἷς
3529 2246 3729 2303 οἰκοδο-

2170 2332 2304 2402 μῶν
2330 2336 2426 2389 καὶ
2457 2332 2546 2404 εἷς
2572 2339 2868 2408 καθαιρῶν
2904 2342 2961 2394 τί
2982 2339 3316 2409 ὠφέλησαν
3358 2334 3548 2389 πλέον
3575 2335 3613 2411 ἢ,
3646 2334 3730 2384 κό-

2170 2430 2365 2485 πους-ς
2400 2421 2475 2474 ’³0
2500 2421 2565 2493 δὴ
2596 2424 2691 2477 καὶ
2720 2423 2814 2478 νῦν
2839 2425 3070 2493 γίνεται.
3097 2423 3267 2477 Ὅταν
3291 2420 3402 2490 γὰρ
3431 2420 3496 2473 τά
3523 2414 3730 2470 ἐνταῦθα

2176 2502 2267 2572 ὑφ’
2295 2504 2453 2576 ἡμῶν
2474 2507 2895 2579 οἰκοδομηθέντα
2931 2509 3022 2562 διά
3055 2508 3152 2578 τῆς
3196 2504 3459 2576 συνεχοῦς
3507 2502 3731 2555 διδασκα-

2174 2585 2294 2650 λίας
2326 2589 2420 2642 καὶ
2449 2589 2551 2661 τῆς
2592 2592 2968 2661 παραινέσεως
2995 2592 3202 2662 ταύτης
3229 2592 3329 2661 τῆς
3355 2585 3728 2657 πνευματικῆς,

2174 2670 2426 2725 ἀπελθὼν
2453 2674 2648 2744 ἀθρόον
2668 2678 2784 2728 ἐκεῖ
2812 2678 2991 2729 πάντα
3023 2674 3277 2746 καθέλῃς,
3303 2674 3402 2726 καὶ
3431 2671 3510 2734 εἰς
3535 2669 3729 2736 ἔδαφος,

2173 2755 2250 2817 ὡς
2280 2756 2475 2818 εἰπεῖν,
2503 2757 2843 2831 καταγάγῃς,
2863 2760 3014 2811 ποῖον
3046 2757 3240 2827 ὄφελος
3276 2755 3444 2809 πάλιν
3464 2755 3602 2825 ἡμᾶς
3616 2753 3729 2820 ἄνω·

2174 2836 2265 2890 θεν
2283 2837 2351 2891 τὰ
2379 2838 2480 2909 τῆς
2509 2840 2798 2912 οἰκοδομῆς
2837 2839 3261 2904 ἐπιδείκνυσθαι,
3284 2838 3380 2891 καὶ
3415 2837 3571 2890 πάλιν
3604 2834 3728 2903 ὑμᾶς

2153 2920 2240 2987 ,τά
2264 2922 2362 2993 τῆς
2393 2921 2763 2995 καθαιρέσεως
2785 2942 2802 2991 ;
2831 2925 3003 2995 πόσης
3031 2924 3190 2978 τοῦτο
3216 2923 3409 2984 ἀνοίας
3448 2921 3546 2973 οὐκ
3573 2918 3632 2972 ἂν
3654 2918 3726 2986 εἴη

2173 3005 2269 3059 καὶ
2298 3005 2716 3078 παραπληξίαςς
2756 3008 2890 3062 Εἰπὲ
2920 3011 3028 3083 γάρ
3075 3026 3189 3080 μοι,
3221 3009 3270 3059 εἰ
3301 3006 3514 3059 ἐθεάσω
3536 3006 3588 3055 ἐν
3625 3003 3727 3062 ταῖς

2173 3087 2455 3160 αἰσθηταῖς
2487 3090 2714 3154 ταύταις
2739 3090 3052 3162 οἰκοδομαῖς
3086 3093 3206 3153 ταῖς
3228 3090 3318 3143 διὰ
3345 3088 3459 3141 τῶν
3486 3087 3637 3139 λίθων
3655 3103 3727 3152 γι-

2172 3171 2424 3243 νομέναις
2447 3172 2605 3227 τοῦτό
2618 3191 2740 3228 τινα
2771 3174 3049 3239 ποιοῦντα,
3073 3175 3192 3245 οὐχὶ
3215 3172 3290 3237 ὡς
3318 3172 3581 3243 μεμηνότι
3602 3167 3727 3237 αὐτῷ

2172 3254 2457 3326 προσέξεις
2489 3258 2583 3310 καὶ
2615 3259 2734 3329 εἰκῆ
2782 3261 2878 3311 καὶ
2933 3258 3108 3329 μάτην
3140 3258 3486 3326 κοπτομένῳ,
3536 3254 3623 3308 καὶ
3660 3254 3728 3313 εἰς

2170 3341 2324 3395 οὐδὲν
2350 3341 2468 3395 δέον
2501 3344 2677 3396 πάντα
2703 3342 2772 3396 τὰ
2805 3342 2971 3397 αὐτοῦ
2999 3342 3488 3406 καταναλίσκοντι;
3525 3339 3620 3391 Τὸν
3646 3337 3727 3389 αὐ-

2170 3428 2261 3481 τὸν
2308 3427 2372 3499 δὴ
2416 3428 2621 3498 τρόπον
2651 3428 2746 3480 καὶ
2786 3429 2881 3481 ἐπὶ
2928 3430 3027 3499 τῆς
3073 3427 3361 3499 οἰκοδομῆς
3423 3425 3617 3493 ταύτης
3643 3420 3726 3489 τῆς

2173 3511 2550 3583 πνευματικῆς
2583 3511 2824 3580 λογίζου,
2859 3511 2955 3564 καὶ
2985 3511 3082 3582 τὴν
3110 3510 3279 3581 αὐτὴν
3303 3510 3508 3580 ἔκφερε
3548 3507 3724 3577 ψῆφον.

2183 3595 2313 3647 Ἰδοὺ
2342 3594 2478 3666 γάρ·
2530 3596 2695 3664 ἡμεῖς
2728 3596 2848 3664 μὲν,
2891 3595 3079 3666 ἐπειδὴ
3122 3596 3201 3658 εἰς
3232 3593 3396 3647 τοῦτο
3446 3592 3726 3663 ἐτάχθημεν

2172 3677 2322 3748 παρά
2358 3680 2456 3749 τῆς
2500 3678 2593 3730 τοῦ
2643 3677 2779 3731 Θεοῦ
2830 3678 3072 3748 χάριτος,
3108 3676 3230 3731 καθ’
3270 3677 3512 3748 ἑκάστην
3539 3678 3726 3747 ἡμέραν

2169 3760 2266 3831 τὴν
2293 3759 2578 3832 οἰκοδομὴν
2608 3760 2811 3832 ταύτην
2839 3761 2938 3834 τὴν
2959 3763 3336 3833 πνευματικὴν
3355 3764 3439 3826 εἰς
3460 3760 3726 3833 [792]ῦψος

2169 3843 2478 3914 ἐγείρομεν,
2507 3844 2600 3897 καὶ
2628 3845 2765 3915 πρὸς
2780 3844 2877 3917 τὴν
2902 3844 3003 3915 τῆς
3018 3846 3217 3917 ἀρετῆς
3231 3843 3578 3899 διδασκαλίαν
3600 3844 3725 3913 ὑμᾶς

2168 3926 2385 3994 ἐνάγειν
2414 3926 2785 3997 σπουδάζομεν
2810 3944 2824 3957 ·
2856 3928 3001 3992 τινὲς
3027 3929 3085 3982 δὲ
3116 3929 3226 3982 τῶν
3254 3929 3497 3982 ἐνταῦθα
3528 3941 3724 3996 συντρε-

2167 4011 2370 4082 χόντων
2397 4010 2495 4081 τὴν
2525 4012 2663 4082 μετὰ
2688 4011 2882 4066 πολλοῦ
2931 4014 3094 4068 πόνου
3126 4012 3152 4052 ιι
3175 4012 3509 4085 αὐξηθεῖσαν
3547 4012 3725 4067 οἰκοδο-

2172 4097 2279 4169 μὴν
2334 4099 2393 4150 ἐν
2446 4098 2544 4167 μιᾷ
2576 4097 2771 4168 καιροῦ
2826 4101 2966 4172 ῥοπῇ
3009 4101 3290 4173 μονονουχὶ
3344 4104 3471 4164 ταῖς
3520 4102 3723 4159 οἰκείαις

2166 4181 2324 4252 χερσί
2372 4179 2463 4233 διά
2496 4179 2596 4250 τῆς
2621 4180 2828 4250 ἀφάτου
2877 4182 3081 4253 ταύτης
3119 4182 3392 4254 ῥᾳθυμίας
3424 4186 3506 4247 εἰς
3548 4182 3721 4250 ἔδαφος

2168 4264 2518 4333 κατάγουσιν,
2550 4265 2682 4335 ἡμῖν
2712 4266 2809 4335 μὲν
2843 4265 3045 4337 πολλὴν
3066 4268 3164 4337 τὴν
3199 4266 3444 4337 ἀθυμίαν
3495 4265 3721 4319 ἐντεῦθεν

2166 4349 2462 4413 τίκτοντες,
2514 4347 2728 4411 ἑαυτοῖς
2760 4348 2817 4402 δὲ
2865 4348 3121 4419 μέγιστον
3145 4350 3236 4405 τὸν
3265 4350 3490 4422 ὀλεθρον
3526 4352 3616 4404 καὶ
3637 4349 3721 4421 τὴν

2168 4432 2372 4503 ζημίαν
2407 4430 2697 4502 ἀφόρητον.

2241 4515 2307 4585 β’.
2330 4515 2482 4585 Τάχα
2504 4514 2868 4587 σφοδροτέραν
2887 4516 2985 4587 τὴν
3011 4518 3326 4588 ἐπιτίμησιν
3342 4519 3716 4592 ἐποιησάμεθα·

2167 4600 2289 4652 ὅσον
2323 4597 2422 4668 μὲν
2458 4599 2594 4669 πρὸς
2615 4598 2713 4668 τὴν
2736 4600 3009 4671 ἡμετέραν
3037 4601 3420 4672 φιλοστοργίαν
3456 4602 3721 4673 σφοδροτέ-

2172 4699 2271 4752 ραν
2292 4722 2306 4745 ,
2347 4682 2469 4734 ὅσον
2517 4681 2575 4734 δὲ
2604 4681 2741 4752 πρὸς
2767 4683 2827 4734 τὺ
2870 4684 3098 4753 μέγεθος
3144 4683 3236 4737 τοῦ
3268 4686 3720 4757 πλημμελήματος

2168 4766 2287 4819 οὐδὲ
2307 4766 2405 4836 τὴν
2432 4764 2608 4829 ἀξίαν.
2628 4764 2765 4818 Ἀλλ’
2792 4767 2939 4837 ὅμως
2965 4768 3150 4839 ἐπειδὴ
3178 4768 3367 4821 δεῖκαί
3387 4772 3499 4832 τοῖς
3526 4786 3721 4822 πεπτω-

2168 4848 2289 4902 κόσι
2313 4849 2472 4918 χεῖρα
2494 4846 2727 4918 ὀρέγειν,
2760 4851 2855 4902 καὶ
2888 4851 3017 4921 περὶ
3055 4852 3180 4915 τοὺς
3212 4852 3468 4905 τοσοῦτον
3505 4854 3719 4924 ἑρῥᾳθυ-

2171 4931 2416 5002 μηκότας
2445 4929 2544 5002 τὴν
2590 4930 2858 5003 πατρικὴν
2914 4933 3128 4987 εὔνοιαν
3177 4935 3567 5003 ἐπιδείξασθαι,
3617 4936 3720 4988 οὐδὲ

2167 5014 2337 5078 οὓτως
2357 5014 2776 5087 ἀπαγορεύομεν
2798 5017 2980 5081 αὐτοῖς
2997 5018 3097 5088 τὴν
3118 5021 3390 5090 σωτηρίαν
3413 5038 3428 5050 ·
3460 5021 3615 5091 μόνον
3637 5021 3720 5073 ἐὰν

2169 5099 2468 5171 βουληθῶσι
2505 5100 2702 5171 μηκέτι
2727 5104 2837 5164 τοῖς
2863 5103 3046 5163 αὐτοῖς
3063 5104 3222 5157 πάλιν
3247 5108 3581 5175 περιπεσεῖν,
3601 5102 3719 5156 ἀλλὰ

2170 5184 2329 5254 μέχρι
2360 5186 2547 5236 τούτου
2578 5184 2773 5254 στῆσαι
2798 5185 2865 5237 τὰ
2892 5186 2989 5257 τῆς
3011 5184 3301 5257 ῥᾳθυμίας,
3320 5189 3411 5240 καὶ
3433 5185 3720 5259 ἀπαγορεῦ-

2167 5284 2256 5320 σαι
2285 5269 2496 5329 ἑαυτοῖς
2516 5268 2615 5337 τὴν
2641 5268 2734 5320 ἐπὶ
2762 5268 2862 5332 τὰς
2893 5270 3252 5341 ἱπποδρομίας
3282 5272 3487 5336 ἄνοδον,
3512 5272 3603 5326 καὶ
3627 5272 3716 5322 πά·

2166 5368 2266 5404 σαν
2288 5351 2386 5421 τὴν
2407 5351 2662 5420 τοιαύτην
2691 5353 2987 5423 σατανικὴν
3015 5353 3266 5423 θεωρίαν.

2233 5434 2509 5504 Δεσπότην
2546 5433 2655 5505 γάρ
2686 5434 2887 5505 ἔχομεν
2941 5436 3321 5507 φιλάνθρωπον
3381 5439 3480 5493 καὶ
3529 5439 3714 5511 ἡμερῶν

2229 5664 2257 5703 b
2285 5661 2417 5711 Unus
2434 5663 2612 5713 πολλοῦ
2637 5667 2807 5726 κόπου,
2828 5666 2955 5717 alius
2974 5668 3151 5719 πολλοῦ
3172 5670 3334 5730 τόνου,
