4030 6136
360 348 493 403 10:15

359 466 635 527 postquam
661 457 863 512 liberali
891 473 1049 514 manu
1078 459 1278 513 semina
1301 459 1438 514 sinui
1475 470 1630 514 terra:
1645 461 1930 524 commisit,

355 562 528 616 neque
568 547 784 618 dignum
831 549 1099 603 laboribus
1123 565 1344 617 germen
1369 549 1510 603 videt
1552 550 1794 615 exoriri,
1827 565 1930 604 non

353 639 538 692 eadem
566 654 685 692 cum
733 640 896 695 animi
936 640 1210 694 alacritate
1257 641 1631 708 agriculturam
1674 651 1931 695 exercet:

351 731 602 796 quoniam
633 744 756 797 spes
780 730 1039 784 ubertatis
1060 730 1268 799 frugum
1301 746 1514 800 semper
1541 732 1834 786 molestiam
1860 730 1934 784 la-

352 821 540 874 borum
594 821 880 876 imminuit.
907 822 1028 876 Pari
1077 823 1282 878 ratione
1319 838 1416 877 nos
1459 837 1668 893 quoque
1713 823 1932 878 multum

352 910 495 966 hunc
525 911 750 966 docendi
780 911 1016 967 laborem
1043 927 1198 982 aequo
1217 912 1397 966 animo
1425 912 1686 968 ferremus
1716 955 1730 980 ,
1762 914 1806 967 si
1838 929 1934 967 nos

350 1001 624 1071 quidpiam
654 1003 942 1071 profecisse
962 1005 1329 1059 cohortatione
1358 1013 1536 1060 nostra
1566 1004 1934 1059 didicissemus

351 1092 419 1146 ad
449 1094 732 1150 utilitatem
759 1104 990 1150 vestram
1032 1095 1449 1165 promovendam
1481 1113 1493 1148 :
1517 1094 1626 1164 jam
1656 1110 1785 1150 vero
1811 1109 1931 1149 cum

353 1188 745 1256 conspiciamus
771 1187 910 1257 quod
939 1196 1058 1256 post
1082 1197 1186 1241 tam
1214 1189 1405 1242 multas
1423 1187 1818 1242 cohortationes
1839 1200 1934 1239 no-

352 1286 514 1344 stras,
546 1287 663 1346 post
689 1287 793 1333 tam
824 1279 1016 1333 multas
1045 1279 1434 1335 admonitiones
1459 1293 1512 1333 et
1537 1278 1930 1348 castigationes,

354 1369 552 1437 (neque
573 1371 715 1424 enim
740 1372 1066 1426 cessavimus
1086 1371 1236 1426 vobis
1270 1371 1322 1426 in
1350 1371 1660 1426 memoriam
1682 1385 1934 1426 revocare

356 1461 686 1516 tremendum
731 1463 861 1517 illud
892 1463 1121 1517 tribunal
1147 1505 1162 1526 ,
1192 1463 1523 1519 inevitabiles
1562 1463 1681 1518 illas
1709 1477 1891 1532 pennas
1912 1503 1928 1527 ,

356 1547 528 1617 ignem
561 1550 706 1604 illum
731 1593 746 1618 ,
775 1552 863 1622 qui
889 1567 1174 1623 numquam
1202 1553 1554 1622 exstinguitur
1573 1594 1586 1618 ,
1617 1562 1672 1608 et
1697 1566 1932 1607 vermem

356 1639 444 1707 qui
470 1655 757 1709 numquam
785 1643 1024 1709 moritur,
1058 1658 1242 1697 eorum
1270 1643 1556 1707 nonnullis,
1587 1643 1676 1712 qui
1698 1643 1812 1697 haec
1834 1657 1933 1694 au-

355 1727 507 1783 diunt
530 1770 546 1793 ,
579 1731 710 1800 (non
756 1732 984 1786 enitn‘in
1013 1747 1200 1788 omnes
1236 1734 1550 1788 sententiam
1590 1732 1739 1799 fero,
1770 1733 1933 1800 absit)

355 1819 545 1875 borum
576 1824 809 1877 otnnium
837 1825 1033 1892 oblitis,
1062 1842 1244 1882 rursus
1272 1828 1346 1882 illi
1372 1828 1608 1882 satanico
1633 1842 1689 1882 se
1711 1826 1932 1882 Circen-

355 1914 489 1968 sium
518 1918 821 1984 spectaculo
845 1918 1126 1984 dederunt,
1157 1935 1260 1989 qua
1289 1919 1500 1974 tandem
1539 1919 1934 1989 exspectatione

355 2003 532 2060 laetati
580 2007 869 2063 redibintus
917 2009 984 2063 ad
1021 2010 1237 2064 eosdem
1283 2010 1534 2076 labores,
1563 2018 1619 2064 et
1664 2009 1800 2063 hanc
1829 2009 1934 2063 illis

355 2094 650 2152 doctrinam
692 2098 1019 2167 spiritualem
1060 2115 1388 2170 apponemus
1412 2142 1427 2166 ,
1453 2115 1574 2155 cum
1608 2100 1808 2154 nullum
1840 2114 1934 2154 eos

356 2187 480 2242 inde
509 2188 734 2244 fructum
765 2191 1066 2260 percepisse
1092 2191 1366 2246 videamus
1395 2233 1410 2256 ,
1442 2191 1536 2246 sed
1563 2190 1930 2245 consuetudini

353 2277 561 2332 cuidam
589 2289 788 2335 temere
812 2281 1166 2352 obsequentes
1189 2297 1310 2336 cum
1335 2281 1611 2351 applausn,
1640 2297 1758 2351 quae
1782 2281 1930 2336 dice;

355 2367 548 2423 bantur
590 2385 620 2424 a
667 2370 1154 2442 nobis,excepisse
1190 2373 1446 2444 nobisque
1495 2373 1932 2443 significationem

355 2458 569 2514 dedisse
611 2461 894 2529 voluptatis
920 2462 1035 2531 ejus
1063 2479 1221 2533 quam
1261 2479 1325 2518 ex
1367 2465 1564 2521 nostris
1599 2463 1934 2517 sermonibus

355 2549 669 2617 capiebant,
697 2565 761 2606 ac
807 2551 999 2606 deinde
1046 2568 1229 2607 rursus
1272 2553 1338 2606 ad
1379 2552 1588 2607 Circum
1613 2566 1930 2617 accurrere,

355 2640 646 2712 majorique
673 2657 794 2697 cum
818 2644 1094 2714 applausu,
1117 2654 1170 2699 et
1194 2644 1447 2699 effrenata
1473 2644 1699 2714 quadam
1729 2645 1933 2700 insania

355 2738 595 2792 cursibus
622 2740 936 2808 agitatorum
965 2739 1142 2796 favere
1166 2781 1180 2807 ,
1209 2754 1415 2794 summa
1439 2740 1778 2793 contentione
1811 2753 1931 2792 cum

355 2833 458 2886 illis
487 2847 804 2887 concurrere
831 2875 846 2897 ,
875 2842 928 2886 et
972 2832 1109 2886 inter
1146 2846 1205 2887 se
1247 2830 1550 2902 frequenter
1588 2831 1793 2885 velitari
1827 2871 1842 2896 ,
1871 2845 1934 2884 ac

355 2922 553 2989 dicere,
588 2941 746 2977 unutn
775 2924 988 2993 quidem
1017 2939 1080 2978 ex
1113 2925 1263 2994 equis
1290 2940 1393 2978 non
1421 2933 1566 2979 recte
1588 2924 1887 2979 cucurrisse
1916 2964 1930 2988 ,

355 3014 580 3068 altermn
611 3030 737 3069 vero
767 3016 1158 3084 supplantatum
1187 3031 1308 3070 esse
1336 3017 1638 3084 prolapsum
1665 3056 1679 3077 ,
1711 3024 1765 3069 et
1793 3015 1935 3066 ltunc

356 3105 569 3174 quidem
612 3107 684 3160 illi
718 3107 960 3176 agitatori
990 3123 1049 3162 se
1074 3108 1381 3177 adjungere,
1414 3109 1560 3161 illum
1582 3123 1712 3161 vero
1737 3107 1888 3162 alteri
1917 3149 1930 3168 ,

356 3211 456 3249 nec
484 3181 702 3264 usquam
733 3211 825 3250 eos
855 3207 1035 3252 mente
1061 3212 1274 3251 versare
1292 3238 1307 3262 ,
1335 3197 1417 3250 vel
1443 3197 1710 3252 recordari
1740 3198 1932 3251 verbo-

356 3301 473 3340 rum
501 3296 827 3354 nostrorum,
858 3303 1029 3357 neque
1050 3288 1401 3357 spiritualium
1429 3288 1936 3356 tremendorumque

358 3378 730 3448 mysteriorum
757 3393 875 3447 qua:
905 3379 990 3431 hic
1025 3379 1359 3433 celebrantur
1381 3421 1395 3445 ,
1427 3379 1520 3433 sed
1555 3381 1702 3449 quasi
1743 3380 1935 3434 diaboli

359 3469 561 3538 laqueis
579 3468 772 3538 captivi
804 3479 1100 3533 teneantur,
1131 3471 1236 3524 illic
1260 3478 1397 3523 totos
1419 3469 1533 3524 dies
1556 3470 1852 3530 traducere,
1885 3481 1941 3524 et

357 3559 610 3614 satanicis
633 3560 950 3627 spectaculis
972 3574 1030 3614 se
1049 3560 1266 3626 dedere,
1297 3575 1463 3631 seque
1488 3560 1687 3616 Judaeis
1712 3577 1773 3616 ac
1793 3561 1937 3617 Gen-

359 3651 538 3706 tilibus
559 3652 856 3720 opprobriis
881 3651 1179 3706 obruendos
1199 3667 1486 3722 exponere,
1511 3652 1719 3722 illisque
1745 3655 1830 3722 qui
1855 3669 1940 3706 re-

359 3741 459 3796 bus
480 3743 675 3795 nostris
695 3741 956 3796 voluerint
975 3743 1312 3797 obtrectare?

433 3831 475 3883 Α
505 3832 806 3901 spectaculis
832 3833 1059 3901 profanis
1084 3843 1279 3886 avocat.
1306 3863 1376 3873 -—
1399 3832 1529 3900 Quis
1551 3847 1697 3903 ergo,
1731 3837 1938 3889 tametsi

363 3921 522 3977 fuerit
563 3924 720 3993 plane
762 3936 955 3978 saxeus
975 3965 991 3990 ,
1019 3932 1112 3977 aut
1141 3925 1384 3990 stupidus
1407 3966 1420 3986 ,
1451 3925 1554 3980 hoc
1595 3925 1711 3979 sine
1755 3925 1940 3979 dolore

365 4013 505 4068 ferre
535 4016 722 4083 poterit
747 4056 762 4079 ,
794 4015 988 4069 nedum
1018 4029 1135 4078 nos,
1163 4015 1252 4084 qui
1281 4030 1406 4085 erga
1433 4029 1529 4068 vos
1552 4030 1738 4069 omnes
1761 4025 1940 4085 pater-

365 4119 491 4158 num
532 4104 781 4160 allectum
830 4105 1082 4162 exhibere
1133 4107 1747 4170 contendimus?Neque
1799 4108 1940 4161 enim

367 4194 470 4248 boc
511 4195 683 4248 solum
731 4204 813 4250 est
839 4237 855 4262 ,
895 4197 1034 4266 quod
1084 4197 1236 4251 nobis
1275 4196 1512 4252 dolorem
1555 4197 1756 4264 inurit,
1802 4197 1940 4267 quod

364 4289 604 4344 inutilem
646 4297 883 4343 nostrum
915 4290 1146 4344 laborem
1194 4289 1570 4355 reddatis,sed
1613 4292 1780 4344 multo
1833 4305 1942 4344 ma-

364 4380 447 4449 gis
491 4381 692 4449 tangit,
739 4395 862 4434 cum
907 4381 1059 4433 nobis
1107 4381 1250 4435 venit
1299 4381 1350 4433 in
1387 4391 1619 4436 mentem
1671 4397 1806 4448 eos,
1855 4383 1942 4450 qui

367 4475 483 4528 haec
516 4472 742 4538 faciunt,
775 4472 1076 4542 graviorem
1105 4473 1202 4525 sibi
1226 4472 1617 4527 damnationem
1648 4489 1942 4528 accersere.

365 4566 475 4620 Nos
499 4565 639 4619 enim
667 4566 907 4619 laborum
935 4564 1236 4619 mercedem
1255 4580 1282 4617 a
1302 4565 1526 4620 Domino
1541 4576 1942 4634 exsliectamus:

367 4656 617 4725 quoniam
646 4655 696 4710 id
724 4656 862 4726 quod
893 4655 1062 4710 nostri
1090 4656 1326 4709 muneris
1347 4655 1461 4718 fuit,
1486 4655 1825 4724 perfecimus,
1852 4672 1946 4726 pe-

367 4747 577 4802 cuniam
619 4747 1001 4816 expendimus,
1025 4756 1077 4799 et
1105 4747 1362 4801 creditum
1389 4747 1538 4801 nobis
1561 4748 1809 4801 talentum
1834 4748 1948 4802 dis-

370 4838 685 4902 tribuimus,
715 4839 845 4892 nihil
891 4853 1076 4893 eorum
1122 4853 1239 4907 qua:
1297 4848 1595 4892 nostrarum
1638 4848 1792 4893 erant
1828 4854 1949 4908 par-

370 4930 500 4984 tium
543 4929 1011 4997 prmtermisimus;
1042 4928 1132 4998 qui
1162 4940 1292 4983 vero
1319 4929 1622 4996 spirituales
1656 4929 1750 4982 has
1791 4944 1951 4998 pecu-

369 5023 484 5076 nias
500 5031 836 5090 aecepcrunt,
850 5036 1028 5090 quam,
1043 5021 1641 5090 quaeso,excusationem
1659 5020 1947 5085 habebunt,

370 5127 528 5180 quam
556 5113 785 5176 veniam,
807 5126 928 5165 cum
957 5125 1060 5164 non
1091 5110 1194 5164 illae
1217 5119 1418 5164 tantum
1443 5110 1510 5164 ab
1531 5111 1610 5164 eis
1639 5111 1913 5179 cxigentur
1931 5152 1948 5175 ,

369 5205 464 5259 sed
494 5205 654 5257 etiam
681 5212 917 5272 qumstus
939 5202 1186 5256 illarum?
1208 5201 1410 5269 Quibus
1435 5202 1604 5256 oculis
1623 5201 1854 5268 judicem
1879 5204 1952 5255 in-

375 5297 697 5353 tuebuntur?
716 5297 831 5364 Quo
852 5305 1004 5364 pacto
1027 5294 1409 5350 formidabilem
1430 5296 1575 5348 illum
1596 5295 1734 5350 diem
1759 5295 1948 5363 ferent,

374 5387 709 5445 intoleranda
758 5386 1062 5442 tormenta?
1108 5385 1243 5440 Num
1297 5387 1436 5441 enim
1491 5386 1558 5440 ad
1606 5387 1952 5457 ignorantiam

369 5479 662 5548 confugere
701 5477 990 5547 poterunt?
1014 5476 1260 5544 Quotidie
1290 5477 1636 5532 inclamamus
1655 5518 1671 5542 ,
1694 5476 1951 5531 admone-

375 5585 513 5634 mus,
541 5569 905 5636 cohortamur,
936 5568 1134 5624 fraudis
1164 5566 1451 5639 perniciem
1484 5566 1798 5632 indicamus,
1829 5582 1952 5634 gra-

374 5665 590 5718 vitatem
619 5662 820 5725 damni,
850 5659 1068 5715 satanici
1095 5669 1390 5715 conventus
1418 5657 1618 5722 dolum,
1650 5672 1747 5712 nec
1779 5665 1952 5710 tamen

376 5758 445 5811 ita
489 5753 755 5825 potuimus
780 5765 1138 5808 commovere.
1165 5749 1300 5818 Quid
1331 5749 1448 5806 dico
1481 5748 1624 5804 diem
1664 5748 1809 5804 illum
1839 5747 1948 5802 for-

1593 349 1679 404 DE
1716 345 1989 403 LAZARO
2023 345 2268 402 CONCIO
2309 346 2418 405 VII.

3488 349 3622 404 ωω

2047 462 2390 518 midabilent?
2421 463 2634 518 Interim
2673 464 2741 520 de
2789 464 2943 534 hujus
2983 465 3104 518 vita:
3134 464 3291 519 rebus
3321 479 3621 522 sermonem

2044 553 2399 607 instituamus.
2431 555 2547 620 Quo
2574 562 2763 622 pacto,
2791 567 3004 622 quaeso,
3037 563 3323 622 poterunt,
3356 555 3444 624 qui
3475 565 3616 610 sata-

2042 644 2160 697 nico
2192 643 2264 698 illi
2295 647 2600 714 spectaculo
2627 647 2910 703 intersunt.
2934 646 3037 700 huc
3063 645 3393 701 confidenter
3417 649 3615 715 venire,

2040 749 2160 788 cum
2191 750 2251 790 se
2276 735 2341 789 ab
2363 736 2668 805 insurgente
2695 751 2757 790 ac
2775 737 3117 791 vehementer
3138 737 3464 792 reclamante
3493 751 3621 791 con-

2040 826 2260 879 scientia
2297 840 2389 880 sua
2416 827 2644 881 sentiant
2669 827 3049 882 condemnari?
3069 828 3258 880 Annon
3291 828 3511 882 audiunt
3533 828 3618 882 isti

2038 914 2248 969 beatum
2281 915 2810 981 Paulum,doctorem
2845 917 2989 970 orbis
3017 927 3276 972 terrarum
3307 917 3573 972 dicentem
3605 936 3617 970 :

2042 1005 2168 1071 ρυω
2191 1008 2400 1061 societas
2430 1007 2530 1060 luci
2565 1008 2632 1060 ad
2675 1008 2918 1071 tenebras,
2949 1016 3035 1060 aut
3061 1017 3171 1077 qui?
3195 1024 3313 1077 pars
3343 1009 3483 1075 ﬁdeli
3505 1025 3619 1061 cum

2036 1096 2232 1164 inﬁdeli
2261 1096 2335 1167 (2.
2365 1096 2481 1151 Cor.
2513 1096 2563 1152 6.
2597 1097 2728 1167 ‘14)?
2752 1098 2955 1165 Quanta
2994 1099 3136 1152 enim
3170 1097 3618 1154 condcmnatioue

2037 1185 2250 1257 dignum
2291 1187 2614 1244 censendmn
2659 1197 2740 1242 cst
2761 1229 2776 1254 ,
2803 1203 2924 1242 cum
2957 1189 3158 1254 fidelis,
3187 1190 3275 1258 qui
3307 1205 3519 1258 precum
3564 1199 3619 1243 et

2039 1277 2431 1332 tremendorum
2478 1279 2849 1350 mysteriorum
2879 1294 2997 1349 quae
3024 1277 3111 1332 hic
3149 1279 3521 1344 celebrantur,
3553 1294 3616 1331 ac

2037 1368 2324 1436 spiritualis
2365 1369 2621 1424 doctrina:
2660 1370 2928 1439 particeps
2965 1368 3156 1432 fuerit,
3185 1378 3305 1438 post
3333 1369 3488 1439 hujus
3513 1369 3616 1423 loci

2038 1460 2352 1516 sacrificium
2380 1462 2617 1517 satanieo
2652 1462 2728 1516 illi
2767 1463 3070 1532 spectaculo
3096 1477 3215 1516 cum
3254 1461 3452 1517 infideli
3481 1465 3584 1515 assi
3603 1490 3618 1500 -

2037 1549 2193 1619 deat,
2218 1566 2338 1606 cum
2376 1567 2444 1607 eo
2485 1553 2572 1622 qui
2621 1553 2672 1607 in
2704 1553 2936 1608 tenebris
2975 1553 3258 1622 impietatis
3295 1553 3541 1616 aberrat,
3573 1553 3618 1608 is

2034 1641 2125 1708 qui
2147 1641 2273 1694 solis
2292 1640 2510 1710 justitiae
2530 1641 2689 1696 fuerit
2713 1642 2876 1696 radiis
2901 1643 3226 1696 illustratus?
3253 1643 3364 1708 Qua
3388 1644 3612 1705 ratione,

2036 1743 2218 1798 qumso
2237 1771 2250 1795 ,
2282 1731 2533 1802 deinceps
2561 1735 2852 1801 poterimus
2880 1732 3173 1788 Gentilibus
3204 1742 3293 1786 aut
3320 1732 3518 1788 Judwis
3555 1749 3618 1788 os

2038 1820 2323 1877 obturare?
2347 1822 2459 1890 Qua
2491 1824 2698 1878 ratione
2737 1824 2986 1878 inducere
3026 1824 3314 1878 valebimus
3339 1865 3354 1887 ,
3383 1839 3445 1878 ac
3490 1839 3614 1894 per-

2038 1913 2260 1968 suadere
2284 1953 2300 1980 ,
2325 1923 2382 1966 ut
2407 1913 2472 1968 ad
2500 1915 2707 1984 pietatis
2736 1924 2912 1982 partes
2933 1923 3202 1970 transeant
3224 1956 3237 1975 ,
3266 1930 3385 1968 cum
3413 1928 3507 1969 eos
3536 1914 3616 1967 vi—

2035 2005 2195 2060 deant
2218 2046 2233 2071 ,
2260 2005 2350 2076 qui
2375 2016 2515 2061 stant
2543 2023 2571 2060 a
2605 2006 2756 2061 nobis
2779 2049 2792 2070 ,
2823 2007 2873 2060 iu
2907 2007 3213 2074 perniciosis
3240 2006 3342 2061 illis
3365 2006 3617 2075 omnique

2035 2096 2271 2149 sordium
2298 2112 2490 2165 genere
2516 2095 2933 2150 redundantibus
2963 2097 3180 2149 theatris
3198 2111 3318 2150 cum
3345 2095 3448 2149 illis
3469 2110 3615 2150 com-

2036 2185 2266 2240 misceri.
2295 2186 2401 2240 Cur
2422 2186 2561 2241 enim
2587 2226 2600 2248 ,
2626 2200 2835 2256 quaeso,
2870 2195 3142 2255 postquam
3177 2186 3277 2239 huc
3307 2181 3496 2239 venisti
3522 2226 3537 2250 ,
3565 2194 3621 2236 et

2034 2277 2270 2330 animum
2309 2276 2608 2345 expurgasti
2634 2317 2649 2342 ,
2682 2286 3019 2345 mentemque
3066 2274 3130 2327 ad
3180 2274 3522 2328 sobrietatem
3565 2283 3619 2326 et

2036 2368 2405 2422 contritionem
2451 2368 2702 2421 induxisti
2735 2409 2750 2433 ,
2783 2383 2966 2422 rursus
3006 2368 3130 2421 illuc
3180 2367 3363 2422 abiens
3393 2367 3614 2435 teipsum

2036 2459 2405 2514 contaminas?
2431 2458 2545 2512 Non
2575 2459 2726 2512 audis
2765 2459 3059 2528 sapientem
3105 2457 3386 2528 quemdam
3429 2457 3614 2511 dicen-

2037 2560 2143 2604 tem
2170 2569 2182 2603 :
2211 2549 2354 2606 Unus
2374 2551 2655 2618 aedificanti,
2675 2559 2719 2603 et
2743 2566 2872 2603 unus
2894 2549 3177 2614 destruens,
3200 2548 3320 2618 quid
3347 2548 3618 2617 proﬁciunt

2034 2643 2198 2710 aliud,
2215 2659 2364 2713 quam
2393 2642 2586 2698 labores
2610 2642 2794 2712 (Ereti.
2819 2643 2907 2697 54.
2934 2641 3132 2714 28)¹ἒ1ι1
3161 2655 3285 2695 vero
3303 2655 3441 2694 nunc
3460 2640 3618 2694 etiam

2037 2735 2114 2790 fit.
2146 2735 2276 2790 Cum
2305 2736 2445 2790 enim
2478 2750 2538 2788 ea
2585 2751 2700 2804 qua:
2735 2749 2764 2787 a
2807 2736 2960 2788 nobis
3004 2734 3086 2787 hic
3127 2731 3385 2786 mdiﬁcata
3416 2732 3620 2785 fuerant

2037 2843 2131 2898 per
2151 2829 2441 2883 doctrinam
2465 2829 2750 2893 assiduam,
2774 2837 2828 2881 et
2853 2826 3176 2896 spiritualem
3209 2825 3346 2878 hanc
3371 2823 3617 2877 admoni-

2039 2923 2234 2974 tionem
2261 2961 2274 2983 ,
2302 2920 2578 2975 confestim
2615 2920 2737 2972 illuc
2765 2919 2948 2972 abiens
2977 2919 3152 2970 omnia
3178 2915 3447 2977 destruas,
3481 2923 3535 2967 et
3567 2912 3617 2965 in

2041 3012 2417 3081 pavimentum,
2443 3020 2499 3063 ut
2529 3011 2593 3061 ita
2623 3009 2821 3077 loquar,
2855 3008 3092 3074 abjicias,
3115 3005 3239 3074 quid
3263 3005 3413 3057 nobis
3431 3003 3622 3071 prode~

2038 3103 2139 3169 rit,
2169 3102 2212 3155 si
2252 3116 2436 3155 rursus
2478 3100 2756 3153 :rdilicium
2797 3100 3182 3160 instauremus,
3211 3105 3264 3150 et
3293 3111 3386 3148 vos
3431 3095 3617 3146 ἰιιιτιιίη

2039 3193 2358 3248 destruatis?
2383 3192 2511 3258 Quis
2555 3208 2659 3244 non
2711 3205 2930 3244 summa;
2970 3188 3250 3242 dementia:
3283 3189 3382 3242 hoc
3421 3186 3622 3240 facinus

2041 3285 2233 3339 dixerit
2257 3298 2319 3338 ac
2345 3283 2575 3336 furoris?
2604 3283 2693 3335 Dic
2722 3281 2862 3335 enim
2889 3323 2903 3345 ,
2932 3293 3112 3348 quaeso
3131 3321 3146 3346 ,
3173 3279 3216 3331 si
3248 3279 3299 3331 in
3339 3277 3620 3331 sensilibus

2043 3378 2157 3432 istis
2183 3376 2420 3431 aedificiis
2440 3417 2455 3444 ,
2483 3392 2599 3445 quae
2620 3391 2682 3429 ex
2712 3374 2973 3444 lapidibus
2999 3381 3395 3434 construuntur,
3428 3388 3615 3442 quem-

2043 3469 2180 3537 piam
2211 3483 2458 3522 cerncres
2489 3466 2590 3520 hoc
2610 3473 2850 3536 agentem
2876 3481 2887 3518 :
2913 3479 3087 3519 nonne
3108 3479 3230 3518 eum
3257 3472 3521 3532 tamquam
3543 3463 3620 3513 fu-

2043 3562 2239 3614 riosum
2259 3559 2557 3624 intuereris,
2578 3569 2664 3612 aut
2693 3559 2882 3611 frustra
2913 3557 3244 3612 etiucassum
3268 3555 3620 3615 laborantem,

2041 3660 2096 3704 et
2133 3652 2308 3704 omnia
2348 3664 2442 3703 sua
2482 3650 2534 3703 in
2565 3664 2652 3703 res
2681 3649 2892 3703 inutiles
2915 3647 3340 3716 expendentcm?
3367 3647 3480 3699 Pari
3533 3663 3621 3699 ra-

2045 3747 2186 3798 tione
2232 3743 2301 3797 dc
2345 3743 2448 3796 hoc
2486 3741 2742 3812 spirituali
2792 3739 3018 3795 aedilicio
3063 3739 3418 3804 ratiocinare,
3451 3734 3624 3808 ‘atquc

2041 3834 2281 3888 eamdem
2313 3832 2391 3886 fer
2415 3833 2748 3887 sententiam.
2781 3830 2939 3893 Ecce,
2969 3844 3064 3884 nos
3089 3827 3320 3900 quidem,
3346 3839 3622 3899 postquam

2046 3925 2096 3978 id
2129 3923 2280 3978 nobis
2303 3922 2537 3975 muneris
2567 3937 2593 3973 a
2623 3920 2787 3989 gratia
2816 3919 2991 3972 divina
3020 3918 3249 3972 delatum
3276 3928 3376 3982 est,
3401 3919 3622 3988 singulis

2044 4013 2232 4068 diebus
2259 4011 2534 4082 spirituale
2559 4009 2660 4062 hoc
2683 4008 2959 4062 mdilicium
2986 4007 3035 4060 in
3058 4007 3220 4060 altum
3252 4007 3503 4076 erigimus
3524 4047 3541 4072 ,
3567 4019 3622 4058 et

2046 4119 2140 4159 vos
2182 4103 2246 4156 ad
2295 4102 2502 4156 virtutis
2544 4098 2837 4153 doctrinam
2891 4095 3178 4166 provehere
3221 4096 3493 4150 studemus
3527 4113 3538 4147 :
3572 4105 3628 4149 at

2047 4194 2284 4250 nonnulli
2332 4192 2421 4262 qui
2459 4191 2560 4244 huc
2604 4197 2962 4252 concurrunt,
2989 4186 3268 4240 mdificium
3311 4185 3478 4239 tnulto
3503 4202 3622 4239 eum

2049 4288 2229 4342 labore
2255 4297 2462 4338 auctmu
2501 4298 2606 4336 uno
2636 4280 2887 4349 temporis
2913 4287 3183 4333 momento
3203 4278 3315 4332 suis
3342 4292 3626 4346 propemo-

2048 4377 2171 4432 dum
2200 4375 2441 4430 manibus
2473 4390 2570 4444 per
2594 4386 2852 4426 summam
2894 4369 3031 4424 hanc
3079 4368 3333 4422 desidiam
3383 4369 3430 4420 in
3479 4367 3627 4435 pavi-

2049 4478 2287 4524 mentum
2330 4467 2616 4535 dcjiciunt,
2648 4474 2701 4518 et
2744 4464 2896 4517 nobis
2935 4461 3146 4532 quidem
3188 4462 3454 4531 ingentem
3506 4459 3629 4513 inde

2052 4561 2315 4614 tristitiam
2351 4559 2557 4627 pariunt
2587 4597 2602 4622 ,
2629 4556 2733 4610 sibi
2764 4571 2890 4608 vero
2926 4553 3212 4622 perniciem
3242 4561 3533 4607 extremam
3577 4561 3627 4604 et

2053 4649 2385 4706 intolerabile
2409 4649 2657 4704 damnum
2689 4646 3026 4700 contralmnt.

2119 4743 2174 4797 2.
2204 4743 2486 4811 ASperiore
2512 4739 2735 4793 fortasse
2761 4737 3178 4806 reprehensione
3213 4736 3293 4789 usi
3326 4749 3509 4788 sumus
3543 4751 3554 4784 :
3586 4733 3630 4783 si

2052 4841 2324 4902 spectetur
2367 4831 2579 4901 quidem
2627 4839 2878 4899 paternus
2925 4827 3011 4880 hic
3049 4841 3200 4878 amor
3237 4832 3436 4886 noster,
3479 4836 3632 4890 aspe:

2055 4928 2230 4989 riore;
2260 4925 2340 4978 sin
2373 4930 2546 4976 autem
2570 4921 2800 4990 gravitas
2820 4917 2997 4972 delicti
3019 4923 3306 4984 Spectctur,
3332 4927 3398 4966 ne
3418 4910 3632 4980 quidem

2055 5016 2385 5085 satisdigna.
2431 5015 2802 5067 Verumtamen
2845 5009 3093 5078 quoniam
3131 5007 3292 5075 lapsis
3339 5017 3527 5057 manus
3550 5011 3631 5055 est

2057 5107 2391 5177 porrigenda,
2421 5116 2578 5176 atque
2603 5119 2724 5173 erga
2769 5102 2885 5155 illos
2911 5101 2999 5169 qui
3027 5108 3130 5153 tam
3160 5097 3487 5166 negligentes
3520 5093 3634 5147 fue-

2056 5207 2201 5265 runt,
2232 5206 2445 5266 paterna
2475 5194 2772 5250 exhibenda
2801 5201 2883 5247 est
2907 5189 3297 5254 benevolentia,
3322 5201 3390 5242 ne
3424 5190 3500 5240 sic
3521 5187 3635 5255 qui-

2056 5291 2176 5347 dem
2225 5291 2292 5345 de
2331 5291 2540 5344 illorum
2581 5289 2752 5341 salute
2795 5285 3163 5354 desperamus,
3195 5277 3482 5334 dummodo
3529 5294 3635 5332 non

2057 5382 2283 5451 amplius
2314 5383 2367 5434 in
2398 5379 2582 5434 eadem
2615 5377 2778 5431 velint
2805 5375 3063 5438 recidere,
3087 5371 3182 5427 sed
3204 5371 3307 5424 huc
3327 5383 3494 5437 usque
3524 5377 3637 5421 tau.

2059 5483 2169 5528 tum
2217 5471 2547 5542 negligentia:
2590 5483 2700 5522 sua:
2741 5466 3031 5536 indulgere,
3074 5462 3278 5531 sibique
3327 5460 3453 5530 ipsis
3495 5459 3638 5513 aditu

2058 5562 2387 5617 Circensium
2419 5570 2474 5616 et
2506 5559 2678 5613 omnis
2704 5555 2962 5627 ejusmodi
2990 5552 3208 5608 satanici
3234 5550 3523 5622 spectaculi
3555 5549 3637 5603 in-

2063 5657 2341 5711 terdicant.

2132 5745 2388 5814 Confessio
2417 5751 2750 5812 peccatorum.
2788 5738 3076 5808 Benignum
3111 5735 3269 5801 enim,
3292 5736 3632 5798 clementem,
