4030 6136
459 285 592 341 1047

456 415 520 454 ae
570 395 844 464 providum
893 394 1148 448 habemus
1194 393 1494 454 Dominum,
1543 390 1634 463 qui
1670 404 1793 445 cum
1829 394 2031 442 natura:

451 493 659 543 nostrae
695 484 901 539 noverit
948 482 1383 545 imbecillitatem,
1419 479 1507 534 ubi
1552 477 1865 549 negligentia
1908 489 2033 545 sup-

455 577 673 647 plantati
701 577 752 629 in
777 583 1047 643 peccatum
1067 573 1277 643 aliquod
1302 571 1528 643 prolapsi
1561 568 1835 631 fuerimus,
1867 580 2028 621 unum

458 669 507 721 id
538 666 709 722 solum
736 681 767 720 a
812 665 965 720 nobis
995 665 1234 735 requirit,
1282 673 1339 718 ut
1381 680 1449 718 ne
1483 663 1847 733 desperemus,
1877 657 1969 715 sed
1999 672 2028 712 a

454 769 675 828 peccato
703 759 1020 819 resiliamus.
1060 766 1112 811 et
1138 756 1204 810 ad
1233 755 1621 810 confessionem
1661 763 2025 822 properemus.

456 848 609 916 Quod
635 849 678 904 si
702 847 804 904 hoc
832 848 1103 913 faciamus,
1131 849 1237 901 cito
1269 862 1328 902 se
1371 848 1578 901 veniam
1605 844 1849 899 daturum
1881 842 2032 912 polli-

454 949 607 995 cetur
634 957 648 993 :
680 940 793 1009 ipse
820 940 959 994 enim
989 948 1071 993 est
1106 939 1196 1008 qui
1225 939 1351 993 dicit
1398 955 1412 991 :
1448 937 1707 1006 Numquid
1746 935 1832 1004 qui
1871 933 2024 996 cadit,

456 1049 556 1086 non
584 1032 818 1101 resurgit,
846 1041 953 1094 aut,
980 1031 1067 1096 qui
1093 1029 1267 1084 avertit
1290 1045 1363 1094 se,
1388 1045 1485 1083 non
1507 1026 1781 1095 revertitur
1811 1024 1942 1095 (Jer.
1974 1024 2026 1078 8.

457 1114 547 1181 4)?
563 1113 687 1168 llaec
704 1115 860 1183 igitur
880 1129 1001 1168 cum
1019 1114 1265 1178 sciamus,
1289 1122 1393 1166 tam
1415 1112 1725 1166 clementem
1750 1108 2027 1162 Dominum

458 1219 524 1256 ne
544 1217 875 1272 spernamus,
898 1203 988 1257 sed
1012 1203 1219 1257 noxium
1240 1200 1673 1257 consuetudinem
1695 1211 2027 1267 superemus,

458 1310 630 1365 neque
651 1311 742 1364 per
759 1295 915 1349 latam
939 1304 1143 1366 portam
1167 1303 1220 1350 et
1239 1295 1522 1363 spatiosam
1549 1292 1683 1344 viam
1701 1289 2026 1352 inccdamus,

459 1394 616 1453 prout
636 1384 856 1439 audistis
886 1386 1042 1440 hodie
1078 1399 1411 1438 communem
1435 1381 1713 1436 Dominum
1734 1379 2030 1434 admonen-

463 1485 570 1531 tem
601 1477 652 1529 in
676 1473 989 1545 Evangelio,
1007 1485 1071 1524 ac
1090 1476 1351 1530 dicentem
1388 1492 1402 1529 :
1435 1472 1630 1526 Intrate
1652 1487 1745 1541 per
1764 1480 2030 1540 angustam

459 1577 676 1636 portam,
707 1568 826 1636 quia
853 1567 958 1622 lata
995 1578 1161 1637 porta,
1193 1577 1235 1622 et
1264 1567 1487 1638 spatiosa
1513 1566 1593 1619 via
1621 1574 1724 1631 est,
1750 1579 1862 1633 quw
1893 1562 2030 1614 ducit

459 1658 528 1711 ad
571 1660 919 1730 perditionem,
960 1669 1006 1713 et
1045 1661 1192 1713 multi
1232 1668 1371 1725 sunt,
1425 1658 1512 1727 qui
1561 1659 1752 1711 intrant
1794 1671 1881 1725 per
1918 1669 2029 1708 eam

452 1749 670 1819 ’(ΜηιιΙι.
702 1751 753 1803 7.
790 1748 898 1821 15).
930 1750 1064 1804 Dum
1094 1750 1244 1805 audis
1264 1749 1422 1804 latam
1444 1763 1564 1804 esse
1583 1756 1807 1817 portam,
1830 1754 1885 1800 et
1911 1758 2031 1812 spa-

459 1839 646 1893 tiosam
671 1840 828 1905 viam,
870 1855 936 1894 ne
965 1840 1242 1909 decipiaris
1291 1840 1345 1894 in
1379 1838 1639 1905 exordio,
1691 1853 1863 1907 neque
1904 1835 2029 1889 i!lnd

459 1942 687 2000 spectes,
716 1930 854 2000 quod
882 1931 1030 1985 mulli
1057 1931 1165 1986 sint
1190 1931 1276 2001 qui
1317 1946 1410 2000 per
1437 1945 1553 1984 eam
1576 1929 1774 1984 intrent
1805 1944 1819 1983 :
1846 1926 1939 1982 sed
1969 1924 2032 1981 il-

456 2021 545 2075 lud
573 2021 953 2089 animadverte,
996 2023 1046 2075 in
1089 2032 1365 2092 augustum
1393 2022 1534 2076 illam
1566 2023 1724 2076 linem
1762 2019 2026 2075 desinere.

455 2112 588 2167 lllud
638 2128 848 2184 quoque
901 2114 1190 2184 prudenter
1236 2113 1532 2179 considera,
1581 2126 1910 2182 nequaquam
1963 2111 2031 2165 de

457 2203 637 2256 seusili
681 2214 829 2273 porta
872 2204 1029 2258 verba
1079 2203 1213 2267 fieri,
1258 2203 1534 2274 neque‘de
1574 2204 1655 2257 via
1696 2201 2027 2273 simpliciter,

458 2293 551 2348 sed
582 2294 648 2348 de
675 2303 780 2348 tota
804 2295 905 2348 vita
941 2303 1141 2359 nostra,
1180 2293 1249 2349 de
1273 2294 1466 2349 virtute
1507 2308 1570 2348 ac
1619 2294 1748 2348 vitio
1790 2292 2032 2346 admoni-

456 2386 657 2441 tionem
688 2400 826 2440 esse.
861 2386 1082 2454 Propter
1106 2400 1170 2441 ea
1195 2400 1405 2456 quoque
1427 2384 1599 2453 abhis
1626 2384 1804 2439 verbis
1828 2398 2034 2438 sermo-

459 2492 580 2530 nem
611 2475 892 2541 inchoavit,
926 2475 1117 2531 Intrate
1142 2495 1230 2547 per
1253 2487 1519 2548 angustam
1558 2487 1778 2543 portam,
1819 2475 2032 2530 virtutis

458 2577 663 2635 portam
681 2567 757 2623 sic
774 2567 1065 2637 appellans.
1092 2566 1291 2622 Deinde
1314 2582 1437 2621 cum
1461 2566 1703 2631 dixisset,
1728 2566 1924 2618 Intrate
1944 2581 2033 2636 per

455 2669 723 2730 angustam
748 2669 963 2728 portant,
992 2675 1086 2713 nos
1101 2659 1349 2728 deinceps
1368 2673 1581 2714 causam
1598 2656 1774 2723 docet,
1788 2658 1857 2713 ob
1875 2672 2033 2727 quam

456 2747 524 2802 ad
557 2749 656 2802 hoc
685 2763 783 2803 nos
807 2747 1132 2804 cohortatur.
1166 2749 1328 2805 -Licet
1365 2749 1504 2804 enim
1548 2757 1769 2818 angusta
1809 2748 1877 2803 sit
1911 2749 2030 2815 ista,

454 2838 788 2910 multumque
841 2839 1075 2894 laborem
1118 2839 1308 2896 offerat
1348 2841 1401 2894 in
1455 2841 1716 2910 ingressu,
1760 2839 1804 2893 si
1858 2847 2033 2892 tamen

459 2931 724 3000 paululum
754 2931 1026 2999 laboratis,
1056 2931 1124 2987 ad
1164 2933 1380 2987 multam
1405 2932 1732 2986 latitudinem
1763 2930 2036 3000 pervenie-

459 3023 529 3077 tis
556 3029 610 3077 et
652 3022 1072 3091 amplitudinem,
1117 3039 1236 3093 qum
1279 3037 1373 3078 vos
1416 3024 1610 3093 ingenti
1642 3022 1912 3092 voluptate
1941 3036 2035 3092 po-

461 3115 590 3170 terit
617 3130 877 3170 recreare.
908 3114 988 3171 Ne
1014 3115 1172 3185 igitur
1205 3115 1306 3170 hoc
1343 3116 1612 3185 spectetis,
1669 3114 1859 3182 inquit,
1891 3110 2034 3182 quod

456 3215 680 3277 angusta
711 3206 799 3272 sit,
823 3221 1002 3276 neque
1038 3220 1133 3260 vos
1157 3205 1477 3261 conturbent
1508 3204 1817 3273 primordia,
1862 3217 2036 3272 neque

458 3298 728 3368 ingressus
768 3298 1027 3368 angustia:
1069 3297 1281 3354 desides
1314 3312 1410 3352 vos
1452 3297 1708 3363 reddant;
1751 3297 1853 3351 lata
1893 3295 2033 3351 enim

461 3389 775 3458 luecsporta,
805 3399 859 3444 et
910 3391 1140 3460 spatiosa
1192 3392 1273 3444 via
1327 3391 1521 3446 desinit
1562 3390 1613 3444 in
1660 3390 2031 3460 perditionem.

459 3479 793 3549 Quapropter
817 3480 964 3533 multi
988 3480 1148 3534 etiam
1164 3479 1247 3535 .ob
1274 3481 1417 3535 initia
1460 3489 1514 3535 et
1550 3480 1766 3535 exordia
1804 3478 2032 3549 decepti,

464 3585 635 3639 neque
659 3570 950 3625 futurorum
977 3570 1260 3639 quidquam
1309 3570 1676 3639 prtevidentes,
1704 3571 1755 3624 in
1786 3570 2038 3639 perditio-

464 3674 583 3712 nem
629 3659 833 3727 seipsos
867 3658 1184 3713 dediderunt
1224 3677 1237 3713 :
1290 3661 1503 3719 ideirco.
1542 3659 1680 3712 .Lata
1722 3672 1813 3723 est,
1846 3661 2035 3730 inquit,

456 3760 627 3821 porta,
643 3759 689 3804 et
705 3750 931 3819 spatiosa
947 3751 1046 3817 via,
1070 3766 1181 3819 qua:
1205 3751 1343 3804 ducit
1362 3752 1429 3805 ad
1455 3752 1801 3821 perditionem,
1824 3763 1869 3806 et
1890 3752 2037 3805 multi

460 3851 597 3904 sunt,
623 3841 710 3910 qui
736 3841 927 3894 intrant
953 3857 1041 3908 per
1074 3858 1203 3895 eam.
1237 3845 1314 3896 Ac
1352 3853 1492 3897 reste
1523 3858 1653 3897 sane
1682 3844 1838 3896 latam
1871 3844 2035 3913 ipsam

464 3941 665 4001 portam
692 3930 924 3999 vocavit,
954 3932 1236 4002 spatiosam
1261 3936 1418 3995 viam,
1448 3948 1565 4003 qua:
1588 3934 1654 3988 ad
1683 3933 2032 4003 perditionem

462 4023 693 4079 deducit.
725 4023 823 4093 Qui
853 4024 995 4080 enim
1026 4024 1091 4079 ad
1121 4024 1271 4079 ludos
1291 4024 1567 4080 Circenses
1586 4025 1835 4080 festinant
1854 4040 2039 4079 ascen-

465 4117 612 4179 dere,
640 4125 940 4186 eaateraqne
959 4116 1191 4171 satanica
1218 4116 1303 4171 illa.
1324 4116 1647 4185 spectacula,
1676 4115 2038 4186 temperantia:

464 4208 842 4273 valedicentes,
868 4208 1114 4264 virtutem
1145 4223 1240 4278 pro
1286 4207 1451 4263 nihilo
1481 4207 1760 4271 habentes,
1800 4207 1887 4277 qui
1920 4205 2040 4260 libi-

462 4301 569 4354 dini
600 4316 661 4355 ae
685 4301 847 4371 genio
872 4300 1145 4371 indulgere
1166 4301 1368 4364 volunt,
1391 4299 1479 4369 qui
1500 4299 1707 4355 deliciis
1732 4308 1786 4354 et
1814 4299 1949 4369 gula:
1977 4311 2035 4353 se

464 4392 682 4457 dedunt,
711 4392 801 4461 qui
832 4392 1175 4463 pecuniarum
1212 4393 1501 4461 cupiditate
1526 4401 1580 4447 et
1619 4391 1822 4446 insania
1850 4390 2040 4444 stimu-

464 4483 661 4546 lantur,
693 4496 755 4535 ac
780 4482 1064 4552 praesentis
1091 4483 1211 4536 vitm
1234 4482 1530 4537 commodis
1569 4483 1791 4546 inhiant,
1833 4496 1926 4552 per
1964 4481 2039 4534 la-

464 4582 570 4627 tam
599 4581 802 4642 portam
833 4580 887 4625 et
927 4573 1214 4647 Spatiosam
1252 4573 1393 4627 viam
1422 4572 1674 4627 incedunt
1705 4590 1718 4627 :
1757 4583 2035 4643 postquam

462 4673 639 4717 autem
668 4661 827 4732 paulo
855 4662 1062 4732 longius
1085 4664 1347 4732 progressi
1391 4672 1532 4727 sunt,
1568 4663 1866 4733 multasque
1912 4678 2038 4732 pec-

463 4764 702 4810 catorum
731 4754 965 4809 sarcinas
1000 4763 1381 4809 coacervarunt
1402 4796 1415 4820 ,
1458 4755 1637 4810 afflicti
1666 4765 1721 4811 et
1758 4757 2035 4819 debilitati,

462 4852 583 4903 eum
610 4847 675 4900 ad
699 4847 796 4901 via:
816 4846 975 4901 tinem
1017 4847 1372 4916 pervenerint,
1401 4847 1621 4902 ulterius
1661 4846 1908 4917 progredi
1952 4862 2040 4901 ne-

411 4978 425 4983 -
463 4950 686 5012 queunt,
720 4955 842 4995 eum
868 4940 968 4993 via:
992 4939 1596 5009 prcmantnrangustils,
1631 4954 1696 4993 eo
1718 4938 1857 5009 quod
1898 4939 2039 4993 mole

463 5033 664 5100 gravati
702 5040 1035 5100 peccatorum
1074 5030 1217 5084 illam
1260 5045 1512 5101 peragere
1539 5029 1755 5083 minime
1794 5029 2034 5099 possint:

462 5140 568 5194 quo
592 5125 670 5189 fit,
692 5132 749 5177 ut
775 5124 829 5177 in
863 5122 1033 5192 ipsum
1075 5121 1287 5176 tandem
1338 5121 1649 5191 perditionis
1691 5122 2036 5191 prmcipitium

462 5215 830 5268 devolvantur.
873 5212 1009 5280 Quid
1053 5212 1232 5282 igitur,
1267 5224 1471 5280 quarso,
1513 5211 1751 5280 prodest,
1800 5211 1941 5280 quod
1972 5210 2037 5265 ad

462 5305 713 5373 exiguum
743 5310 948 5371 tempus
971 5316 1075 5371 per
1100 5302 1385 5371 spatiosam
1427 5299 1753 5365 iucedamus,
1781 5300 1824 5355 si
1855 5314 2040 5369 perpe-

465 5404 551 5448 tua
578 5393 872 5463 perditione
899 5407 1023 5446 mox
1046 5392 1426 5462 opprimamur,
1460 5399 1515 5445 ct
1540 5390 1629 5445 ubi
1660 5405 1752 5458 per
1772 5392 2035 5444 somnium

463 5485 847 5556 propemodum
889 5483 1094 5538 deliciis
1140 5484 1291 5553 potiti
1330 5482 1605 5548 fuerimus,
1654 5498 1716 5538 re
1759 5498 1881 5538 vera
1920 5498 2037 5553 sup-

460 5578 625 5652 plicio
651 5577 945 5645 plectamur
962 5577 987 5628 ‘t

528 5671 749 5733 Somnio
785 5668 961 5724 similis
985 5678 1055 5724 est
1107 5670 1212 5726 hac
1254 5669 1374 5725 vita.
1403 5699 1473 5711 -—
1500 5669 1652 5741 Quod
1699 5671 1839 5728 enim
1885 5673 2037 5731 unius

1158 280 1214 338 S.
1252 276 1528 336 JOANNIS
1563 270 2031 364 CIIBYSOSTOBII
2059 268 2372 326 AllClllEP.
2403 265 2929 325 CONSTANTINOP.

3560 263 3681 322 1088

2135 387 2304 440 noctis
2332 393 2416 439 est
2441 384 2726 448 somuium,
2763 382 2866 438 hoc
2904 388 3013 436 tota
3062 392 3298 450 νίψεως
3340 386 3431 434 est
3476 379 3601 444 vita,
3647 382 3687 435 si

2133 491 2254 531 eum
2280 491 2367 541 eo,
2395 475 2537 546 quod
2566 490 2664 530 nos
2705 483 3048 543 excepturum
3071 482 3177 536 est,
3204 469 3463 540 supplicio
3490 485 3688 540 compa-

2135 578 2301 623 retur.
2332 567 2466 621 Num
2507 567 2650 622 enim
2693 575 2751 621 ut
2797 575 2997 620 temere
3043 578 3074 617 a
3118 563 3273 617 nobis
3318 561 3556 631 legantur
3588 563 3690 618 lucc

2131 658 2326 727 scripta
2370 658 2530 712 sunt?
2582 657 2866 726 Propterea
2920 654 3126 710 Domini
3175 666 3451 708 sermones
3495 652 3691 722 scriptis

2133 748 2372 802 mandari
2401 749 2568 817 gratia
2602 748 2829 816 Spiritus
2857 745 3025 801 sancti
3053 744 3275 809 curavit,
3303 750 3364 799 ut
3389 742 3515 797 dum
3541 757 3605 797 ex
3633 744 3691 797 iis

2133 837 2365 894 remedia
2388 838 2774 906 depromimus,
2801 836 2991 907 quibus
3016 834 3273 890 adversus
3299 832 3577 903 passiones
3602 846 3690 886 nos

2136 928 2566 996 praununiamus,
2612 927 2895 982 imminens
2933 925 3198 995 possimus
3235 922 3556 993 supplicium
3589 923 3689 976 evi-

2132 1027 2265 1074 tare.
2293 1018 2648 1086 Quamobrem
2679 1028 2789 1071 tum
2828 1032 3038 1086 quoque
3082 1015 3451 1070 convenientia
3477 1014 3693 1067 vulneri-

2132 1111 2231 1165 bus
2273 1126 2461 1166 eorum
2503 1112 2760 1167 adhibens
2802 1110 3182 1165 medicamenta
3228 1109 3489 1164 Dominus
3528 1118 3693 1164 noster

2132 1201 2289 1256 Jesus
2311 1203 2550 1257 Christus
2570 1201 2950 1256 cohortabatur
2968 1200 3153 1255 dicens
3177 1216 3189 1250 :
3214 1198 3415 1253 Intrate
3434 1214 3523 1269 per
3546 1214 3691 1267 angit-

2135 1303 2264 1347 stam
2311 1303 2527 1363 portam.
2580 1295 2868 1362 Angustam
2911 1300 3085 1345 autem
3137 1290 3276 1344 illam
3328 1289 3569 1353 vocabat,
3598 1304 3693 1344 non

2130 1382 2268 1451 quod
2291 1391 2475 1436 natura
2500 1397 2594 1436 sua
2615 1381 2685 1434 sit
2710 1391 2951 1450 angusta,
2981 1379 3075 1434 sed
3097 1378 3235 1449 quod
3264 1380 3478 1433 animus
3504 1387 3691 1438 noster,

2129 1473 2194 1528 ad
2223 1474 2477 1528 desidiam
2497 1472 2744 1542 proclivis
2767 1481 3041 1541 angustam
3077 1470 3217 1524 illam
3254 1484 3376 1524 esse
3399 1468 3689 1524 arbitretur.

2128 1566 2308 1635 Neque
2332 1566 2473 1622 enim
2501 1576 2557 1619 ut
2586 1581 2683 1620 nos
2720 1572 2987 1627 avocaret,
3018 1561 3214 1617 ideirco
3244 1572 3526 1632 angustam
3566 1561 3694 1617 illam

2128 1657 2433 1725 appellavit,
2461 1655 2553 1711 sed
2583 1665 2638 1710 ut
2672 1654 2889 1709 alterius
2936 1650 3261 1707 latitudinem
3314 1650 3594 1720 fugientes,
3634 1659 3683 1705 et

2128 1764 2197 1837 ex.
2233 1748 2339 1803 huic
2382 1761 2803 1817 unamquamque
2845 1753 3252 1816 cognoscentes,
3285 1744 3424 1803 hanc
3443 1743 3513 1802 ita
3538 1743 3699 1817 potius

2130 1841 2407 1910 eligamus.

2199 1935 2254 1995 5.
2282 1931 2530 2007 Exempla
2553 1954 2726 1992 eorum
2753 1938 2839 2008 qui
2873 1953 2963 2008 per
2999 1937 3154 1991 tatam
3198 1935 3331 1990 viam
3372 1934 3701 1987 antbutantnt.

2128 2056 2201 2068 —
2224 2027 2330 2082 Sed
2375 2039 2432 2082 ttt
2466 2029 2714 2083 omnibus
2745 2028 3015 2083 intellectu
3061 2026 3228 2082 facilis
3257 2027 3347 2080 fiat
3372 2026 3564 2091 oratio,
3590 2037 3693 2093 age,

2131 2119 2174 2171 si
2204 2119 2431 2184 videtur,
2466 2133 2579 2184 eos,
2611 2119 2699 2188 qui
2733 2134 2827 2187 per
2873 2118 3032 2172 latam
3061 2125 3272 2187 portam
3304 2116 3528 2186 ingressi
3564 2126 3694 2177 sunt,

2133 2218 2188 2266 et
2206 2225 2303 2281 per
2322 2211 2609 2281 spatiosam
2635 2210 2772 2264 viam
2813 2210 3145 2264 incesserunt
3185 2210 3239 2263 lu
3269 2208 3505 2264 medium
3543 2206 3694 2260 adva-

2131 2315 2334 2366 cemus,
2362 2310 2417 2356 et
2443 2302 2559 2370 quis
2588 2316 2683 2356 eos
2708 2301 2923 2356 tandem
2953 2300 3072 2355 linis
3101 2299 3376 2370 exceperit
3404 2297 3696 2358 videamus;

2132 2391 2363 2461 itemque
2388 2390 2505 2445 illos
2533 2392 2620 2460 qui
2646 2405 2746 2461 per
2771 2399 3047 2460 angustam
3074 2398 3279 2457 portam
3310 2386 3539 2456 ingressi
3562 2395 3691 2447 sunt,

2133 2490 2188 2538 et
2214 2496 2312 2550 per
2332 2490 2534 2536 arctam
2564 2481 2726 2546 viam,
2758 2488 2818 2535 et
2849 2495 2967 2549 quau
2996 2478 3208 2533 tandem
3250 2477 3335 2531 isti
3364 2476 3504 2531 bona
3541 2475 3697 2528 sortiti

2133 2571 2352 2639 fuerint,
2383 2585 2789 2642 cognoscamus.
2841 2569 3014 2626 Unum
3056 2569 3215 2638 igitur
3254 2582 3321 2621 ex
3361 2569 3449 2629 iis,
3490 2565 3577 2635 qui
3615 2579 3699 2632 per

2133 2663 2292 2717 latam
2325 2662 2460 2717 hanc
2495 2670 2700 2732 portam
2743 2662 3023 2725 intrarunt,
3049 2668 3104 2715 et
3123 2674 3287 2713 unum
3307 2674 3377 2712 ex
3406 2658 3487 2720 iis,
3510 2656 3593 2726 qui
3615 2671 3698 2724 per

2133 2761 2409 2822 angustam
2434 2760 2489 2807 et
2529 2759 2729 2807 arctam
2768 2751 2905 2806 viam
2946 2754 3297 2812 incesserunt,
3336 2748 3492 2803 vobis
3519 2749 3568 2801 in
3593 2763 3695 2801 nte-

2133 2843 2279 2898 dium
2309 2844 2657 2912 proferentes,
2689 2857 2873 2898 eorum
2905 2857 3024 2912 quae
3062 2857 3094 2895 a
3143 2841 3374 2895 Domino
3411 2840 3547 2894 dicta
3588 2848 3699 2892 sunt

2135 2935 2410 2989 veritatem
2437 2933 2801 3000 ostendamus,
2842 2933 3110 2989 eteadem
3151 2947 3334 2987 rursus
3386 2932 3585 2985 Domini
3612 2946 3697 2999 pa-

2133 3025 2316 3082 rabola
2345 3037 2572 3081 utamur.
2601 3026 2854 3094 Quisnam
2882 3040 3009 3096 ergo
3037 3034 3118 3080 est
3166 3025 3255 3078 ille
3298 3024 3395 3094 qui
3435 3038 3526 3093 per
3552 3023 3695 3077 latam

2135 3128 2345 3189 portam
2371 3117 2607 3184 intravit,
2630 3125 2686 3172 et
2711 3116 2998 3187 spatiosam
3030 3116 3171 3169 viam
3199 3114 3539 3184 peragravit?
3563 3113 3698 3167 Prius

2135 3211 2277 3265 enim
2303 3210 2423 3280 quis
2445 3210 2544 3265 iste
2568 3211 2638 3264 sit
2676 3210 2923 3264 convenit
2950 3208 3188 3272 indicari,
3213 3215 3572 3277 quantumque
3592 3220 3699 3274 spa-

2137 3300 2268 3354 tium
2297 3300 2394 3355 vize
2420 3298 2727 3363 confecerit,
2757 3298 3031 3367 perlatam
3064 3296 3339 3361 incedens,
3369 3311 3436 3351 ae
3459 3305 3567 3350 tum
3595 3309 3696 3348 ma-

2135 3390 2384 3446 nifestum
2411 3390 2562 3445 vobis
2588 3389 2832 3455 reddere,
2860 3389 2912 3443 in
2933 3404 3091 3458 quem
3115 3387 3326 3442 tandem
3359 3387 3520 3442 ﬁnem
3540 3386 3698 3440 desie-

2135 3483 2225 3536 rit.
2280 3483 2360 3535 Ac
2393 3481 2505 3534 scio
2542 3480 2787 3550 equidem
2835 3494 2932 3533 vos
2976 3479 3217 3533 homines
3248 3477 3582 3547 perspicaees
3601 3476 3698 3545 jam

2134 3571 2259 3643 quid
2284 3571 2473 3627 dicturi
2501 3571 2666 3625 simus
2705 3570 2998 3639 intelligere
3033 3585 3048 3622 :
3092 3569 3443 3624 nihilominus
3484 3579 3649 3623 tamen
3671 3581 3697 3620 a

2137 3666 2289 3720 nobis
2311 3664 2419 3721 diei
2451 3680 2671 3721 necesse
2694 3673 2797 3720 est.
2852 3664 3118 3718 Revocate
3145 3663 3293 3718 vobis
3321 3663 3380 3717 in
3407 3662 3696 3718 memoriam

2136 3759 2353 3814 divitem
2402 3758 2572 3823 illum,
2613 3758 2703 3828 qui
2750 3756 2989 3827 quotidie
3036 3770 3267 3827 purpura
3310 3755 3625 3810 induebatur
3651 3761 3699 3806 et

2136 3849 2319 3921 bysso,
2374 3849 2461 3918 qui
2506 3847 2823 3917 epulabatur
2870 3845 3169 3915 splendide,
3220 3845 3310 3914 qui
3355 3846 3612 3914 parasitos
3650 3850 3697 3895 et

2138 3940 2440 3994 adulatores
2483 3939 2675 4001 alebat,
2719 3937 2809 4007 qui
2854 3937 3078 3991 multum
3123 3950 3328 3990 merum
3387 3934 3695 3996 infundebat,

2138 4031 2226 4101 qui
2255 4030 2488 4101 quotidie
2519 4038 2758 4083 ventrem
2805 4028 3139 4094 saburrahat,
3166 4027 3255 4097 qui
3293 4028 3481 4081 multis
3500 4040 3557 4080 se
3581 4022 3699 4079 deli-

2139 4122 2236 4176 ciis
2265 4119 2637 4192 ingurgitabat,
2676 4134 2769 4189 per
2812 4119 2971 4173 latam
3019 4129 3224 4188 portam
3280 4117 3570 4186 ingressus,
3613 4126 3697 4167 vo-

2139 4214 2340 4282 luptate
2363 4227 2427 4267 ac
2466 4211 2645 4266 la-titia
2678 4210 2938 4264 mundana
2964 4221 3227 4279 perpetuo
3256 4207 3552 4263 fruebatur.
3579 4204 3698 4259 Nam

2140 4304 2214 4358 illi
2240 4313 2431 4358 cuncta
2457 4302 2601 4357 velut
2618 4319 2685 4357 ex
2713 4300 2863 4356 fonte
2884 4299 3201 4364 affluebant,
3225 4300 3453 4354 multum
3478 4297 3697 4352 ministe-

2140 4396 2301 4461 rium,
2330 4396 2602 4450 immensze
2642 4393 2866 4457 deliciae,
2910 4394 3152 4463 corporis
3201 4402 3424 4459 sanitas,
3469 4389 3698 4461 pecunia-

2138 4502 2254 4541 rum
2308 4486 2481 4556 copia,
2530 4484 2736 4539 delatus
2781 4499 2810 4537 a
2867 4484 3048 4538 multis
3097 4484 3286 4549 honor,
3325 4491 3697 4539 assentatorum

2138 4577 2340 4644 laudes,
2372 4578 2499 4631 nihil
2528 4578 2735 4632 interim
2761 4586 2896 4641 erat,
2910 4577 3049 4648 quod
3070 4577 3142 4630 illi
3165 4576 3437 4631 tristitiam
3458 4574 3693 4631 afferret:

2139 4671 2356 4740 etquod
2388 4670 2560 4739 majus
2583 4682 2684 4732 est,
2716 4685 2836 4724 eum
2876 4680 3017 4725 totos
3058 4668 3175 4724 dies
3206 4668 3441 4739 crapulae
3480 4667 3699 4738 gulaque

2110 4774 2115 4779 ·
2139 4775 2335 4817 vacans
2361 4761 2696 4831 transigeret,
2721 4776 2824 4815 non
2846 4759 3006 4814 modo
3026 4774 3279 4829 prospera
3303 4758 3542 4828 corporis
3565 4755 3697 4811 vale-

2141 4852 2321 4906 tudine
2343 4850 2631 4916 fruebatur,
2665 4859 2719 4905 et
2744 4852 2795 4903 in
2825 4851 3111 4905 securitate
3131 4864 3335 4904 summa
3356 4849 3595 4920 degebat,
3616 4845 3697 4902 sed

2141 4954 2196 4999 et
2220 4958 2503 5013 pauperem
2534 4942 2790 4997 Lazarum
2819 4941 2871 4996 in
2901 4941 3164 4996 vestibulo
3186 4941 3474 5011 jacentem,
3504 4939 3699 5011 plenum

2140 5034 2429 5101 ulceribus,
2472 5032 2746 5088 obsessum
2790 5047 2819 5086 a
2862 5032 3116 5096 canibus,
3147 5032 3238 5102 qui
3281 5031 3500 5086 vulnera
3552 5028 3698 5095 linge-

2141 5127 2289 5194 bant,
2334 5126 2575 5196 fameque
2626 5124 2925 5180 confectum
2974 5123 3354 5179 immisericors
3392 5119 3696 5192 przcteribat.

2140 5225 2285 5271 etne
2325 5216 2490 5271 micas
2512 5213 2725 5284 quidem
2764 5215 2837 5268 illi
2882 5198 3157 5282 impertire
3179 5211 3510 5283 dignabatur.
3540 5210 3696 5275 Atque

2140 5298 2227 5362 hic
2249 5305 2459 5376 quidem
2486 5319 2581 5375 per
2606 5305 2766 5358 latam
2791 5312 2998 5374 portam
3027 5304 3297 5373 ingressus
3318 5316 3409 5370 per
3428 5298 3694 5368 Spatiosam

2139 5397 2278 5451 viam
2304 5394 2599 5459 incedebat,
2633 5394 2773 5448 viam
2795 5394 3124 5457 deliciarum,
3160 5389 3592 5461 intemperantia,
3628 5384 3691 5439 ri-

2138 5502 2249 5551 sus,
2283 5485 2559 5555 voluptatis
2583 5526 2599 5550 ,
2639 5483 3011 5551 helluationis,
3046 5482 3333 5546 ebrietatis,
3366 5478 3689 5549 pecuniarum

2112 5578 2325 5653 ‘copite,
2370 5577 2605 5631 mollitiei
2647 5577 2702 5631 in
2738 5574 3068 5630 vestimentis
3105 5591 3119 5629 :
3158 5588 3222 5628 ae
3261 5573 3347 5627 diu
3386 5579 3551 5625 totum
3589 5565 3692 5617 vitae

2143 5670 2297 5743 hujus
2327 5679 2531 5741 tempus
2560 5684 2652 5741 per
2690 5669 2973 5740 spatiosam
3002 5666 3138 5724 viam
3178 5663 3472 5723 incedendo
3504 5670 3690 5716 trante
