4030 6136
363 274 479 330 ΙΜἹ

355 393 436 446 καὶ
463 387 832 459 κηδεμονικὸν,
865 393 944 450 ὃς,
970 387 1155 458 ἐπειδὴ
1189 385 1296 440 οἶδε
1325 388 1421 456 τὴν
1446 388 1726 442 ἀσθένειαν
1755 401 1781 428 ε
1811 389 1908 457 τῆς

357 473 551 543 φύσεως
577 473 674 541 τῆς
690 471 984 542 ἡμετέρας,
1014 471 1229 524 ὲπειδάν
1253 471 1606 542 ἁμαρτήματι
1627 489 1733 524 τινι
1758 487 1910 540 περι-

355 557 591 624 πέσωμεν
643 554 885 624 ρᾳθυμίᾳ
927 551 1425 616 ὐποσκελισθέντες,
1465 554 1524 606 ἓν
1583 556 1743 624 μόνον
1790 557 1910 606 ἐπι-

353 639 489 710 ζητεῖ
510 641 639 708 παρ’
661 637 840 708 ἡμῶν,
873 636 948 707 μὴ
970 637 1304 704 ἀπογνῶναι,
1330 638 1467 691 ἀλλά
1495 638 1793 708 ἀποστῆναι
1815 637 1907 691 τοῦ

353 721 627 792 πλημμελή
639 737 839 789 ματος,
886 721 980 773 καὶ
1027 720 1162 790 πρὸς
1194 719 1292 792 τὴν
1339 721 1724 792 ἐξομολόγησιν
1762 723 1910 774 ἐπει-

350 805 553 876 χθῆναι.
577 805 694 858 Κᾶν
721 805 879 857 τοῦτο
900 805 1237 875 ποιήσωμεν,
1257 808 1476 874 ταχεῖαν
1497 806 1628 875 ἡμῖν
1652 804 1752 875 τὴν
1781 822 1910 872 συγ-

351 888 574 959 χώρησιν
595 888 987 956 ἐπαγγέλλεται
1003 903 1016 916 °
1048 887 1209 951 αὐτὸς
1227 887 1336 958 γάρ
1362 890 1508 940 ἐστιν
1533 889 1561 940 6
1577 888 1750 956 λέγων
1772 905 1786 919 ·
1811 888 1907 956 Μὴ

349 974 378 1025 ό
410 973 641 1025 πίπτων
691 973 802 1024 οὐκ
833 970 1146 1024 ἀνίσταται
1169 1010 1182 1033 ,
1215 970 1252 1037 ἢ
1300 973 1332 1024 ό
1371 971 1768 1040 ἀποστρέφων
1796 972 1909 1024 οὐκ

346 1055 711 1124 ἐπιστρέφει;
745 1054 930 1108 Ταῦτα
959 1053 1138 1108 τοίνυν
1176 1053 1400 1116 εἰδότες,
1434 1054 1508 1125 μὴ
1554 1054 1910 1125 καταφρονῶ-

351 1157 439 1209 μεν
465 1139 558 1194 τοῦ
589 1139 732 1193 οὕτω
763 1137 1144 1210 φιλανθρώπου
1181 1138 1474 1200 Δεσπότου,
1511 1137 1644 1191 ἀλλά
1691 1155 1907 1208 περιγι-

347 1221 554 1294 νώμεθα
586 1225 683 1293 τῆς
716 1220 1004 1292 συνηθείας
1037 1220 1135 1289 τῆς
1167 1219 1496 1284 ὲπιϐλαϐοὖς
1520 1235 1532 1248 ·
1580 1221 1674 1273 καὶ
1708 1220 1781 1290 μὴ
1809 1220 1908 1290 τὴν

348 1304 593 1358 πλατεῖαν
641 1302 837 1372 πύλην,
886 1301 982 1355 καὶ
1027 1300 1339 1372 εὐρύχωρον
1393 1301 1511 1354 ὁδὸν
1562 1301 1867 1372 βαδίζωμεν
1890 1319 1904 1334 '

345 1387 584 1457 καθάπερ
628 1387 868 1457 σήμερον
912 1383 1181 1454 ἠκούσατε
1214 1383 1308 1436 τοῦ
1341 1383 1520 1436 κοινοῦ
1567 1385 1782 1439 πάντων
1811 1389 1908 1438 Δε-

346 1471 531 1523 σπότου
548 1463 944 1540 ¹παραινοῦντος
968 1469 1025 1520 ὲν
1051 1467 1126 1537 τῷ
1156 1467 1488 1537 Εὐαγγελίῳ,
1523 1467 1617 1522 καὶ
1636 1469 1905 1537 λέγοντοςο

347 1552 652 1606 Εἰσέλθετε
684 1551 780 1605 διὰ
807 1551 918 1618 τῆς
953 1548 1177 1617 στενῆς
1213 1551 1432 1617 πύλης,
1473 1551 1561 1604 ὅτι
1595 1551 1845 1605 πλατεῖα
1867 1552 1905 1619 ἠ

343 1637 496 1703 πύλη
521 1635 618 1688 καί
651 1635 988 1704 εὐρύχωρος
1028 1635 1066 1703 ἠ
1091 1633 1231 1699 ὁδὸς
1258 1635 1295 1702 η
1327 1635 1650 1704 ἀπάγουσα
1681 1638 1768 1702 εἰς
1793 1634 1908 1702 τὴν

341 1718 670 1780 ἀπώλειαν,
711 1717 809 1770 καί
846 1717 1065 1771 πολλοι
1115 1719 1274 1770 εἰσιν
1301 1719 1356 1769 οἰ
1393 1719 1804 1787 εἰσερχόμενοι
1833 1716 1907 1770 δι’

341 1798 538 1868 αὐτῆς.
595 1799 854 1862 Ἀκούσας
883 1795 910 1834 b
941 1798 1202 1852 πλατεῖαν
1251 1798 1446 1869 πύλην,
1477 1799 1578 1852 καὶ
1599 1799 1910 1870 εὐρύχωρον

339 1885 468 1950 ὁδὸν,
493 1884 566 1955 μὴ
593 1887 705 1947 τοῖς
742 1882 1049 1953 προοιμίοις
1075 1882 1387 1952 ἀπατηθῇς,
1421 1882 1579 1952 μηδὲ,
1615 1883 1697 1935 ὅτι
1727 1883 1909 1936 πολλοὶ

342 1967 668 2038 εἰσέρχονται
695 1966 759 2018 δι’
787 1966 977 2035 αὐτῆς,
1013 1964 1172 2017 τοῦτο
1209 1966 1346 2036 ἴδῃς,
1375 1965 1492 2018 ἀλλ’
1522 1966 1692 2017 ἐννόει
1715 1966 1798 2018 ὃτι
1829 1967 1909 2028 εἰς

342 2052 520 2104 στενὸν
565 2049 932 2120 καταστρέφει
959 2048 1130 2112 τέλος.
1181 2050 1418 2102 Κάκεῖνο
1457 2048 1515 2101 δὲ
1562 2048 1798 2112 συνετῶς
1823 2048 1908 2100 λο-

339 2135 508 2204 γίζου,
529 2135 610 2186 ὅτι
629 2134 690 2187 οὐ
721 2135 848 2202 περὶ
875 2131 1141 2202 αἰσθητῆς
1169 2132 1345 2203 πύλης
1370 2133 1518 2185 ἐστὶν
1538 2135 1566 2186 6
1593 2132 1770 2201 λόγος,
1788 2133 1909 2187 οὐδὲ

337 2220 460 2290 περί
489 2217 611 2270 δδοῦ
657 2215 862 2280 ἁπλῶς,
897 2215 1036 2270 ἀλλά
1085 2217 1213 2286 περὶ
1245 2216 1426 2287 πάσης
1457 2215 1560 2286 τῆς
1612 2215 1759 2285 ζωῆς
1810 2218 1909 2288 τῆς

338 2304 624 2376 ἡμετέρας,
645 2301 887 2372 καὶπερὶ
909 2302 1110 2372 ἀρετῆς
1134 2302 1228 2354 καὶ
1253 2302 1450 2364 κακίας
1472 2303 1618 2354 ἐστὶν
1645 2305 1678 2374 ἡ
1709 2303 1910 2372 παραί-

337 2403 498 2449 νεσις.
533 2385 633 2440 Διά
662 2401 747 2436 τοι
805 2382 964 2436 τοῦτο
1001 2385 1096 2437 καὶ
1128 2385 1431 2454 ἀρχόμενος
1483 2383 1656 2448 οὕτως
1706 2385 1910 2456 ήρξατο

336 2469 503 2537 λέγων
522 2511 536 2530 ,
565 2465 881 2521 Εἰσέλθετε
906 2465 1002 2518 διὰ
1031 2464 1140 2530 τῆς
1161 2467 1386 2534 στενῆς
1415 2467 1614 2534 πύλης
1637 2506 1652 2531 ,
1687 2467 1784 2539 τὴν
1810 2469 1908 2538 τῆς

335 2553 530 2622 ἀρετῆς
559 2550 735 2621 πύλην
763 2548 904 2602 οὕτω
933 2549 1135 2602 καλῶν.
1169 2547 1301 2601 Εἶτα
1339 2551 1528 2612 εἰπὼν,
1575 2551 1656 2602 ὃτι
1692 2552 1908 2606 Εἰσέλ-

335 2638 461 2688 Usta
479 2633 577 2686 διὰ
607 2632 718 2701 τῆς
745 2631 968 2699 στενῆς
997 2633 1217 2699 πύλης,
1260 2632 1502 2685 διδάσκει
1535 2634 1682 2704 ἡμᾶς
1724 2633 1909 2689 λοιπὸν

332 2721 430 2792 τὴν
459 2720 640 2772 αἰτίαν
667 2760 680 2783 ,
706 2717 776 2771 δι’
797 2719 863 2787 ἣν
889 2717 1048 2769 τοῦτο
1073 2718 1349 2786 παραινεῖ.
1371 2717 1432 2768 Εἰ
1460 2716 1568 2788 γὰρ
1599 2718 1691 2770 καὶ
1723 2720 1906 2789 στενὴ,

333 2803 516 2876 φησὶν,
549 2801 710 2872 αὕτη,
751 2801 844 2854 καὶ
873 2800 1040 2852 πολὺν
1068 2799 1181 2871 ἔχει
1229 2801 1318 2852 τὸν
1345 2799 1592 2870 κάματον
1611 2804 1669 2855 ὲν
1694 2805 1760 2874 τῇ
1794 2806 1906 2856 εἰσ-

332 2888 453 2958 όδῳ,
489 2887 601 2940 ἀλλ’
633 2886 727 2938 ἐὰν
760 2884 952 2956 μικρὸν
980 2885 1216 2954 κάμητε,
1239 2884 1321 2946 εἰς
1353 2884 1487 2936 πολὺ
1510 2885 1708 2949 πλάτος
1744 2887 1908 2958 ἐκϐή-

334 2972 491 3024 πσθε
530 2969 624 3022 καὶ
655 2967 992 3038 εὐρυχωρίαν
1021 2966 1222 3037 πολλὴν
1259 2965 1356 3037 τὴν
1390 2966 1575 3020 ἄνεσιν
1601 2969 1909 3040 δυναμένην

334 3056 463 3124 ὑμῖν
512 3054 836 3123 παρασχεῖν.
884 3051 975 3120 Μὴ
1004 3051 1184 3103 τοίνυν
1221 3051 1304 3102 ὅτι
1333 3051 1490 3120 στενή
1528 3053 1644 3104 ἐστι
1670 3090 1684 3116 ,
1721 3053 1906 3122 φησὶν,

334 3139 503 3208 ἴδητε,
549 3135 684 3207 μηδὲ
731 3134 800 3186 τὰ
839 3133 1102 3202 προοίμια
1149 3133 1294 3202 ὑμᾶς
1336 3132 1654 3205 θορυϐείτω,
1685 3135 1821 3206 μηδὲ
1847 3137 1908 3190 τὸ

333 3219 522 3272 στενὸν
552 3219 653 3287 τῆς
710 3216 918 3269 εἰσόδου
953 3215 1223 3285 ὀκνηροὺς
1262 3214 1692 3286 ἀπεργαζέσθωο
1725 3219 1758 3289 ἡ
1798 3216 1908 3290 γὰρ

332 3301 563 3353 πλατεῖα
609 3297 750 3368 αὕτη
782 3297 924 3368 πύλη
944 3336 959 3361 ,
995 3298 1089 3351 καὶ
1120 3299 1154 3367 ἡ
1187 3296 1498 3368 εὐρύχωρος
1525 3297 1642 3361 ὁδὸς
1675 3300 1755 3364 εἰς
1800 3302 1909 3353 ἀπ.

328 3383 528 3436 ώλειαν
552 3383 939 3452 καταστρέφει.
965 3382 1056 3434 Διὸ
1085 3383 1178 3434 καὶ
1211 3380 1398 3434 πολλοὶ
1414 3385 1480 3453 τῇ
1506 3383 1646 3455 ἀρχῇ
1678 3385 1770 3438 καὶ
1796 3389 1907 3450 τοίς

331 3466 644 3539 προοιμίοις
696 3464 1063 3535 ἀπατώμενοι,
1123 3465 1217 3517 καὶ
1269 3465 1422 3518 οὐδὲν
1460 3466 1570 3519 τῶν
1605 3468 1907 3538 μελλόντων

327 3549 726 3622 προορώμενοι,
741 3551 820 3612 εἰς
838 3547 935 3619 τὴν
958 3547 1230 3603 ἀπώλειαν
1246 3550 1471 3614 ἑαυτοὺς
1487 3551 1777 3610 ἐκδιδόασι.
1807 3557 1922 3620 Διά,

326 3635 486 3688 τούτό
510 3648 672 3702 φησιν
692 3671 706 3696 ,
743 3632 826 3686 ὅτι
860 3630 1117 3684 "lania
1144 3629 1294 3703 [795]
1325 3632 1364 3699 ἠ
1405 3635 1590 3702 πύλη,
1616 3639 1714 3691 καί
1735 3641 1903 3709 εὐρύ-

325 3736 517 3790 χωρος
541 3716 580 3783 ἠ
618 3714 757 3781 ὁδὸς
788 3716 824 3784 ἠ
855 3713 1177 3784 ἀπάγουσα
1203 3717 1290 3782 εἰς
1318 3716 1431 3784 τὴν
1458 3719 1782 3787 ἀπώλειαν,
1806 3726 1905 3780 καί

325 3802 552 3856 πολλοί
573 3803 732 3854 εἰσιν
757 3801 810 3852 οἰ
835 3800 1244 3868 εἰσερχόμενοι
1259 3801 1332 3853 δι’
1355 3802 1564 3870 αὐτῆς.
1597 3807 1704 3858 Καὶ
1726 3809 1907 3874 καλῶς

325 3886 501 3956 αὐτὴν
523 3885 781 3937 πλατεῖαν
807 3883 982 3954 πύλην
1016 3885 1271 3949 ἐκάλεσε,
1308 3887 1401 3938 καὶ
1437 3887 1746 3960 εὐρύχωρον
1789 3893 1904 3946 ὁδὸν

323 3971 428 4042 τὴν
457 3970 550 4022 ἐπὶ
576 3967 674 4038 τὴν
711 3965 988 4020 ἀπώλειαν
1014 3967 1354 4038 ἀπάγουσαν.
1392 3972 1456 4024 OE
1510 3973 1620 4044 γάρ
1670 3977 1761 4027 ἐπὶ
1809 3977 1905 4041 τὰς

329 4052 696 4123 ἱπποδρομίας
722 4050 1034 4104 ἀναϐαίνειν
1067 4051 1422 4121 σπεύδοντες,
1463 4057 1557 4108 καὶ
1599 4057 1698 4120 τὰς
1737 4059 1904 4122 άλλας

320 4136 426 4198 τὰς
460 4133 756 4196 σατανικάς
790 4133 1056 4202 θεωρίας,
1087 4137 1184 4188 καὶ
1225 4137 1324 4206 τῆς
1371 4139 1723 4210 σωφροσύνης
1766 4141 1903 4211 ἀμεο

319 4219 570 4279 λοῦντες,
608 4216 703 4269 καὶ
743 4216 842 4285 τῆς
885 4218 1085 4287 ἀρετῆς
1120 4219 1308 4272 οὐδένα
1360 4220 1516 4288 λόγον
1565 4223 1899 4294 ποιούμενοι,

320 4306 425 4359 καὶ
453 4302 795 4370 ἀσελγαίνειν
824 4301 1156 4370 βουλόμενοι,
1193 4304 1287 4356 καὶ
1322 4304 1372 4356 οἱ
1399 4307 1466 4374 τῇ
1499 4310 1684 4378 τρυφῇ
1711 4309 1804 4361 καὶ
1833 4312 1899 4378 τῇ

316 4385 740 4458 γαστριμαργίᾳ
772 4385 995 4446 ἑαυτοὺς
1037 4383 1355 4447 ἐκδιδόντες,
1390 4388 1482 4439 καὶ
1520 4390 1646 4460 περ).
1670 4391 1769 4460 τὴν
1794 4394 1902 4445 ταν

315 4457 626 4543 χρημάτων
650 4467 846 4539 μανίαν
880 4466 976 4519 καὶ
1008 4464 1205 4518 λύτταν
1243 4467 1364 4519 καθ’
1409 4457 1645 4540 ἑκάστην
1691 4457 1901 4543 ἡμέραν

314 4552 726 4622 δαπανώμενοι,
767 4551 861 4603 καὶ
893 4548 1029 4620 πρὸς
1063 4548 1130 4600 τὰ
1150 4547 1243 4600 τοῦ
1287 4551 1553 4620 παρόντος
1604 4553 1719 4622 βίου
1757 4557 1900 4626 πρά-

314 4652 515 4707 γματα
535 4633 844 4704 κεχηνότες,
869 4633 956 4686 διὰ
988 4632 1087 4701 τῆς
1114 4631 1374 4696 πλατείας
1407 4634 1581 4705 πύλης
1625 4636 1900 4707 βαδίζουσι

314 4719 422 4774 καὶ
446 4717 760 4790 εὐρυχώρου
780 4716 899 4769 ὁδοῦ
919 4733 933 4746 ·
963 4715 1076 4768 ἀλλ’
1103 4715 1321 4769 ἐπειδὰν
1350 4717 1442 4770 ἐπὶ
1464 4718 1597 4772 πολὺ
1628 4723 1901 4792 προέλθω-

315 4819 376 4855 σι
397 4845 413 4867 ,
454 4801 550 4854 καὶ
577 4801 747 4855 πολλά
777 4801 886 4854 τῶν
908 4798 1322 4871 ἁμαρτημάτων
1350 4803 1562 4865 ἑαυτοῖς
1601 4803 1670 4856 τά
1705 4808 1900 4876 φορτία

313 4883 620 4948 συνάξωσι,
648 4883 1190 4952 καταδαπανώμενοι,
1209 4881 1452 4947 ἐλθόντες
1475 4886 1555 4949 εἰς
1575 4886 1635 4938 τὸ
1659 4887 1757 4956 τῆς
1781 4888 1898 4942 όδοῦ

308 4967 497 5030 τέλος,
515 4967 697 5020 οὐκέτι
724 4966 1035 5038 περαιτέρω
1061 4965 1346 5037 προελθεῖν
1367 4968 1640 5033 δύνανται,
1665 4971 1764 5041 τῆς
1781 4989 1902 5024 στε-

310 5052 548 5120 νότητος
571 5051 670 5120 τῆς
699 5049 816 5103 ὁδοῦ
847 5049 1142 5121 πιεζούσης
1171 5049 1388 5115 αὐτοὺς,
1423 5050 1511 5104 διὰ
1538 5052 1600 5105 τὺ
1635 5054 1710 5124 μὴ
1735 5054 1900 5108 δύνα-

311 5127 453 5189 σθαι
481 5135 557 5205 τῷ
587 5134 736 5202 ὄγκῳ
772 5133 1281 5205 Ιυῷάμαρτημάτων
1316 5134 1718 5206 βαρυνομένους
1766 5139 1900 5192 ταύ-

305 5235 423 5292 την
453 5217 707 5270 διελθεῖν·
736 5212 816 5269 διὸ
847 5217 1060 5284 ἀνάγκη
1089 5217 1168 5279 εἰς
1192 5217 1353 5270 αὐτὸν
1380 5218 1478 5288 τῆς
1512 5220 1787 5285 ἀπωλείας
1807 5222 1900 5276 τὸν

306 5300 574 5376 κρημνὸν
600 5300 796 5363 αὐτοὺς
823 5300 1214 5371 καταστρέψαι.
1243 5301 1401 5355 Ποῖον
1427 5299 1520 5356 οὖν
1537 5303 1749 5374 ὅφελος,
1776 5307 1896 5361 εἰπέ

378 5618 413 5681 ξι
438 5617 620 5681 Οιηηςε
639 5627 750 5681 mss.
779 5622 826 5663 el
851 5615 998 5681 Sa_vil.
1023 5617 1072 5664 in
1093 5630 1242 5681 marg.
1283 5618 1335 5667 τὸ
1357 5619 1558 5676 ἀσθενές.

379 5673 417 5718 δ
433 5679 535 5731 Alii
559 5676 781 5738 ἀκούσας,
804 5680 881 5728 afii
905 5679 1127 5735 ἡκούσας.

1528 271 1612 324 DE
1652 267 1929 324 LAZARO
1965 265 2220 324 CONCIO
2261 265 2369 320 VII.

3445 268 3576 320 10Ιὸ

2017 416 2129 468 μοι,
2162 402 2296 472 πρὸς
2318 401 2496 470 ὀλίγον
2520 401 2614 472 τὴν
2648 402 2960 471 εὐρύχωρον
3008 396 3326 468 βαδίσαντας
3347 435 3360 458 ,
3399 395 3456 448 ὲν
3495 395 3577 449 διο·

2009 485 2193 553 ηνεκεί
2215 483 2461 555 ἀπωλείᾳ
2494 485 2764 552 γενέσθαι,
2797 486 2890 538 καὶ
2926 483 3076 553 ὄναρ,
3113 481 3185 537 ὡς
3215 481 3411 544 εἰπεῖν,
3443 496 3572 549 τρυ-

2010 567 2310 635 φήσαντας,
2342 567 2399 620 ὲν
2420 567 2648 639 ἀληθείᾳ
2673 565 2994 630 κολάζεσθαι
3020 583 3034 631 ;

2081 650 2256 721 Ὅπερ
2288 651 2398 722 γάρ
2441 652 2555 703 ἐστι
2598 652 2725 720 μιᾶς
2753 651 2944 713 νυκτὸς
2976 650 3132 718 ὄναρ,
3164 645 3324 700 τοῦτο
3372 645 3517 708 ἀπας
3549 645 3579 696 6

2007 733 2196 806 παρὼν
2223 734 2335 805 βίος
2355 735 2499 806 ,πρὸς
2519 735 2617 806 τὴν
2645 733 3026 804 διαδεξομένην
3059 733 3206 804 ἡμᾶς
3235 729 3457 783 κόλασιν
3485 729 3578 780 καὶ

2004 819 2294 890 τιμωρίαν.
2321 819 2411 890 Μὴ
2438 821 2568 891 γάρ,
2596 819 2682 872 ἵνα
2703 818 2886 881 ἁπλῶς
2904 815 3390 885 ἀναγινώσκωμεν,
3407 811 3577 865 ταῦτα

2005 902 2344 974 γέγραπται;
2371 903 2468 956 Διά
2500 902 2657 956 τοῦτο
2685 905 2718 973 ἡ
2736 902 2831 955 τοῦ
2859 901 3174 971 Πνεύματος
3205 897 3365 969 χάρις
3391 898 3576 966 γραφῇ

2004 987 2130 1048 τοὺς
2155 987 2250 1039 τοῦ
2279 986 2482 1058 Κυρίου
2504 985 2697 1053 λόγους
2730 985 3103 1056 παραδοθῆναι
3135 980 3456 1050 πεποίηκεν,
3494 978 3580 1031 ἴνα

2005 1069 2423 1138 προφυλακτικά
2464 1067 2572 1122 τῶν
2616 1068 2803 1121 παθῶν
2841 1067 2949 1120 τῶν
2988 1066 3272 1136 ἡμετέρων
3313 1061 3578 1132 φάρμακα

2005 1152 2255 1205 ἐντεῦθεν
2285 1152 2672 1222 λαμϐάνοντες,
2691 1152 2788 1222 τὴν
2804 1153 3014 1220 ὲπηρτη
3025 1149 3191 1220 μένην
3218 1145 3440 1200 κόλασιν
3461 1143 3578 1196 δια·-

2007 1238 2200 1304 φυγεῖν
2253 1235 2592 1306 δυνηθῶμεν.
2639 1234 2740 1288 Διά
2779 1234 2938 1293 τοῦτο
2965 1235 3061 1286 καὶ
3106 1233 3225 1285 τότε
3263 1227 3578 1297 κατάλληλα

2004 1322 2116 1382 τοῖς
2134 1318 2443 1389 τραύμασιν
2470 1318 2648 1372 αὐτῶν
2671 1318 2740 1372 τά
2760 1318 3024 1388 φάρμακα
3045 1314 3303 1378 ἐπιτιθεὶς
3323 1315 3351 1366 ό
3376 1311 3579 1365 Δεσπό-

2005 1419 2105 1470 της
2129 1403 2161 1473 ἡ
2172 1401 2287 1471 μῶν
2317 1401 2546 1472 Χριστὸς
2572 1401 2724 1469 ἔλεγε
2763 1399 3040 1470 παραινῶν
3063 1412 3076 1426 ⁸
3126 1397 3444 1451 Εἰσέλθετε
3480 1391 3579 1447 διὰ

2007 1483 2117 1552 τῆς
2157 1483 2380 1552 στενῆς
2420 1486 2639 1552 πύλης.
2695 1485 2894 1553 Στενὴν
2940 1483 2997 1536 δὲ
3028 1481 3197 1549 αὐτὴν
3235 1477 3442 1540 ἐκάλει,
3477 1476 3578 1528 οὐκ

2007 1567 2193 1636 ἐπειδὴ
2217 1571 2285 1640 τῇ
2309 1567 2476 1637 φύσει
2499 1569 2658 1638 στενὴ
2677 1567 2953 1636 τυγχάνει,
2971 1563 3085 1618 ἀλλ’
3109 1562 3296 1632 ἐπειδὴ
3316 1563 3349 1632 ἡ
3385 1558 3578 1628 γνώμη

2005 1651 2038 1719 ή
2081 1651 2323 1720 ἡμετέρα
2353 1651 2488 1720 πρὸς
2521 1650 2789 1722 ρᾳθυμίαν
2847 1648 3045 1720 μᾶλλον
3094 1647 3353 1717 ῥέπουσα,
3387 1641 3578 1713 στενὴν

2005 1734 2176 1806 αὐτὴν
2193 1730 2330 1788 εἶναι
2357 1735 2589 1806 νομίζει.
2624 1734 2760 1789 Οὐδὲ
2792 1735 2900 1804 γὰρ
2940 1734 3026 1786 ἴνα
3059 1728 3375 1800 ἀποστρέψῃ
3404 1729 3574 1798 ἡμᾶς.

2004 1817 2093 1870 διὰ
2121 1817 2282 1872 τοῦτο
2303 1817 2490 1890 στενὴν
2525 1817 2694 1888 αὐτὴν
2721 1817 3024 1888 ὠνόμασεν,
3047 1815 3164 1868 ἀλλ’
3189 1814 3272 1866 ἴνα
3294 1813 3355 1864 τὸ
3377 1811 3578 1873 πλάτος

2004 1901 2104 1968 τῆς
2139 1902 2329 1972 ἑτέρας
2363 1901 2622 1970 φυγόντες
2657 1901 2750 1954 καὶ
2785 1903 2847 1953 ὲκ
2882 1899 2975 1952 τοῦ
3005 1898 3192 1960 τέλους
3221 1897 3454 1964 ἑκάστην
3482 1911 3578 1947 κα·

2003 1987 2360 2057 ταμαθόντες,
2388 1986 2530 2040 οὕτω
2563 1986 2766 2058 ταύτην
2795 1985 2992 2056 μᾶλλον
3023 1982 3295 2054 ἑλώμεθα.

2075 2078 2144 2140 γ’.
2165 2071 2301 2124 Ἀλλ’
2320 2072 2408 2126 ἵνα
2424 2073 2592 2125 πᾶσιν
2606 2074 2634 2125 6
2655 2070 2809 2138 λόγος
2821 2069 3143 2131 εὐσίνοτττος
3155 2067 3398 2136 γένηται,
3423 2065 3577 2136 φέρε,

2005 2154 2240 2218 εἰδοκεί,
2269 2153 2678 2224 παραγάγωμεν
2719 2154 2796 2216 εἰς
2843 2153 3003 2222 μέσον
3032 2152 3157 2214 τοὺς
3198 2149 3285 2202 διὰ
3309 2149 3406 2220 τῆς
3445 2149 3574 2201 πλαο

2003 2237 2155 2300 τείας
2189 2237 2362 2308 πύλης
2389 2236 2728 2300 εἰσελθόντας
2746 2236 2838 2290 καὶ
2858 2234 2944 2290 διὰ
2964 2235 3064 2304 τῆς
3091 2231 3402 2302 εὐρυχώρου
3428 2231 3577 2300 βαδί-

2009 2337 2228 2383 σαντας,
2265 2321 2360 2373 καὶ
2394 2321 2590 2390 ἴδωμεν
2623 2313 2731 2372 οἷον
2770 2318 2966 2380 αὐτοὺς
3016 2316 3232 2381 ἐδέξατο
3273 2315 3449 2376 τέλος,
3485 2313 3577 2366 καὶ

2005 2404 2129 2465 τοὺς
2151 2402 2240 2455 διὰ
2276 2403 2372 2472 τῆς
2412 2403 2606 2472 στενῆς
2640 2403 2812 2472 πύλης
2853 2400 3191 2461 εἰσελθόντας
3229 2398 3321 2450 καὶ
3355 2396 3576 2464 τεθλιμ-

2011 2485 2176 2554 μένης
2200 2485 2347 2549 ὁδοῦ,
2382 2486 2475 2538 καὶ
2502 2486 2908 2555 καταμάθωμεν
2949 2483 3043 2536 καὶ
3083 2481 3307 2544 τούτους
3339 2473 3428 2532 οἶα
3467 2479 3578 2532 ἐδέ-

2008 2568 2164 2634 ξαντο
2189 2569 2257 2623 τὰ
2276 2570 2474 2638 ἀγαθά.
2501 2570 2637 2623 Ἕνα
2667 2569 2844 2622 τοίνυν
2873 2567 2981 2620 τῶν
3012 2567 3318 2642 διὰταύτης
3347 2564 3447 2634 τῆς
3473 2563 3578 2615 πύ-

2004 2653 2103 2724 λης
2137 2653 2484 2708 εἰσελθόντων
2511 2653 2610 2724 τῆς
2640 2652 2898 2714 πλατείας
2916 2692 2930 2715 ,
2979 2651 3072 2703 καὶ
3103 2649 3199 2703 ἕνα
3224 2649 3332 2702 τῶν
3353 2648 3440 2700 διὰ
3477 2647 3578 2717 τῆς

2007 2736 2197 2804 στενῆς
2229 2737 2321 2790 καὶ
2346 2737 2712 2808 τεθλιμμένης
2759 2734 2880 2788 ὁδοῦ
2921 2733 3252 2804 βαδισάντων
3303 2734 3381 2795 εἰς
3413 2729 3580 2800 μέσον

2006 2821 2133 2888 ύμῖν
2159 2819 2471 2890 προθέντες,
2497 2819 2760 2889 δείξωμεν
2787 2817 2896 2870 τῶν
2912 2817 3061 2887 παρά
3079 2817 3172 2868 τοῦ
3197 2814 3402 2884 Κυρίου
3429 2815 3578 2884 εἰρηέ

2009 2905 2184 2975 μένων
2211 2905 2310 2975 τὴν
2335 2905 2617 2974 ἀλήθειαν,
2642 2904 2780 2974 αὐτῇ
2805 2903 2964 2958 πάλιν
2992 2906 3058 2972 τῇ
3102 2900 3197 2954 τοῦ
3233 2899 3439 2970 Κυρίου
3473 2915 3578 2951 πα-

2007 2989 2210 3062 ραϐολῇ
2245 2989 2603 3059 χρησάμενοι.
2624 2987 2718 3050 Τίς
2735 2984 2827 3040 οὖν
2855 2988 3002 3039 ὲστιν
3031 2985 3058 3036 6
3086 2985 3174 3039 δια
3195 2985 3294 3054 τῆς
3317 2983 3578 3046 πλατείας

2007 3073 2181 3143 πύλης
2239 3070 2518 3134 εἰσελθὼν,
2550 3071 2642 3124 καὶ
2684 3071 2782 3142 τὴν
2830 3068 3139 3140 εὐρύχωρον
3172 3067 3290 3121 έδὺν
3321 3065 3576 3136 βαδίσας;

2005 3158 2278 3229 Πρότερον
2326 3158 2434 3228 γὰρ
2471 3157 2738 3228 προσήκει
2781 3154 2950 3220 δεῖξαι
2977 3153 3058 3216 τίς
3102 3146 3255 3214 οὗτός
3289 3153 3425 3215 ἐστι,
3482 3153 3578 3206 καὶ

2005 3242 2170 3296 πόσον
2203 3243 2376 3313 μῆκος
2404 3241 2637 3294 ὧδευσεν
2667 3236 2788 3292 ξιδοῦ
2817 3241 2882 3309 τῇ
2920 3236 3150 3308 πλατείᾳ
3182 3235 3444 3306 βαδίζων,
3482 3237 3578 3290 καὶ

2003 3326 2124 3379 τότε
2156 3326 2387 3396 φανερὸν
2406 3325 2535 3394 ὑμῖν
2554 3323 2797 3392 ποιῆσαι,
2823 3324 2902 3384 εἰς
2919 3317 3030 3375 οἷον
3045 3321 3379 3392 κατέστρεψε
3405 3320 3574 3383 τέλος.

2004 3411 2114 3464 Καὶ
2140 3407 2256 3462 οἶδα
2289 3409 2403 3480 μὲν,
2430 3409 2512 3462 ὅτι
2542 3407 2750 3460 συνετοὶ
2777 3405 2927 3468 ὄντες
2951 3405 3050 3475 ήδη
3076 3405 3346 3475 συνήκατε
3370 3401 3425 3453 τὸ
3445 3404 3576 3480 μέλ-

2003 3493 2092 3545 λον
2110 3491 2465 3563 ῥηθήσεσθαιο
2489 3490 2605 3544 ἀλλ’
2621 3491 2771 3560 ὅμως
2786 3489 2881 3542 καὶ
2901 3490 3047 3558 ἡμᾶς
3067 3490 3362 3556 ἀναγκαῖον
3378 3490 3572 3542 εἰπεῖν.

2005 3575 2153 3648 [794]
2179 3575 2414 3645 Ἀναμνή
2423 3573 2584 3644 σθητέ
2605 3591 2693 3643 μοι
2711 3572 2805 3626 τοῦ
2824 3573 3077 3626 πλουσίου
3095 3572 3327 3639 ἐκείνου,
3343 3573 3436 3626 τοῦ
3455 3573 3576 3627 καθ’

2003 3659 2243 3729 ἑκάστην
2265 3659 2478 3731 ἡμέραν
2503 3657 2602 3727 τὴν
2631 3655 2918 3729 πορφύραν
2955 3659 3050 3712 καὶ
3079 3657 3150 3711 τά
3182 3657 3410 3728 βύσσινα
3438 3659 3576 3712 ἐνδι-

2001 3743 2355 3814 δυσκομένου,
2385 3741 2478 3794 καὶ
2505 3740 2773 3811 λαμπρῶς
2805 3741 3134 3810 έστιωμένου
3159 3781 3174 3805 ,
3205 3742 3298 3795 καὶ
3336 3745 3575 3813 παρασί-

2000 3845 2128 3890 τους
2157 3827 2250 3880 καὶ
2284 3825 2524 3888 κόλακας
2551 3825 2863 3895 τρέφοντος,
2895 3825 2991 3878 καὶ
3027 3825 3194 3878 πολὺν
3219 3826 3313 3878 τὸν
3334 3825 3573 3898 ἄκρατον

2003 3910 2327 3982 ὲγχεομένου
2354 3920 2402 3971 ο,
2440 3907 2535 3961 καὶ
2562 3905 2990 3977 γαστριζομένου
3020 3907 3140 3960 καθ’
3173 3910 3409 3981 ἑκάστην
3435 3913 3574 3983 ὴμέ-

2005 4011 2125 4065 ραν,
2151 3994 2249 4047 καὶ
2265 3994 2332 4062 τῇ
2355 3993 2533 4062 τρυφῇ
2563 3991 2626 4060 τῇ
2653 3989 2820 4059 πολλῇ
2849 3989 3042 4042 ἑαυτὸν
3073 3990 3452 4056 ἐκδεδωκότος.
3481 3997 3574 4048 καὶ

1999 4076 2089 4130 διὰ
2131 4078 2232 4143 τῆς
2273 4074 2538 4137 πλατείας
2578 4072 2752 4142 πύλης
2783 4071 3138 4136 εἰσελθόντος,
3187 4075 3281 4126 καὶ
3319 4077 3378 4129 ὲν
3412 4079 3570 4150 ἡδονῇ

1999 4161 2094 4213 καὶ
2115 4157 2349 4229 εὐθυμία
2387 4156 2612 4227 βιωτικῇ
2655 4153 2918 4225 διηνεκῶς
2955 4155 3334 4224 τυγχάνοντος.
3389 4159 3574 4214 Πάντα

1999 4244 2108 4312 γὰρ
2132 4239 2280 4310 αὐτῷ
2307 4238 2495 4310 ὥσπερ
2519 4240 2584 4291 ὲκ
2607 4237 2801 4310 πηγῶν
2829 4238 3074 4309 ἐπέρρει,
3094 4239 3360 4310 θεραπεία
3381 4241 3571 4314 πολλὴ,

1997 4324 2178 4395 τρυφὴ
2207 4324 2432 4392 ἅφατος,
2459 4320 2710 4391 σώματος
2735 4319 2912 4388 ὑγεία,
2946 4321 3243 4392 χρημάτων
3263 4325 3570 4394 περιουσία,

1998 4407 2131 4478 τιμὴ
2161 4405 2312 4476 ποιρά
2335 4404 2444 4456 τῶν
2477 4402 2708 4463 πολλῶν,
2734 4405 2789 4456 αἱ
2813 4403 2964 4473 παρά
2991 4403 3099 4456 τῶν
3126 4403 3373 4460 κολάκων
3401 4409 3574 4480 εὐφη-

2002 4492 2145 4562 μίαι,
2175 4490 2270 4543 καὶ
2301 4488 2454 4542 οὐδὲν
2485 4482 2552 4558 ἦν
2580 4483 2727 4556 αὐτῷ
2755 4485 2890 4550 τέως
2923 4485 2984 4538 τὸ
3021 4486 3244 4542 λυποῦν.
3280 4490 3388 4543 Καὶ
3413 4493 3472 4544 τὸ
3508 4491 3571 4563 δὴ

2003 4575 2205 4645 μεῖζον.
2232 4573 2314 4626 ὅτι
2341 4574 2398 4624 ὲν
2419 4569 2655 4642 τοσαύτῃ
2701 4570 2981 4642 κραιπάλῃ
3032 4571 3129 4624 καὶ
3175 4573 3453 4646 άδηφαγίᾳ
3495 4576 3573 4628 δι-

1998 4654 2307 4730 ημερεύων,
2325 4654 2385 4707 οὐ
2419 4653 2578 4724 μόνον
2599 4653 2786 4722 ὑγείας
2816 4654 3100 4724 ἀπήλαυσε
3134 4658 3450 4726 σωματικῆς
3478 4660 3572 4711 καὶ

1996 4742 2182 4804 ἀδείας
2209 4740 2410 4808 πάσης,
2441 4737 2579 4792 ἀλλὰ
2601 4738 2696 4791 καὶ
2713 4738 2806 4790 τὸν
2839 4737 3052 4808 πένητα
3080 4739 3331 4811 Λάζαρον
3364 4743 3458 4795 ἐπὶ
3477 4743 3571 4798 τοῦ

1997 4824 2242 4885 πυλῶνος
2287 4821 2686 4892 κατακείμενον
2740 4823 2834 4876 καὶ
2864 4823 3179 4893 ἡλκωμένον
3209 4825 3305 4878 καὶ
3335 4825 3438 4878 ὑπὸ
3464 4827 3573 4882 τῶν

1997 4906 2178 4961 κυνῶν
2204 4904 2572 4975 κυκλούμενον
2620 4905 2714 4958 καὶ
2752 4903 3154 4975 διαλειχόμενον
3179 4908 3272 4960 καὶ
3305 4907 3448 4979 λιμῷ
3476 4927 3570 4980 τη-

1999 4991 2230 5060 κόμενον
2251 4989 2495 5058 ἀνηλεῶς
2523 4988 2883 5059 παρέτρεχεν,
2915 4990 3036 5042 οὐδὲ
3066 4989 3263 5060 ψιχίων
3290 4991 3439 5062 αὐτῴ
3475 5010 3566 5062 μεο

1995 5071 2261 5135 ταδιδούς.
2315 5073 2425 5126 Καὶ
2458 5074 2486 5125 ὁ
2525 5073 2626 5142 μὲν
2661 5071 2749 5124 διὰ
2805 5074 2905 5142 τῆς
2962 5072 3137 5143 πύλης
3173 5074 3273 5143 τῆς
3311 5074 3569 5141 πλατείας

1997 5155 2275 5223 εἰσελθὼν,
2303 5154 2402 5226 τὴν
2435 5155 2746 5226 εὐρύχωρον
2773 5155 2892 5232 όδὸν
2919 5155 3155 5225 ἐϐάδιξε,
3180 5159 3280 5229 τὴν
3317 5160 3417 5230 τῆς
3440 5178 3570 5232 τρυ-

1996 5243 2122 5312 φῆς,
2160 5240 2260 5310 τὴν
2310 5243 2408 5310 τῆς
2441 5239 2752 5303 ἀκολασίας,
2782 5231 2881 5310 τὴν
2907 5241 3002 5294 τοῦ
3030 5243 3265 5309 γέλωτος
3285 5282 3300 5307 ,
3338 5244 3436 5315 τὴν
3471 5231 3572 5315 τῆς

1996 5325 2257 5387 ἀνέσεως,
2281 5323 2380 5393 τὴν
2401 5323 2501 5392 τῆς
2525 5322 2993 5393 γαστριμαργίας,
3015 5323 3112 5394 τὴν
3134 5325 3232 5394 τῆς
3266 5327 3454 5397 μέθης.
3472 5328 3571 5399 τῆς

1995 5405 2105 5459 τῶν
2129 5405 2428 5476 χρημάτων
2445 5422 2512 5458 πε
2519 5405 2765 5478 ριϐολῆς,
2785 5407 2885 5478 τῆς
2905 5408 2962 5460 ὲν
2979 5409 3044 5482 τῇ
3081 5407 3271 5470 ἐσθῆτι
3293 5410 3568 5482 βλακείας.

2059 5686 2080 5713 ε
2107 5683 2206 5734 Alii
2231 5683 2525 5745 ἐκχεομένου.
