4030 6136
354 343 494 398 1049⁵

350 459 441 526 gi',
469 472 640 526 neque
672 456 956 528 quidquam
1006 456 1366 511 molestiarum
1394 462 1648 522 expertus
1686 461 1787 517 est,
1830 446 1924 502 sed

351 564 560 618 semper
613 564 868 620 prospero
913 559 1190 604 ventorum
1239 547 1417 602 afflatu
1460 545 1705 608 delatus,
1747 549 1928 610 utpote

353 655 444 701 per
474 641 758 708 spatiosam
801 640 940 694 viam
981 639 1252 700 incedens,
1284 637 1449 690 multa
1487 649 1606 690 cum
1645 631 1928 687 securitate

352 732 621 802 pergebat.
645 732 916 801 Nusquam
945 743 1069 785 saxa
1097 731 1196 784 sub
1226 729 1380 783 undis
1407 726 1645 790 latentia,
1667 735 1926 792 nusquam

349 823 574 892 scopuli,
606 837 861 893 nusquam
903 822 1228 894 praecipitia,
1272 833 1528 889 nusquam
1577 814 1926 884 naufragium,

357 929 613 984 nusquam
640 915 860 969 mutatio
887 913 1182 984 inmqualis,
1211 913 1304 967 sed
1331 911 1480 982 quasi
1510 926 1602 980 per
1617 907 1846 969 solidam
1875 913 1930 959 et

351 1005 563 1072 planam
593 1007 864 1075 regionem
891 1006 991 1061 iter
1021 1005 1242 1070 habens,
1272 1004 1340 1057 ita
1369 1001 1642 1070 praesentis
1660 999 1778 1052 vita:
1807 1012 1931 1066 spa-

354 1094 421 1146 tia
451 1093 766 1150 decurrebat
799 1112 813 1148 :
843 1094 1076 1163 quotidie
1101 1094 1346 1146 vitiorum
1373 1088 1624 1145 ﬂuctibus
1649 1087 1928 1155 mergeba-

354 1195 459 1251 tur,
491 1201 662 1256 neque
686 1174 984 1241 Sentiebat:
1011 1184 1246 1255 quotidie
1275 1197 1556 1252 pravarum
1582 1178 1928 1247 cupiditatum

353 1276 581 1330 stimulis
606 1277 959 1346 pangebatur,
980 1284 1034 1330 et
1059 1275 1289 1344 amplius
1318 1273 1593 1328 laetabatur
1621 1287 1633 1322 :
1660 1285 1691 1323 a
1717 1266 1935 1323 lascivia.

351 1383 564 1436 semper
590 1367 951 1434 obsidebatur,
980 1369 1048 1423 ab
1089 1365 1341 1436 ingluvie,
1371 1365 1438 1419 ab
1468 1363 1650 1418 insana
1691 1359 1930 1430 peennite

351 1459 660 1527 cupiditate,
698 1474 799 1514 nec
833 1460 941 1513 ullo
979 1459 1238 1512 malorum
1287 1470 1446 1510 sensu
1480 1452 1806 1523 tangebatur,
1835 1465 1930 1504 ne-

351 1564 456 1618 que
478 1549 578 1602 vite
611 1551 769 1604 linem
810 1558 1016 1618 poterat
1060 1547 1352 1618 praevidere
1392 1563 1407 1600 :
1455 1545 1548 1600 sed
1587 1543 1930 1615 pnesentium

351 1649 558 1694 tantum
583 1639 912 1709 jucunditate
942 1640 1243 1704 fruebatur,
1262 1653 1360 1694 nee
1397 1650 1646 1706 umquam
1691 1632 1929 1702 perpetui

351 1733 558 1789 doloris
581 1736 634 1788 in
664 1744 894 1790 mentem
937 1735 1013 1789 illi
1039 1734 1304 1796 veniebat,
1333 1731 1428 1788 sed
1456 1731 1727 1799 deceptus,
1759 1736 1816 1781 ut
1856 1726 1934 1781 ita

350 1824 555 1893 loquar,
590 1839 685 1894 per
712 1825 870 1879 latam
899 1826 1038 1879 viam
1077 1823 1374 1886 incedebat,
1403 1829 1458 1876 et
1493 1820 1559 1874 ad
1593 1820 1762 1888 ipsum
1792 1830 1928 1885 prae-

349 1914 586 1984 eipitium
607 1914 908 1980 festinabat,
935 1917 1074 1985 quod
1097 1931 1202 1970 non
1224 1923 1429 1985 poterat
1455 1929 1564 1982 prae
1582 1911 1744 1966 nimia
1756 1908 1931 1964 ebrie-

350 2015 461 2060 tate
486 2020 828 2074 cognoscere.
859 2006 992 2061 Nam
1040 2007 1129 2062 ille
1174 2020 1397 2074 prosper
1433 2003 1816 2057 nmndanarnm
1847 2013 1932 2053 re-

350 2111 468 2150 rum
493 2111 801 2161 successus,
843 2099 934 2167 qui
966 2099 1225 2152 rationem
1263 2097 1376 2165 ejus
1407 2095 1674 2156 obruerat,
1719 2089 1929 2144 oculum

351 2185 428 2239 illi
454 2186 648 2240 mentis
669 2196 981 2255 excazcarat,
1009 2197 1062 2242 et
1089 2187 1237 2256 quasi
1265 2186 1375 2255 jam
1402 2183 1687 2238 luminibus
1712 2181 1932 2236 orbatus

350 2276 674 2343 ambulabat,
703 2293 874 2347 neque
901 2294 1008 2348 quo
1037 2278 1263 2333 ferretur
1289 2277 1526 2332 sciebat:
1553 2275 1776 2329 fortasse
1801 2286 1931 2327 vero

351 2381 526 2435 neque
551 2377 754 2423 natura:
794 2369 1040 2424 humanae
1067 2368 1405 2433 meminerat,
1442 2381 1562 2420 cum
1601 2380 1659 2419 se
1686 2371 1931 2419 cerneret

347 2456 710 2512 difﬁcultatem
738 2459 938 2513 nullam
961 2460 1216 2527 experiri.
1256 2457 1369 2511 Non
1397 2456 1537 2512 enim
1565 2463 1764 2510 tantum
1793 2453 1928 2508 deli-

347 2547 448 2600 ciis
471 2547 757 2612 fruebatur,
799 2548 892 2603 sed
916 2559 968 2604 et
992 2549 1190 2618 opibus
1215 2547 1516 2603 abundabat
1544 2564 1558 2600 z
1590 2560 1762 2611 neque
1807 2552 1926 2598 tan-

349 2646 460 2690 tum
479 2637 670 2706 opibus
696 2637 1028 2705 abundabat,
1045 2638 1138 2694 sed
1172 2647 1226 2693 et
1262 2651 1513 2708 prospera
1547 2645 1662 2691 erat
1689 2635 1934 2705 corporis

348 2727 648 2783 valetudine
679 2743 700 2783 :
724 2744 896 2800 neque
923 2743 1056 2784 sano
1087 2737 1288 2785 tantum
1322 2738 1436 2783 erat
1461 2742 1704 2798 corpore,
1747 2727 1841 2782 sed
1871 2735 1925 2782 et

348 2834 388 2872 α
408 2820 574 2874 multo
598 2820 854 2877 famulitio
874 2822 1165 2886 colebatur,
1197 2836 1369 2892 neque
1399 2829 1602 2875 tantum
1631 2818 1928 2885 colebatur,

348 2913 444 2967 sed
470 2912 646 2967 omnia
667 2915 768 2969 sibi
809 2929 1034 2971 cernens
1054 2923 1319 2985 tamquam
1349 2929 1416 2970 ex
1440 2912 1587 2969 fonte
1628 2912 1815 2980 fluere,
1852 2911 1933 2966 vi—

348 3015 456 3058 tam
492 3005 545 3058 in
583 3013 836 3074 perpetua
864 3007 1134 3076 voluptate
1161 3007 1404 3076 degebat.
1433 3005 1666 3070 Vidistis,
1695 3004 1930 3059 dilectis-

346 3096 491 3162 simi,
517 3110 661 3164 eum,
696 3097 785 3166 qui
822 3113 918 3167 per
949 3098 1110 3152 latam
1153 3109 1358 3168 portam
1394 3097 1703 3162 intraverat,
1744 3103 1799 3150 et
1834 3109 1932 3164 per

345 3187 635 3258 spatiosam
690 3189 829 3244 viam
883 3187 1216 3254 incesserat,
1279 3187 1491 3258 quantis
1544 3186 1748 3242 deliciis
1793 3185 1931 3256 poti-

347 3287 496 3332 netur
522 3278 556 3331 ‘1'

416 3371 730 3438 Ante-ﬁnem.
759 3371 881 3424 eitw
920 3385 1064 3424 nemo
1107 3371 1294 3424 beatus.
1319 3399 1388 3409 —
1407 3368 1577 3424 Nemo
1619 3377 1794 3423 tamen
1825 3382 1924 3422 eo-

344 3478 487 3527 rum,
532 3462 624 3530 qui
668 3461 783 3516 haec
825 3460 1068 3529 audiunt,
1111 3471 1234 3516 ante
1283 3461 1444 3514 linem
1485 3459 1698 3514 beatum
1753 3459 1926 3528 ipsum

345 3552 636 3622 medicare
671 3551 936 3622 dignetur,
974 3552 1068 3607 sed
1109 3569 1284 3606 rerum
1329 3553 1487 3608 ﬁnem
1526 3560 1819 3621 exspectet,
1863 3565 1928 3605 ac

346 3657 458 3700 tum
486 3645 806 3700 sententiam
831 3643 985 3700 feret.
1028 3645 1206 3715 Itaque
1236 3645 1391 3698 illum
1410 3645 1497 3713 qui
1529 3659 1622 3713 per
1647 3652 1925 3713 angustam

346 3747 554 3806 portam
582 3737 899 3805 intraverat,
932 3746 987 3794 et
1012 3747 1215 3792 arctum
1253 3738 1355 3791 iter
1379 3735 1703 3802 confecerat,
1733 3735 1778 3788 si
1809 3734 1925 3804 pla-

341 3836 454 3894 eet,
497 3828 561 3882 in
604 3827 839 3883 medium
889 3828 1234 3894 adducamus,
1283 3843 1348 3884 ac
1396 3827 1588 3883 deinde
1642 3837 1921 3898 postquam

345 3921 618 3990 utriusque
669 3922 828 3977 tinem
883 3923 1343 3991 conspexerimus,
1396 3919 1802 3975 convenientem
1855 3919 1924 3973 de

347 4027 666 4082 unoquoque
715 4013 1031 4067 sententiam
1083 4011 1336 4067 feramus.
1397 4010 1692 4077 Quemnam
1743 4018 1920 4063 autem

342 4104 503 4158 alium
539 4103 779 4173 proferre
807 4119 1110 4174 possumus,
1151 4120 1308 4174 quam
1337 4103 1618 4169 Lazarum,
1660 4102 1784 4173 qui~
1799 4112 1925 4157 ante

339 4193 518 4250 divtis
537 4195 858 4250 vestibulum
893 4195 1122 4264 jacebat,
1165 4204 1220 4250 et
1257 4194 1325 4248 ab
1355 4195 1456 4250 illis
1488 4195 1752 4250 ulceribus
1778 4194 1923 4248 obsi-

337 4285 586 4350 debatur,
613 4286 703 4354 qui
742 4301 837 4340 sua
862 4287 1078 4342 vulnera
1123 4302 1154 4340 a
1191 4302 1384 4342 canum
1413 4287 1610 4357 linguis
1633 4286 1817 4357 attingi
1844 4287 1921 4340 vi-

336 4379 520 4444 debat,
564 4393 660 4433 nec
704 4378 826 4433 illos
863 4379 1069 4434 valebat
1117 4379 1375 4449 abigere?
1412 4379 1480 4434 Ut
1515 4379 1656 4434 enim
1699 4379 1790 4434 ille
1827 4393 1922 4449 per

337 4472 498 4524 latam
527 4477 734 4539 portam
766 4471 1058 4539 ingressus,
1093 4485 1190 4540 per
1213 4472 1499 4540 spatiosam
1529 4472 1668 4526 viam
1707 4472 1921 4528 incede-

338 4560 464 4624 bat;
502 4559 574 4615 ita
599 4559 786 4615 beatus
828 4562 962 4626 iste;
1005 4561 1216 4616 beatum
1257 4561 1453 4632 quippe
1495 4561 1641 4616 illum
1681 4561 1790 4632 jam
1818 4578 1916 4632 ap-

335 4652 500 4721 pello,
529 4653 668 4722 quod
699 4667 795 4722 per
835 4662 1115 4724 angustam
1156 4653 1380 4723 elegerit
1410 4653 1668 4710 introire:
1702 4668 1800 4724 per
1821 4669 1918 4709 an-

332 4755 548 4814 gustant
599 4756 804 4815 portam
856 4746 1105 4813 intravit,
1160 4746 1212 4800 in
1255 4761 1358 4817 qua
1415 4747 1598 4801 omnia.
1647 4747 1920 4806 contrarie-

333 4835 496 4890 modo
519 4851 578 4892 se
599 4835 886 4893 habebant.
926 4836 994 4894 Ut
1022 4838 1112 4892 ille
1136 4852 1348 4907 semper
1385 4837 1590 4894 deliciis
1617 4838 1912 4906 fruebatur,

331 4927 410 4981 sic
452 4936 508 4981 et
548 4927 649 4982 iste
677 4938 932 4997 perpetua
964 4929 1104 4984 fame
1145 4929 1568 4984 conflictabatur.
1619 4932 1793 5001 Atque
1822 4930 1917 4986 ille

330 5018 550 5087 quidem
591 5018 803 5076 deliciis
843 5029 900 5076 et
934 5035 1187 5090 prospera
1227 5022 1470 5092 corporis
1508 5022 1831 5090 valetudine,
1859 5021 1913 5079 et

333 5113 676 5181 pecuniarum
702 5112 1024 5168 abundantia
1053 5114 1374 5184 potiebatur,
1402 5124 1458 5168 et
1482 5114 1727 5185 ingluvici
1750 5125 1910 5186 atque

328 5202 577 5259 ebrietati
602 5204 728 5258 totis
750 5203 940 5259 diebus
962 5203 1196 5259 vacando
1215 5205 1594 5260 conficiebatur
1618 5223 1631 5260 :
1657 5205 1756 5262 iste
1781 5221 1909 5260 vero

329 5309 434 5348 una
460 5309 580 5348 cum
601 5293 762 5360 fame,
789 5309 995 5348 summa
1033 5310 1322 5365 oppressus
1349 5306 1462 5351 erat
1491 5306 1746 5368 egestate,
1781 5315 1906 5368 per-

327 5387 452 5443 enni
493 5386 702 5454 morbo,
742 5397 797 5443 et
839 5387 1187 5444 intolerandis
1226 5391 1517 5457 ulceribus,
1550 5403 1694 5450 utne
1721 5410 1908 5450 neces—

325 5481 501 5535 sarius
529 5479 742 5549 quidem
772 5479 846 5535 illi
870 5481 1026 5536 cibus
1052 5491 1376 5552 suppeteret,
1417 5485 1510 5540 sed
1537 5487 1705 5541 micas
1729 5488 1795 5542 de
1819 5488 1904 5542 di-

325 5574 450 5628 vitis
502 5588 686 5628 mensa
726 5573 976 5629 cadentes
1021 5583 1330 5644 expeteret,
1383 5593 1518 5646 quas
1573 5595 1902 5651 nequaquam

326 5678 501 5722 tamen
535 5667 860 5734 impetraret.

398 5764 449 5815 4.
497 5759 679 5816 Vidisti
709 5776 813 5831 quo
843 5770 995 5829 pacto
1025 5776 1116 5830 per
1144 5773 1418 5833 augustam
1463 5773 1667 5832 portam
1696 5765 1898 5836 ingres-

1547 338 1634 393 nt:
1673 331 1943 392 LAZARO‘
1969 330 2213 388 CONCIO
2246 333 2352 404 vn.

3480 342 3618 397 1030

2041 459 2130 498 sus
2161 446 2279 511 istc,
2309 461 2402 516 per
2439 457 2637 503 arctam
2669 449 2806 502 viam
2848 464 3058 518 semper
3089 451 3387 516 incedech
3427 452 3614 509 Vidisti

2035 553 2143 607 quo
2187 547 2339 606 pacto
2394 540 2484 593 ille
2532 555 2625 608 per
2670 541 2825 594 latam
2849 550 3051 609 portam
3100 553 3153 595 et
3195 559 3287 611 per
3330 545 3624 613 spatiosam

2037 632 2174 684 viam
2205 631 2478 700 pergeret?
2515 630 2630 686 Jant
2662 648 2788 686 vero
2829 631 2984 686 finem
3015 634 3290 704 utriusque
3315 634 3610 701 videmnus,

2035 731 2092 776 et
2114 738 2219 792 quo
2247 731 2400 792 pacto
2432 724 2482 776 in
2514 733 2792 793 angustum
2819 723 2910 778 ille
2940 725 3094 780 linem
3119 725 3356 791 desierit,
3385 743 3492 796 quo
3520 744 3612 794 pt-

2035 823 2122 867 cto
2149 814 2247 868 iste
2278 814 2329 867 in
2365 814 2525 867 latum
2571 829 2634 869 ae
2672 815 2851 868 multis
2879 815 3090 870 deliciis
3118 815 3373 870 refertum
3405 835 3418 870 :
3454 817 3616 896 urbis

2037 905 2200 976 probe
2227 905 2526 969 intellectis,
2562 922 2628 959 ne
2657 907 2945 974 spatiosam
2972 906 3109 960 viam
3133 907 3278 961 omni
3311 907 3468 962 modo
3497 923 3617 976 per-

2037 1012 2339 1066 sequamur,
2382 1013 2554 1066 neque
2593 1013 2688 1068 per
2717 998 2877 1052 latam
2919 1009 3124 1069 portam
3157 1000 3354 1071 ingredi
3401 999 3617 1054 studea-

2037 1106 2177 1156 mus,
2206 1089 2298 1144 89d
2335 1099 2613 1158 angustam
2646 1098 2853 1159 portam
2899 1102 3180 1156 sectemur,
3213 1100 3266 1146 Cl
3295 1107 3388 1160 per
3416 1101 3616 1145 arctam

2037 1180 2177 1235 viam
2218 1181 2544 1246 incedamus,
2575 1196 2680 1250 quo
2721 1183 2984 1250 possimus
3012 1183 3076 1237 ad
3111 1183 3307 1237 bonum
3347 1182 3508 1237 finem
3554 1200 3616 1236 ac

2037 1271 2288 1328 refertum
2317 1271 2521 1326 deliciis
2547 1273 2841 1342 pervenire.

2108 1365 2382 1419 Dissimilis
2413 1365 2596 1420 Lazari
2644 1367 2756 1420 vitae
2798 1367 3056 1422 terminus.
3081 1400 3149 1408 —
3176 1369 3306 1422 Cum
3337 1371 3478 1424 enim
3527 1388 3619 1423 rn-

2030 1458 2222 1528 jusqne
2253 1459 2459 1513 illorum
2509 1458 2628 1513 finis
2668 1459 2989 1526 advenisset,
3040 1459 3156 1514 vide
3186 1460 3311 1530 quid
3343 1463 3410 1514 de
3439 1476 3504 1514 eo
3529 1463 3617 1530 qui

2035 1567 2130 1622 per
2160 1561 2358 1604 arctam
2385 1550 2523 1604 viam
2566 1558 2890 1620 perrexerat,
2927 1551 3072 1620 prius
3099 1550 3241 1604 dicat
3264 1569 3276 1602 :
3304 1549 3520 1604 Factum
3548 1561 3618 1603 est

2035 1654 2228 1709 autem,
2261 1642 2457 1712 inquit,
2481 1652 2534 1695 ut
2564 1652 2840 1696 mereretur
2864 1642 3146 1706 mendicus,
3178 1654 3223 1696 et
3253 1653 3540 1713 portaretur
3558 1643 3619 1694 ob

2035 1736 2227 1806 angelis
2253 1736 2307 1789 in
2335 1736 2502 1789 sinum
2521 1735 2740 1789 Abrahae
2764 1735 2912 1805 (Luc.
2940 1736 3025 1790 l6.
3056 1735 3174 1805 22).
3202 1735 3450 1790 Fortasse
3474 1737 3618 1789 illtnn

2036 1826 2368 1882 abducebant
2395 1827 2567 1896 angeli
2611 1826 2972 1896 pneccdeutes
3016 1837 3070 1881 et
3099 1827 3234 1882 latus
3262 1827 3377 1897 ejus
3418 1829 3618 1882 satelli-

2038 1927 2149 1974 tum
2187 1934 2335 1974 more
2356 1919 2652 1988 cingentes,
2683 1930 2840 1990 atque
2881 1919 2932 1974 in
2958 1919 3266 1974 deliciarum
3297 1920 3470 1974 locum
3501 1930 3619 1989 post

2039 2011 2229 2066 multas
2254 2011 2371 2066 illas
2394 2011 2710 2066 afflictioncs
2735 2020 2790 2066 et
2831 2020 3034 2066 arctam
3063 2011 3205 2065 illam
3235 2011 3618 2081 peregrinatio-

2035 2118 2158 2158 nem
2213 2103 2581 2159 restituebant.
2645 2104 2804 2160 Vides
2850 2114 3048 2176 quanta
3101 2104 3153 2158 in
3213 2105 3319 2159 fine
3384 2114 3620 2174 angusta:

2036 2203 2204 2266 portae
2245 2205 2302 2250 et
2345 2204 2506 2251 arcta:
2534 2195 2633 2251 via:
2670 2207 2924 2266 appareat
2963 2197 3216 2252 latitudo?
3244 2198 3377 2254 Vide
3399 2197 3509 2269 jam
3541 2198 3620 2252 fu-

2036 2295 2246 2343 nestum
2277 2288 2561 2343 terminum
2586 2289 2688 2343 viai
2719 2289 2986 2358 spatiosae.
3020 2289 3256 2345 Mortuus
3283 2300 3356 2346 est
3384 2301 3550 2345 autent
3575 2300 3620 2346 et

2036 2378 2194 2444 dives,
2225 2378 2418 2450 inquit,
2443 2387 2490 2432 et
2512 2379 2738 2449 sepultus
2767 2389 2859 2432 est.
2891 2379 3078 2434 Nullus
3108 2380 3207 2435 fuit
3231 2382 3320 2451 qui
3349 2381 3618 2451 praecede-

2037 2477 2139 2532 ret,
2172 2468 2348 2522 nullus
2373 2468 2472 2536 qui
2494 2468 2632 2523 latus
2670 2469 2912 2537 st-iparet,
2939 2469 3115 2524 nullus
3139 2470 3229 2540 qui
3258 2471 3310 2524 in
3334 2471 3418 2526 via
3444 2471 3618 2527 dedu~

2033 2568 2211 2624 ceret,
2229 2559 2366 2614 sicut
2393 2559 2672 2614 Lazarum.
2714 2558 2846 2614 Nam
2885 2560 3135 2629 quoniam
3165 2561 3217 2615 in
3261 2561 3492 2631 spatiosa
3535 2563 3618 2614 via

2031 2651 2240 2707 cunctis
2265 2650 2412 2706 hisce
2438 2652 2637 2722 potitus
2671 2661 2770 2717 est,
2801 2650 3089 2722 habuitque
3128 2653 3324 2708 multos
3367 2653 3618 2708 satellites

2035 2757 2099 2797 ac
2135 2741 2383 2808 famulos,
2411 2751 2800 2811 assentatores,
2828 2742 3063 2813 inquam,
3091 2745 3374 2814 parasitos,
3400 2744 3615 2814 quando

2036 2832 2102 2887 ad
2130 2833 2432 2901 sepulcrum
2474 2834 2640 2897 venit,
2685 2833 2857 2890 nudus
2897 2850 2960 2889 ac
2999 2834 3284 2889 destitutus
3313 2834 3397 2888 his
3442 2837 3618 2889 omni--

2037 2923 2139 2978 bus
2177 2923 2275 2976 fuit
2302 2933 2420 2991 post
2457 2925 2650 2978 multas
2697 2924 2813 2977 illas
2841 2924 3137 2993 voluptates
3166 2927 3248 2980 vel
3288 2925 3462 2994 potius
3493 2935 3616 2994 post

2035 3015 2251 3069 brevem
2289 3014 2432 3069 illam
2486 3015 2809 3084 voluptatem
2860 3024 2915 3069 et
2960 3017 3388 3085 prosperitatem.
3437 3017 3623 3071 Brevis.

2033 3107 2177 3161 enim
2219 3113 2303 3159 est
2348 3113 2457 3158 tota
2490 3119 2725 3174 praesens
2764 3104 2889 3166 vita,
2937 3105 2980 3159 si
3026 3121 3145 3159 cum
3202 3105 3379 3161 futuro
3424 3107 3618 3161 smculo

2032 3205 2392 3267 comparetur.
2424 3195 2550 3252 Post
2581 3195 2800 3251 brevem
2827 3196 2985 3266 igitur
3013 3196 3357 3266 voluptatem,
3389 3213 3492 3268 qua
3520 3213 3616 3268 po-

2034 3288 2162 3342 titus
2199 3294 2302 3354 est,
2329 3285 2454 3340 dum
2490 3303 2584 3356 per
2611 3287 2898 3354 spatiosam
2926 3287 3066 3341 viam
3107 3287 3398 3353 incederet,
3445 3302 3614 3357 angn-

2031 3379 2252 3434 stiarum
2293 3387 2350 3434 et
2387 3377 2688 3433 afﬂictionis
2715 3393 2837 3432 eum
2868 3378 3018 3433 locus
3052 3382 3279 3448 excepit.
3319 3380 3493 3448 Atque
3524 3379 3614 3433 ille

2028 3469 2246 3540 quidem
2294 3469 2346 3524 in
2389 3468 2510 3523 sinu
2552 3469 2780 3524 Abraha:
2829 3469 3218 3539 requiescebat,
3269 3483 3334 3523 ae
3373 3470 3614 3525 laborum

2031 3561 2426 3630 multarumque
2462 3559 2797 3615 miseriarum
2843 3561 3146 3616 mercedem
3195 3561 3456 3631 recipiens
3495 3574 3614 3632 post

2029 3649 2248 3716 famem,
2292 3659 2414 3720 post
2440 3651 2640 3714 ulcera,
2683 3660 2959 3722 postquam
3001 3653 3053 3706 in
3085 3653 3348 3707 vestibulo
3378 3653 3610 3707 reclina-

2031 3749 2116 3795 tus
2136 3740 2400 3810 jacuerat,
2447 3739 2803 3796 inell'abilibus
2842 3741 2947 3797 illis
2977 3741 3203 3809 deliciis,
3236 3759 3368 3814 quas
3399 3760 3465 3798 ne
3491 3759 3613 3798 ora-

2031 3831 2175 3886 tione
2221 3830 2434 3900 quidem
2487 3832 2772 3901 complecti
2823 3846 3132 3902 possmnus,
3179 3831 3451 3888 fruebatur
3483 3851 3497 3887 :
3531 3833 3613 3889 hic

2029 3937 2156 3978 vero
2210 3931 2328 3992 post
2374 3923 2696 3990 voluptatem
2748 3939 2812 3978 ac
2858 3923 3100 3989 delicias,
3152 3933 3274 3993 post
3318 3925 3608 3994 ingluviem

2027 4017 2266 4080 multam,
2297 4026 2416 4086 post
2438 4016 2751 4071 ebrietatem
2793 4016 2869 4071 illi
2897 4017 3190 4072 inevitabili
3229 4019 3490 4088 supplicio
3519 4020 3615 4073 ad-

2025 4106 2202 4161 dictus
2241 4107 2595 4163 eruciabatur.
2638 4105 2706 4164 Ut
2745 4114 2920 4160 autem
2960 4106 3169 4160 illorutn
3202 4117 3424 4178 uterque
3453 4110 3610 4165 rebus

2024 4197 2156 4267 ipsis
2190 4198 2464 4266 doceatur,
2511 4197 2597 4254 hic
2622 4197 2857 4268 quidem,
2889 4209 3084 4268 quanta
3133 4199 3202 4254 sit
3242 4210 3480 4268 augustae
3508 4202 3608 4256 via:

2026 4291 2248 4356 utilitas,
2289 4291 2380 4347 ille
2420 4306 2571 4359 vero,
2601 4299 2858 4361 quantum
2903 4291 3182 4359 damnum,
3211 4302 3409 4364 quanta
3433 4296 3609 4363 perni-

2025 4382 2134 4436 cies
2178 4382 2448 4452 spatiosm,
2479 4397 2512 4438 a
2549 4381 2704 4452 longe
2731 4383 2903 4438 multo
2940 4368 3212 4452 sejunctas
3241 4384 3523 4439 intervallo
3551 4401 3610 4441 se

2025 4474 2249 4530 invicem
2290 4474 2586 4529 intuentur.
2630 4473 2770 4528 Audi
2805 4489 2911 4545 quo
2956 4475 3243 4545 pactozEt
3289 4476 3345 4530 in
3384 4477 3604 4547 inferno,

2022 4565 2116 4632 ait,
2141 4565 2336 4620 elevans
2359 4566 2531 4620 oculos
2547 4582 2686 4631 suos,
2709 4567 2767 4621 in
2786 4567 3044 4621 tormentis
3063 4566 3270 4639 degens,
3293 4569 3423 4624 videt
3448 4569 3608 4624 Abra-

2022 4657 2141 4711 ham
2180 4673 2212 4710 a
2249 4657 2417 4728 longe,
2447 4666 2493 4711 et
2529 4655 2786 4712 Lazarum
2821 4657 2876 4712 in
2906 4659 3021 4712 sinu
3045 4659 3159 4727 ejus
3187 4657 3341 4729 (Luc.
3371 4660 3458 4715 16.
3484 4658 3604 4731 25).

2021 4750 2278 4821 Equidem
2306 4751 2537 4806 arbitror
2573 4751 2721 4806 illum
2751 4750 2838 4805 ubi
2869 4760 2974 4806 tam
3014 4744 3241 4806 subitam
3269 4767 3450 4806 rerum
3493 4768 3610 4807 mu-

2023 4843 2278 4899 tationem
2309 4842 2461 4910 vidit,
2489 4852 2543 4899 et
2589 4844 2734 4898 illum
2761 4843 2976 4914 quidem
3001 4844 3090 4915 qui
3121 4844 3332 4914 jaecbat
3361 4845 3415 4900 in
3439 4847 3602 4900 vesti-

2020 4937 2168 5005 bulo,
2193 4951 2492 5006 canumque
2532 4936 2725 5008 linguis
2751 4947 2867 4993 erat
2901 4937 3196 5007 expositus,
3235 4945 3381 4991 tanta
3411 4935 3600 4992 fiducia

2015 5028 2269 5099 gaudere,
2297 5028 2424 5084 dum
2453 5029 2506 5084 in
2535 5030 2848 5100 patriarcha:
2873 5031 2995 5086 sinu
3019 5039 3359 5084 versaretur:
3384 5044 3444 5085 se
3472 5045 3602 5086 vero

2016 5127 2161 5176 tanta
2188 5119 2433 5176 obrutum
2463 5122 2772 5193 ignominia,
2797 5129 2956 5192 atque
2984 5121 3200 5190 insuper
3235 5119 3356 5190 igne
3389 5122 3599 5176 crucia-

2015 5221 2149 5280 tum,
2177 5215 2432 5284 majorem
2463 5229 2681 5269 sensum
2713 5213 2914 5267 doloris
2936 5211 3164 5282 cepisse.
3197 5211 3328 5266 Cum
3362 5225 3489 5282 ergo
3509 5225 3597 5266 res

2013 5313 2260 5361 cerneret
2286 5305 2340 5360 in
2369 5305 2696 5360 contrarium
2735 5309 2985 5367 mutatas,
3011 5315 3074 5356 ac
3106 5315 3165 5356 se
3184 5301 3274 5371 qui
3314 5315 3597 5370 propemo-

2011 5396 2139 5452 dum
2185 5396 2241 5451 in
2283 5395 2487 5452 somnis
2521 5404 2579 5450 et
2613 5393 2799 5450 umbra
2822 5392 3027 5450 deliciis
3056 5393 3257 5463 potitus
3276 5402 3410 5458 erat,
3453 5407 3594 5449 nunc

2012 5489 2346 5545 intolerabile
2369 5487 2685 5557 supplicium
2715 5485 2872 5553 ferre,
2898 5502 2961 5542 ac
2982 5493 3100 5556 post
3138 5484 3426 5555 spatiosam
3453 5485 3589 5541 viam

2011 5581 2278 5651 latamque
2297 5588 2527 5651 portam,
2555 5580 2608 5634 in
2642 5579 2801 5636 finem
2823 5583 2958 5634 adeo
2987 5586 3268 5648 angustum
3297 5592 3415 5633 esse
3441 5580 3582 5634 deta-

2013 5682 2123 5726 tum
2147 5688 2162 5726 :
2190 5672 2265 5728 illi
2289 5688 2415 5727 vero
2441 5671 2705 5726 contraria
2727 5670 2949 5741 'penitus
2991 5668 3254 5733 evenisse,
3283 5683 3345 5722 ac
3371 5681 3594 5741 propter

2014 5782 2152 5835 eam,
2187 5781 2342 5838 quam
2387 5766 2436 5836 in
2468 5764 2568 5822 hac
2599 5766 2701 5820 vita
2730 5763 3040 5821 exhibuerat
3069 5761 3404 5833 patientiam,
3436 5760 3586 5814 illum
3656 5784 3662 5790 ο
