4030 6136
488 361 615 417 1051

485 474 839 532 inell'abilibus
876 477 1072 548 perfrui
1111 478 1284 541 bonis.
1318 479 1560 534 nesciens
1591 496 1696 550 quo
1722 497 1781 535 se
1811 488 2060 546 verteret,

485 567 742 637 inopsque
770 569 997 635 consilii,
1031 585 1151 625 cum
1178 572 1501 639 experientia
1541 571 1834 639 didicisset,
1867 582 2062 643 quanta

484 661 666 714 fraude
692 661 903 730 penitus
928 661 1179 733 deceptus
1209 665 1413 731 fuisset,
1448 681 1567 719 cum
1609 666 1896 734 spatiosam
1924 665 2063 719 viam

483 751 752 821 elegisset,
794 754 1229 823 supplicationem
1269 755 1423 810 oll‘ert
1449 756 1782 825 patriarchae,
1813 771 1876 811 ac
1902 757 2062 810 misc-

483 845 678 900 rabiles
726 861 884 900 voces
925 848 1082 901 sinml
1125 858 1179 903 et
1230 849 1494 920 lacrymas
1546 851 1773 904 ubertim
1820 849 2061 904 effundit.

487 935 666 1004 Itaque
688 938 730 992 is
746 941 833 1008 qui
861 939 927 992 ad
953 939 1209 994 Lazarum
1241 956 1299 996 se
1322 951 1655 1006 convertere,
1689 943 1771 996 vel
1798 943 1947 996 illum
1974 958 2064 997 re-

484 1028 688 1095 spicere
736 1045 839 1083 non
878 1031 1212 1101 dignabatur,
1245 1050 1527 1104 pauperem
1569 1035 1832 1104 ahjectum
1876 1046 1928 1090 et
1975 1037 2063 1102 ja-

485 1130 695 1174 ccntem
717 1122 1061 1189 investibulo,
1090 1125 1185 1179 sed
1211 1137 1264 1180 et
1296 1127 1467 1197 ipsum
1496 1128 1878 1198 prepemodum
1909 1128 2062 1184 dete-

483 1211 723 1265 stabatur
750 1226 968 1284 praptcr
1010 1217 1245 1271 ulcerum
1288 1227 1482 1272 tetrum
1523 1219 1763 1282 odorem,
1809 1235 2064 1289 suamque

487 1303 788 1372 mollitiem,
834 1316 888 1362 et
934 1307 1175 1374 delicias,
1231 1311 1422 1380 quibus
1466 1313 1717 1366 continue
1765 1311 2058 1380 fruebatur,

487 1409 629 1447 nunc
650 1397 964 1465 patriarcha:
991 1400 1252 1469 supplicat
1280 1411 1334 1456 et
1355 1403 1426 1455 ait
1459 1421 1471 1456 :
1506 1403 1947 1470 PaterAbra/aam,
1969 1405 2064 1456 mi-

485 1483 647 1539 serere
674 1487 791 1553 mei,
815 1497 861 1541 et
895 1491 1033 1544 mitte
1060 1489 1332 1557 Lazarum,
1361 1501 1412 1546 ut
1439 1492 1656 1563 intingat
1683 1503 1954 1548 extremum
1980 1496 2063 1548 di-

485 1576 577 1645 giti
613 1579 693 1630 sui
733 1578 786 1630 in
824 1595 1028 1648 aquam,
1070 1591 1116 1634 et
1150 1583 1411 1652 refrigeret
1449 1584 1676 1654 linguam
1724 1601 1921 1651 meam;
1944 1587 2064 1655 quia

485 1667 683 1720 crucior
707 1668 759 1721 in
783 1668 878 1722 hac
902 1670 1112 1739 ﬂamma
1144 1672 1291 1742 (Luc.
1324 1673 1410 1727 16.
1443 1673 1557 1741 24).
1583 1672 1927 1730 Sufficiebant
1950 1676 2066 1730 hzec

485 1756 644 1809 verba
698 1757 763 1810 ad
824 1759 1240 1814 miscricordiam
1295 1763 1643 1831 movendam,
1698 1775 2064 1819 verumtamen

485 1847 617 1900 nihil
661 1847 774 1903 hzrc
819 1849 891 1903 illi
939 1851 1267 1925 profuerunt.
1315 1853 1687 1921 lntempcstiva
1732 1856 1928 1924 quippe
1969 1855 2064 1911 fuit

483 1939 772 2006 confessio,
805 1950 857 1996 et
897 1959 1003 1996 non
1035 1945 1369 1999 convcnienti
1400 1946 1575 2000 oblata
1605 1955 1844 2016 tempore
1871 1947 2063 2017 depre-

483 2033 641 2083 catio.
679 2030 846 2098 Mitte,
887 2032 1076 2103 inquit,
1102 2034 1358 2089 Lazarum
1391 2037 1536 2090 illum
1568 2053 1872 2107 pauperem,
1903 2054 2060 2108 quem

484 2130 640 2174 antea
675 2121 1002 2191 dctestabar,
1035 2126 1121 2179 cui
1161 2126 1324 2182 micas
1366 2143 1470 2181 non
1508 2127 1849 2198 impertiebar
1874 2147 1885 2181 :
1914 2130 2060 2183 illmn

483 2225 581 2263 oro
607 2226 767 2277 nunc,
799 2221 853 2266 et
885 2213 1106 2283 digitum
1136 2216 1285 2270 illum
1316 2218 1550 2286 requiro,
1593 2234 1751 2288 quem
1778 2233 1938 2274 canes
1962 2221 2062 2273 lin-

481 2299 697 2367 gebant.
745 2301 909 2358 Vides
963 2313 1020 2358 ut
1065 2305 1212 2359 illum
1262 2307 1578 2376 supplicium
1635 2310 2060 2378 compeSCuerit?

480 2391 644 2448 Vides
677 2409 838 2464 quam
876 2407 1157 2465 angustum
1198 2399 1263 2452 ad
1318 2400 1472 2453 finem
1510 2400 1658 2455 illum
1707 2402 1938 2470 spatiosa
1978 2403 2058 2455 via

484 2483 779 2540 detulerit?
823 2486 1005 2556 Neque
1046 2503 1235 2558 preces
1277 2490 1432 2545 offert
1459 2491 1678 2556 Lazaro,
1710 2493 1802 2545 sed
1833 2495 2058 2561 patriar-

481 2575 636 2643 chae;
668 2579 860 2632 merito
886 2597 899 2632 :
929 2595 1101 2648 neque
1128 2582 1268 2636 enim
1290 2593 1472 2636 contra
1506 2599 1792 2652 pauperem
1819 2587 2060 2642 attollere

478 2669 664 2723 oculos
703 2669 951 2724 audebat.
1002 2670 1161 2727 Suam
1212 2673 1354 2726 enim
1397 2673 1830 2729 inhumanitatem
1880 2686 2059 2732 mente

477 2760 746 2825 versabat;
790 2769 843 2816 et
881 2763 1138 2832 cogitans,
1169 2780 1326 2834 quam
1367 2764 1837 2821 immisericordem
1883 2768 1954 2822 illi
1999 2783 2059 2825 se

478 2851 827 2921 exhibuisset,
870 2855 1040 2924 ipsum
1088 2871 1152 2910 ne
1191 2871 1452 2926 responso
1480 2857 1693 2926 quidem
1723 2873 1782 2912 se
1808 2858 2058 2928 dignatu-

480 2957 598 2996 rum
626 2945 1015 3014 suspicabatur.
1040 2947 1207 3015 Quam
1238 2949 1308 3004 ob
1333 2964 1545 3003 causam
1577 2965 1749 3020 neque
1787 2953 2056 3021 supplica-

477 3032 677 3088 tionem
708 3035 772 3090 ad
801 3036 950 3090 illum
978 3037 1178 3108 dirigit,
1223 3039 1316 3094 sed
1353 3040 1708 3110 patriarcbam
1735 3042 2051 3098 obtestatur.

475 3122 583 3178 Sed
624 3141 691 3180 ne
730 3127 808 3180 sic
836 3128 1048 3196 quidem
1075 3129 1361 3200 quidquatn
1394 3131 1616 3200 profecit
1644 3151 1658 3187 :
1694 3143 1896 3189 tantum
1937 3151 2052 3190 Ina-

472 3213 583 3269 lum
621 3225 704 3270 est
736 3216 1200 3288 intempestivitas,
1241 3230 1294 3275 et
1331 3237 1645 3278 concessum
1695 3226 1846 3281 nobis
1882 3242 1911 3280 a
1959 3228 2051 3283 Dei

471 3303 801 3376 benignitate
827 3307 892 3363 ad
919 3310 1104 3363 salutis
1127 3320 1325 3365 nostra:
1347 3314 1682 3369 occasionem
1713 3325 1923 3386 tempus
1955 3335 2051 3374 ne-

470 3397 694 3468 gligere.
739 3399 908 3466 Quem
963 3400 1106 3455 enim
1161 3401 1499 3458 adamantem
1557 3420 1664 3460 non
1715 3405 1832 3462 haec
1886 3409 2048 3466 verba

470 3487 783 3556 flexissent,
830 3501 885 3546 et
936 3491 1004 3547 ad
1052 3494 1474 3551 misericordiam
1517 3506 1572 3553 et
1622 3501 2047 3570 compassionem

467 3581 880 3636 commovissem
899 3583 926 3636 ?

537 3669 690 3725 Dives
727 3671 823 3725 sibi
852 3674 1097 3728 malorum
1121 3687 1318 3732 auctor.
1347 3707 1417 3719 -—
1445 3679 1822 3737 Verumtamen
1861 3700 1928 3740 ne
1969 3687 2049 3742 sic

467 3761 680 3832 quidem
726 3766 911 3819 annuit
961 3768 1202 3836 petitioni
1253 3772 1582 3840 patriarcha,
1639 3775 1732 3829 sed
1787 3793 2048 3846 reSpouso

466 3854 678 3924 quidem
709 3856 852 3912 illum
877 3860 1142 3930 dignatur,
1167 3862 1338 3932 ipsum
1369 3881 1495 3920 vero
1522 3866 1677 3921 docet
1701 3869 1800 3924 sibi
1832 3880 1904 3924 tot
1935 3888 2047 3927 ma-

465 3945 638 3999 lorum
671 3961 792 4002 eum
832 3959 1103 4004 auctorem
1135 3953 1422 4010 exstitisse.
1460 3956 1550 4010 Sic
1587 3959 1728 4012 enim
1758 3975 1878 4015 eum
1909 3963 2046 4017 allo-

464 4037 643 4107 quitur
668 4040 966 4108 patriarcha
998 4060 1010 4092 :
1036 4041 1162 4110 Fili,
1192 4047 1479 4116 recordare,
1508 4051 1627 4118 quia
1657 4056 1888 4124 recepisti
1913 4057 2045 4111 bona

463 4138 550 4182 tua
585 4131 636 4184 in
665 4132 764 4186 vita
793 4141 899 4199 tua,
928 4145 975 4188 et
1002 4134 1230 4192 Lazarus
1257 4139 1485 4195 similiter
1513 4143 1648 4197 mala
1675 4161 1694 4198 :
1718 4141 1850 4200 nu'nc
1875 4160 2042 4203 autent

461 4220 544 4274 hic
584 4223 784 4292 quidem
829 4227 1136 4294 consolatur,
1178 4239 1232 4282 tu
1276 4245 1390 4284 vero
1423 4234 1682 4288 cruciaris.
1722 4234 1790 4290 Et
1827 4239 1897 4291 ad
1935 4241 2044 4293 Itwc

460 4312 631 4364 omnia
654 4313 784 4368 inter
811 4330 897 4369 vos
925 4325 970 4369 et
999 4334 1090 4372 nos
1115 4318 1286 4373 hiatus
1309 4337 1520 4391 magnus
1545 4325 1841 4381 constitutus
1868 4341 1961 4390 est,
1987 4339 2042 4383 ut

458 4403 497 4456 ii
519 4404 606 4473 qui
635 4405 804 4458 volunt
849 4407 967 4490 hinc
1002 4410 1218 4464 transire
1257 4411 1326 4465 ad
1364 4429 1467 4478 vos,
1501 4431 1600 4469 non
1627 4421 1838 4486 possint,
1885 4437 2042 4489 neque

458 4493 577 4547 inde
602 4493 711 4548 'Imc
749 4505 1074 4553 transmeare.
1119 4501 1394 4558 Terribilia
1438 4516 1559 4560 sunt
1599 4506 1714 4562 hzec
1757 4511 1938 4578 verba,
1986 4523 2041 4568 et

455 4599 575 4653 quae
624 4587 828 4653 possint
863 4603 976 4656 eos,
1019 4591 1210 4659 quibus
1255 4608 1350 4648 cor
1396 4597 1551 4667 sapit,
1583 4598 1862 4666 plurimum
1892 4619 2041 4657 com-

459 4690 696 4731 movere.
727 4677 858 4732 Nam
895 4688 950 4734 ut
976 4696 1097 4735 eum
1137 4683 1346 4750 doceat,
1381 4699 1440 4741 se
1477 4687 1687 4757 quidem
1719 4706 1866 4745 suam
1910 4708 2037 4763 erga

456 4767 603 4822 illmn
635 4769 1053 4827 misericordiam
1096 4773 1369 4848 exhibere,
1417 4789 1576 4846 atque
1602 4781 1668 4834 ad
1707 4785 2038 4852 compatien-

454 4859 580 4913 dum
595 4859 811 4925 inflecti,
827 4861 952 4916 dum
971 4866 1350 4935 suppliciorum
1367 4869 1745 4941 cernitgravita
1755 4883 1859 4928 tem
1875 4891 1889 4928 :
1906 4876 2034 4931 nihil

451 4960 631 5007 tamen
677 4953 850 5008 solatii
879 4957 1118 5024 praebere
1140 4973 1316 5027 posse,
1343 4975 1506 5030 seque
1533 4965 1914 5032 propemodum
1941 4983 2036 5021 ex-

449 5058 644 5099 cusans
671 5044 764 5110 illi,
793 5045 1021 5113 Vellem,
1049 5047 1240 5120 inquit,
1277 5066 1492 5106 manum
1527 5055 1620 5109 tibi
1648 5057 1940 5128 porrigere,
1969 5074 2034 5114 ac

448 5135 662 5192 dolores
687 5139 950 5209 mitigare.
979 5151 1034 5196 et
1073 5144 1388 5211 peraeerbas
1425 5161 1610 5214 poenas
1645 5148 1904 5214 minuere,
1937 5150 2031 5206 sed

448 5238 501 5282 tu
533 5230 870 5300 temetipsum
894 5233 1211 5304 jampridem
1239 5251 1304 5291 eo
1333 5237 1523 5293 solatio
1549 5239 1762 5307 privasti
1788 5258 1802 5292 :
1831 5243 2032 5298 idcirco

447 5323 519 5378 ait
549 5341 562 5376 :
594 5323 722 5390 Fili,
767 5327 1061 5384 recordare.
1087 5326 1221 5384 Vide
1263 5329 1552 5386 bonitatem
1603 5333 1937 5402 patriarchae,
1973 5335 2033 5389 li-

447 5415 574 5472 limn
632 5419 804 5489 ipsum
848 5431 1022 5476 vocat.
1070 5422 1449 5478 Verumtamen
1506 5425 1606 5479 hoc
1659 5426 1873 5495 quidem
1914 5428 2030 5497 ejus

447 5507 827 5567 humanitatem
855 5523 1030 5584 potest
1061 5515 1367 5581 ostendere,
1405 5516 1497 5570 sed
1536 5517 1739 5571 nullum
1774 5520 2028 5574 auvilium

447 5598 610 5668 ferre,
659 5605 800 5672 quod
846 5605 1081 5676 seipsum
1125 5608 1238 5677 ipse
1286 5607 1598 5677 prodiderit.
1657 5609 1782 5678 Fili,
1833 5613 2022 5681 inquit,

435 5691 729 5762 recordare,
760 5697 879 5765 quia
918 5699 1149 5767 recepisti
1181 5709 1234 5753 tu
1274 5699 1406 5754 bona
1434 5711 1521 5754 tua
1548 5703 1601 5755 in
1640 5703 1741 5756 vita
1783 5713 1887 5756 tua.
1918 5703 2026 5758 Ve-

445 5787 598 5838 niant
619 5783 713 5841 tibi
753 5787 807 5842 in
835 5796 1068 5844 mentem
1100 5793 1387 5863 praeterita,
1416 5793 1520 5849 noli
1549 5793 1785 5850 oblivisci
1813 5798 2024 5868 quantis

1189 366 1244 422 S.
1282 365 1558 422 JOANNIS
1579 363 2049 423 CHRYSOSTOMI
2087 365 2403 423 ARCBIEP.
2443 361 2970 422 CONSTANTINOP.

3585 368 3689 427 ltili!

2173 477 2379 533 deliciis
2401 477 2599 547 potitus
2634 475 2818 542 fueris,
2856 483 3050 546 quanta
3087 474 3376 545 voluptate,
3403 486 3576 543 quanta
3599 497 3688 534 ma.

2171 567 2473 639 gniliecntia
2503 585 2516 620 :
2544 582 2649 637 quo
2677 577 2832 638 pacto
2861 565 3109 637 ingluviei
3135 575 3292 635 atque
3320 565 3543 622 ebrietati
3568 571 3690 626 dedi-

2172 667 2258 713 tus
2282 673 2496 727 semper
2515 659 2732 726 vixeris,
2761 674 2882 714 cum
2909 659 2961 713 in
2992 673 3149 713 omne
3175 673 3345 712 arvum
3387 667 3435 713 te
3458 657 3692 718 fruiturum

2172 749 2279 803 illis
2298 750 2652 815 existimares,
2680 759 2734 804 et
2759 751 2848 804 illa
2870 765 2989 804 esse
3014 749 3151 804 bona
3177 757 3456 803 statueres.
3480 749 3546 802 Ex
3564 751 3694 818 ipsius

2169 842 2430 896 sententia
2458 857 2769 913 responsum
2799 842 2871 896 illi
2899 842 3063 897 dedit.
3084 840 3217 895 Cum
3244 840 3386 894 enim
3411 839 3496 895 ille
3512 841 3696 900 sublimo

2170 931 2300 986 nihil
2341 934 2647 1001 conciperet
2691 935 2888 998 animo,
2928 948 3100 1003 neque
3141 933 3276 986 mala
3307 931 3493 997 futura,
3521 950 3620 1004 quae
3656 939 3698 992 il-

2168 1021 2277 1076 lum
2305 1036 2589 1093 exceptura
2621 1034 2820 1090 essent,
2862 1024 2961 1080 sibi
2997 1033 3121 1078 ante
3163 1022 3348 1078 oculos
3384 1035 3604 1090 poneret,
3630 1027 3700 1081 illa

2167 1127 2288 1168 esse
2314 1113 2451 1168 bona
2477 1115 2750 1170 censebat.

2239 1205 2292 1260 5.
2334 1206 2446 1260 Hoc
2473 1207 2614 1260 enim
2655 1207 2890 1278 plerique
2913 1206 3094 1262 dicere
3122 1206 3267 1262 soliti
3306 1214 3450 1271 sunt,
3477 1207 3558 1276 qui
3594 1207 3703 1263 deli-

2161 1297 2279 1352 cias
2303 1307 2358 1353 et
2382 1299 2665 1368 ingluviem
2693 1300 2758 1355 ad
2780 1310 3049 1369 stuporem
3079 1300 3359 1364 mirantur,
3389 1301 3556 1354 multis
3579 1302 3712 1370 potiti-

2169 1389 2361 1443 fuimus
2399 1391 2573 1458 bonis,
2619 1394 2662 1446 si
2694 1393 2904 1461 quando
2930 1407 3166 1446 summas
3205 1391 3424 1446 delicias
3461 1393 3604 1447 velint
3627 1410 3705 1448 cx-

2169 1481 2418 1550 primere.
2447 1481 2565 1536 Noli
2594 1483 2706 1537 haec
2726 1483 3036 1552 simpliciter
3056 1483 3193 1537 bona
3223 1497 3434 1544 vocare,
3463 1483 3528 1535 mi
3555 1478 3708 1550 homo,

2167 1571 2263 1626 sed
2291 1573 2462 1643 cogita
2490 1575 2606 1629 hare
2641 1589 2670 1628 a
2707 1575 2932 1629 Domino
2957 1575 3078 1628 data
3105 1588 3240 1638 esse,
3285 1582 3344 1627 ut
3373 1574 3450 1628 eis
3473 1574 3710 1628 moderate

2168 1671 2375 1719 utentes
2403 1664 2562 1719 vitam
2590 1674 2826 1720 nostram
2858 1673 3122 1731 tueamur,
3154 1673 3206 1719 et
3246 1664 3593 1719 infirmitatem
3612 1679 3711 1718 cor-

2167 1755 2312 1822 poris
2337 1763 2732 1810 sustentemus:
2763 1757 2865 1810 alia
2884 1770 3011 1810 vero
3036 1765 3159 1809 sunt
3185 1771 3310 1810 vere
3336 1755 3495 1810 bona.

2242 1844 2370 1912 Quae
2387 1847 2488 1900 sint
2512 1863 2622 1902 vere
2643 1851 2791 1902 bona.
2815 1876 2888 1887 —
2910 1847 3049 1906 Nihil
3070 1847 3264 1918 quippe
3293 1847 3513 1902 istorum
3541 1847 3712 1902 bonum

2167 1945 2270 2004 est,
2300 1953 2407 1992 non
2436 1937 2639 1994 deliciae
2663 1980 2681 2008 ,
2710 1954 2814 1994 non
2845 1939 3074 2007 divitia),
3108 1956 3214 1994 non
3245 1942 3612 2009 sumptuositas
3633 1957 3713 1996 ve-

2167 2031 2362 2093 stium,
2413 2030 2506 2084 sed
2554 2031 2725 2084 solum
2775 2046 2967 2086 nomen
3015 2031 3229 2087 habent.
3257 2031 3397 2099 Quid
3427 2041 3596 2086 autem
3618 2033 3718 2086 dico

2165 2119 2336 2173 solum
2367 2135 2428 2174 ea
2470 2135 2662 2174 nomen
2692 2121 2926 2177 habere?
2958 2123 3048 2176 Illa
3079 2137 3206 2176 vero
3232 2137 3594 2190 saepenumero
3617 2138 3743 2202 per-q

2165 2211 2359 2266 niciem
2390 2213 2540 2267 nobis
2560 2224 2865 2282 accersunt,
2893 2216 2937 2269 si
2963 2215 3174 2284 quando
3197 2215 3346 2283 ipsis,
3377 2231 3483 2267 non
3511 2224 3561 2268 ut
3585 2229 3720 2282 opor-

2166 2311 2266 2366 tet,
2298 2315 2527 2361 utamur.
2553 2306 2682 2361 Nam
2713 2309 2910 2362 divitia:
2947 2309 3098 2362 bona:
3121 2317 3343 2377 possunt
3371 2322 3491 2361 esse
3533 2321 3720 2376 posses-

2164 2393 2307 2459 sori,
2356 2397 2568 2465 quando
2613 2414 2717 2452 non
2766 2400 2816 2452 in
2868 2399 3090 2452 delicias
3136 2407 3340 2452 tantum
3385 2398 3535 2462 illas,
3565 2397 3723 2452 necin

2163 2483 2474 2540 ebrietatem
2516 2497 2571 2542 et
2616 2490 2803 2543 noxias
2839 2489 3137 2558 voluptates
3180 2489 3470 2555 expendit,
3507 2487 3596 2542 sed
3619 2503 3724 2542 cum

2163 2575 2368 2631 deliciis
2429 2579 2703 2637 moderate
2746 2581 3058 2651 perfruens,
3109 2582 3308 2652 reliqua
3356 2583 3411 2635 in
3461 2596 3727 2652 pauperum

2161 2677 2373 2725 ventres
2403 2671 2708 2740 distribuit,
2737 2683 2848 2727 tum
2875 2674 3030 2729 bona:
3054 2682 3177 2728 sunt
3207 2673 3430 2728 divitiae.
3453 2673 3541 2728 Sin
3569 2681 3726 2725 autem

2161 2760 2395 2830 seipsum
2423 2765 2542 2833 quis
2570 2765 2774 2820 deliciis
2806 2780 2869 2819 ac
2896 2767 3103 2820 caneris
3141 2765 3453 2819 libidinibus
3477 2765 3730 2818 dedituros

2159 2851 2248 2918 sit,
2272 2867 2377 2907 nou
2411 2857 2570 2910 modo
2601 2857 2731 2912 nihil
2755 2859 2803 2913 ei
2835 2869 3080 2928 prosunt,
3113 2859 3209 2913 sed
3236 2858 3402 2912 etiam
3435 2858 3486 2911 in
3528 2855 3720 2926 profun-

2159 2943 2284 2998 dum
2312 2945 2457 3000 illum
2489 2947 2795 3003 barathrum
2826 2950 3148 3019 praecipitem
3175 2960 3338 3020 agunt
3368 2968 3384 3003 :
3415 2948 3558 3018 quod
3584 2958 3633 3003 et
3654 2946 3730 3000 isti

2158 3039 2306 3095 diviti
2331 3040 2540 3095 accidit.
2569 3041 2738 3108 Quam
2778 3043 2850 3098 ob
2889 3058 3102 3098 causam
3131 3042 3259 3098 dicit
3293 3043 3372 3095 illi
3408 3039 3728 3111 patriarcha:

2158 3135 2285 3203 Fili,
2313 3135 2600 3202 recordare,
2630 3137 2747 3208 quia
2774 3137 3004 3206 recepisti
3031 3137 3159 3190 bona
3188 3147 3276 3189 tua
3302 3137 3360 3188 in
3390 3135 3493 3189 vita
3519 3145 3622 3188 tua.
3648 3132 3731 3186 illa

2156 3251 2275 3306 qua:
2303 3253 2428 3293 vere
2453 3237 2591 3293 bona
2622 3253 2743 3293 esse
2780 3237 3040 3293 censebas
3089 3235 3338 3306 recepisti
3364 3277 3379 3298 ,
3424 3243 3480 3288 et
3522 3233 3736 3286 Lazarus

2154 3329 2402 3385 similiter
2430 3331 2565 3384 mala
2597 3348 2610 3386 :
2641 3346 2748 3384 non
2775 3329 2915 3400 quod
2942 3345 3003 3385 ea
3031 3329 3262 3382 Lazarus
3287 3326 3438 3380 mala
3475 3331 3733 3386 censeret,

2153 3422 2327 3488 absit,
2356 3423 2450 3478 sed
2486 3439 2548 3477 ex
2577 3424 2744 3492 ipsius
2771 3422 2954 3477 divitis
2981 3419 3242 3476 sententia
3273 3418 3383 3473 hoc
3409 3418 3570 3472 etiam
3599 3412 3729 3483 adje.

2151 3515 2225 3570 cit
2250 3533 2263 3569 :
2293 3515 2552 3583 siquidem
2581 3515 2669 3570 ille
2693 3531 2811 3568 cum
2835 3513 2972 3568 hanc
2992 3513 3129 3583 apud
3150 3527 3209 3566 se
3231 3511 3558 3566 sententiam
3582 3515 3735 3560 ratam

2153 3604 2448 3675 habuisset,
2475 3622 2604 3678 opes
2623 3622 2687 3661 ac
2705 3607 2946 3672 delicias,
2971 3605 3242 3660 lasciviam
3265 3613 3322 3660 et
3349 3618 3568 3660 omnem
3590 3601 3735 3654 alium

2151 3699 2276 3753 vita:
2321 3699 2500 3753 luxum
2545 3700 2684 3754 bona
2729 3713 2850 3754 esse
2879 3698 3108 3753 ducebat
3137 3717 3150 3752 :
3180 3706 3556 3766 paupertatem
3587 3705 3736 3755 vero.

2153 3790 2345 3846 famem
2377 3801 2431 3847 et
2459 3791 2736 3846 adversam
2765 3791 3123 3846 valetudinem
3163 3789 3301 3842 mala
3347 3803 3477 3844 θεςο
3512 3785 3728 3854 suspica»

2151 3882 2323 3936 batur.
2350 3883 2512 3937 Prout
2540 3882 2698 3953 igitur
2722 3881 3070 3937 existimahas
3089 3922 3104 3946 ,
3133 3889 3187 3934 et
3215 3879 3418 3933 falsum
3453 3877 3580 3931 illud
3608 3873 3734 3944 judi-

2149 3973 2288 4028 cium
2315 3973 2737 4043 amplectcbaris,
2765 3973 3047 4028 recordare
3091 3982 3141 4026 te
3165 3987 3228 4026 ex
3253 3980 3353 4024 tuo
3375 3969 3593 4024 calculo
3615 3968 3739 4020 bona

2149 4066 2237 4121 illa
2261 4067 2526 4135 recepisse
2546 4107 2561 4130 ,
2593 4081 2712 4120 cum
2741 4082 2834 4134 per
2859 4067 3017 4121 latam
3049 4080 3110 4119 ac
3147 4064 3452 4133 spatiosam
3483 4064 3621 4116 viam
3664 4060 3755 4126 in-I

2147 4155 2390 4222 cederes,
2418 4165 2470 4210 et
2499 4155 2757 4210 Lazarum
2789 4155 3035 4210 similiter
3055 4155 3189 4208 mala
3215 4170 3278 4208 ex
3313 4153 3611 4208 ratiocinio
3637 4150 3757 4212 tuo,‘

2146 4249 2271 4304 dum
2299 4261 2578 4319 angustum
2622 4257 2674 4304 et
2718 4259 2921 4304 arctum
2967 4250 3070 4304 iter
3114 4247 3437 4302 conficeret.
3488 4243 3738 4312 Quoniam

2145 4339 2306 4409 igitur
2328 4348 2380 4394 tu
2411 4340 2509 4394 viae
2537 4347 2740 4393 tantum
2763 4339 2964 4392 aditum
2991 4337 3294 4407 spcctabas,
3321 4336 3419 4390 hic
3442 4350 3574 4390 vero
3595 4335 3742 4387 ﬁnem

2145 4429 2498 4498 respiciebat,
2541 4444 2714 4499 neque
2745 4428 3095 4498 negligentior
3123 4437 3347 4496 propter
3394 4427 3608 4479 aditum
3655 4423 3740 4474 vim

2142 4519 2480 4581 reddebatur,
2511 4529 2789 4588 propterea
2834 4535 2976 4573 inme
3015 4520 3331 4572 consolatur
3363 4518 3477 4572 hoc
3521 4518 3572 4570 in
3604 4517 3740 4574 loco,

2145 4617 2197 4663 tu
2229 4625 2356 4664 vero
2383 4611 2657 4676 cruciaris,
2685 4621 2738 4664 et
2765 4610 2895 4665 lines
2922 4610 3021 4664 sibi
3052 4610 3276 4663 invicem
3300 4607 3624 4663 contrarios
3646 4619 3741 4657 sor-

2141 4701 2221 4756 titi
2243 4703 2390 4756 estis.
2417 4702 2637 4757 Vidistis
2665 4703 2838 4772 reipsa
2877 4703 3123 4770 spatiosa:
3151 4717 3214 4756 ac
3251 4703 3385 4754 lata:
3413 4702 3524 4754 vim
3558 4700 3741 4760 linem,

2140 4802 2195 4848 et
2221 4809 2328 4864 quo
2367 4804 2524 4864 pacto
2550 4803 2785 4864 angusta:
2813 4801 2984 4862 portae
3008 4833 3024 4860 ,
3055 4800 3109 4843 et
3137 4798 3305 4844 arcta:
3334 4791 3450 4844 via:
3475 4789 3608 4844 felix
3649 4797 3743 4840 ter-

2140 4884 2315 4938 minus
2343 4899 2462 4939 eum
2493 4884 2765 4952 exceperit
2793 4883 2879 4953 qui
2915 4883 3080 4952 ipsam
3108 4883 3380 4950 elegerat;
3413 4879 3605 4935 audite
3631 4892 3744 4947 ergo

2138 4984 2195 5032 ct
2216 4991 2526 5045 responsum
2558 4975 2684 5029 illud
2717 4975 3039 5029 terribilius:
3070 4972 3134 5026 Et
3173 4973 3241 5025 ad
3267 4971 3389 5026 hac
3417 4973 3633 5036 omnia,
3669 4970 3742 5022 inc

2137 5066 2284 5136 quit,
2313 5068 2440 5120 inter
2464 5083 2557 5121 nos
2587 5077 2632 5120 et
2658 5083 2744 5120 vos
2779 5067 2946 5120 hiatus
2975 5081 3190 5136 magnus
3216 5064 3547 5118 constitutus
3571 5071 3672 5128 est,
3697 5069 3744 5113 ut

2137 5156 2176 5210 ii
2201 5158 2287 5228 qui
2316 5157 2487 5211 volunt
2512 5158 2630 5211 hinc
2658 5158 2874 5211 transire
2896 5157 3019 5210 illuc
3045 5172 3145 5209 non
3176 5154 3407 5224 possint,
3443 5170 3612 5225 neque
3636 5152 3744 5205 inde

2137 5247 2235 5301 huc
2263 5259 2590 5302 transmeare.
2611 5247 2689 5303 Ne
2721 5259 2919 5302 temere
2946 5255 3354 5316 praetereamus,
3381 5241 3744 5303 dilectissimi,

2136 5339 2278 5408 quod
2305 5337 2503 5392 dictum
2529 5347 2640 5404 est,
2668 5337 2762 5392 sed
2806 5346 3046 5392 exactam
3093 5334 3364 5389 orationis
3417 5336 3534 5388 vim
3575 5340 3746 5386 mente

2134 5443 2429 5496 versemus,
2461 5438 2514 5484 et
2537 5437 2733 5498 quanto
2764 5429 3063 5498 perfruatur
3090 5426 3330 5490 honore,
3365 5435 3585 5497 quanta
3613 5420 3745 5477 sedis

2134 5523 2505 5592 prmrogativa,
2538 5522 2628 5591 qui
2659 5537 2756 5591 pro
2780 5521 3043 5576 vestibulo
3064 5519 3315 5590 jaecbat,
3361 5519 3466 5574 ille
3510 5517 3747 5586 abjectus

2132 5623 2186 5668 et
2218 5630 2437 5684 pauper,
2466 5613 2556 5668 ille
2584 5614 2672 5684 qui
2705 5614 2843 5668 fame
2878 5611 3309 5678 conﬂictabatur,
3346 5611 3451 5666 ille
3479 5607 3746 5666 ulceribus

2133 5705 2393 5776 Oppletus.
2421 5713 2477 5761 et
2501 5706 2722 5760 canibus
2744 5705 3037 5774 expositus.

2207 5795 2329 5852 Non
2374 5815 2618 5870 pauperes
2660 5808 2706 5854 et
2750 5797 2916 5869 afflicti
2959 5797 3127 5852 miseri
3186 5806 3332 5851 sunt.
3363 5827 3440 5836 --
3472 5783 3747 5842 Ιιιώιτιιιεῐ
