4030 6136
394 245 527 302 i051

389 358 573 416 στενὸν
627 354 1077 427 καταστρέψαντα
1122 353 1277 418 τέλος
1299 370 1315 389 '
1375 352 1461 406 ἐπ’
1506 352 1716 405 ἐκείνου
1774 350 1831 402 δέ
1884 349 1953 402 τά

386 440 605 496 ἐναντία
641 438 1045 508 συμϐεϐηκότα,
1074 437 1168 491 καὶ
1185 435 1274 489 διὰ
1300 434 1400 507 τὴν
1423 432 1657 488 ἐνταῦθα
1682 429 1957 501 ὑπομονὴν

386 523 497 577 τῶν
522 523 851 593 ἀπορρήτων
886 519 1113 574 ἐκείνων
1136 517 1357 588 ἀγαθῶν
1382 517 1549 571 αὑτὸν
1570 514 1915 569 ἀπολαύοντα
1938 527 1950 541 ·

387 610 483 661 καλ⁸
506 608 563 659 ἐν
594 605 874 676 ἀμηχανίᾳ
900 602 1161 673 γεγονὼς,
1193 603 1288 659 καὶ
1319 603 1386 671 τῇ
1435 599 1602 670 πείρα
1633 596 1822 669 μαθὼν
1855 596 1955 666 τὴν

387 689 620 758 ἀπάτην,
659 687 727 757 ἢν
765 686 1022 756 ὑπέμεινε
1066 685 1134 739 δι’
1169 684 1291 738 ὅλου
1331 684 1433 755 τὴν
1486 680 1798 754 εὐρύχωρον
1838 677 1956 731 ὁδὸν

387 772 656 841 ἐλόμενος,
684 768 964 839 ἱκετηρίαν
986 767 1168 839 τίθησι
1194 766 1332 837 πρὸς
1354 766 1448 819 τὸν
1469 764 1834 834 πατριάρχην,
1860 759 1956 812 καὶ

387 851 594 905 ἐλεεινὰ
645 851 939 920 φθέγγεται
971 852 1213 923 ῥήματα,
1266 849 1362 901 καὶ
1410 846 1662 918 δακρύων
1691 844 1952 914 γέμοντα.

387 936 499 988 Καὶ
523 937 552 987 ό
582 934 689 1005 πρὸ
734 933 925 986 τούτου
958 932 1092 1003 μηδὲ
1129 930 1610 1004 ἐπιστρεφόμενος,
1648 925 1783 997 μηδὲ
1827 924 1956 978 ἱδεῖν

388 1018 712 1088 ἀνεχόμενος
748 1016 840 1070 τὸν
887 1015 1158 1087 Λάζαρον,
1200 1012 1294 1067 τὸν
1336 1013 1583 1082 πένητα,
1628 1012 1721 1064 τὸν
1768 1011 1827 1062 ἐν
1877 1007 1955 1079 τῷ

389 1100 595 1153 πυλῶνι
627 1098 975 1171 ἐρριμμένον,
1004 1098 1140 1152 ἀλλά
1180 1099 1275 1150 καὶ
1323 1094 1742 1166 βδελυττόμενος
1768 1091 1952 1158 αὑτὸν,

388 1184 466 1246 ὼς
492 1184 685 1243 εἱπεῑν,
734 1182 818 1234 διά
858 1180 960 1251 τὴν
999 1178 1110 1234 τῶν
1143 1179 1317 1232 ἐλκῶν
1362 1177 1652 1242 δυσωδίαν,
1708 1175 1805 1228 καὶ
1853 1174 1955 1244 τὴν

387 1265 594 1318 οἰκείαν
625 1263 903 1334 βλακείαν,
938 1264 999 1316 ἐν
1033 1257 1356 1336 ᾖδιηνεκῶς
1399 1260 1619 1332 τρυφῶν
1659 1260 1833 1331 διῆγε,
1859 1259 1955 1312 νῦν

389 1348 619 1401 ἱκετεύει
639 1347 727 1402 τὸν
756 1346 1120 1418 πατριάρχην,
1158 1344 1251 1398 καί
1270 1360 1401 1414 φησι
1427 1360 1441 1375 ο
1471 1344 1662 1412 Πάτερ
1687 1343 1950 1413 Ἀϐραὰμ,

387 1430 653 1499 ἐλέησόν
672 1447 773 1499 με,
805 1428 904 1483 καί
936 1427 1180 1497 πέμψον
1224 1425 1511 1494 Λάζαρον,
1546 1426 1648 1479 ἵνα
1668 1426 1846 1494 ,βάψῃ
1885 1425 1955 1478 τὸ

388 1514 573 1580 ἄκρον
599 1513 704 1568 τοῦ
724 1512 1026 1567 δακτύλου
1049 1510 1236 1565 αὐτοῦ
1265 1510 1619 1576 ὒδατος,καὶ
1636 1510 1954 1580 καταψύξῃ

387 1599 504 1666 τὴν
534 1595 823 1667 γλῶσσάν
863 1613 1006 1665 μου,
1055 1593 1146 1648 ὅτι
1189 1592 1490 1662 ὀδυνῶμαι
1536 1593 1606 1647 ἐν
1658 1592 1735 1660 τῇ
1777 1593 1957 1663 φλογὶ

389 1683 598 1750 ταύτῃ.
640 1678 819 1732 Ἰκανά
839 1677 907 1731 τά
946 1679 1163 1750 ῥήματα
1197 1678 1276 1740 εἱς
1305 1672 1483 1729 οἶκτον
1510 1675 1919 1745 ἀφελκύσασθαι
1938 1690 1953 1706 ⁸

390 1765 506 1819 ἀλλ’
527 1765 675 1835 ὅμως
699 1763 818 1816 οὐδὲ
847 1760 1017 1825 οὕτως
1038 1760 1214 1831 ὤνησέ
1238 1778 1291 1814 τι
1318 1760 1506 1813 πλέον·
1533 1750 1761 1830 ἀκαίρος
1785 1758 1894 1830 γάρ
1920 1761 1954 1830 ἡ

388 1848 774 1920 ἐξομολόγησις
822 1845 918 1899 καὶ
966 1848 999 1916 ή
1048 1845 1394 1916 παράκλησις
1440 1845 1540 1898 οὑκ
1589 1846 1646 1897 ἐν
1677 1841 1857 1914 καιρῷ
1881 1841 1958 1912 τῷ

387 1933 561 1986 δέοντι
591 1930 870 2001 γινομένη.
902 1927 1142 1999 Πέμψον,
1164 1929 1316 1998 φησὶ,
1341 1927 1432 1981 τὸν
1456 1926 1706 1997 Λάζαρον
1728 1926 1958 1988 ἐκεῖνον,

388 2017 481 2069 τὸν
510 2018 733 2086 πένητα,
785 2012 842 2066 ὃν
891 2012 998 2082 πρὸ
1045 2012 1237 2065 τούτου
1284 2011 1700 2081 ἐϐδελυττόμην,
1750 2003 1795 2076 ᾧ
1852 2008 1961 2061 τῶν

389 2100 585 2170 ψιχίων
617 2100 679 2151 οὑ
714 2096 1054 2168 μετεδίδουνο
1083 2094 1295 2148 ἐκείνου
1344 2093 1533 2164 δέομαι
1567 2093 1680 2156 νῦν,
1728 2091 1824 2145 καὶ
1856 2090 1961 2170 ,τὸν

390 2169 649 2236 δάκτυλον
681 2181 884 2232 ἐκεῖνον
906 2177 1171 2250 ἐπιζητῶ,
1204 2176 1262 2230 ὃν
1293 2178 1341 2230 οἱ
1367 2176 1527 2240 κύνες
1554 2176 1778 2245 ἐλειχον.
1810 2169 1962 2236 Εἶδες

392 2264 510 2326 πῶς
546 2259 879 2315 συνέστειλεν
925 2261 1087 2313 αὐτὸν
1114 2261 1149 2330 ἡ
1200 2260 1475 2331 τιμωρίας
1523 2254 1662 2321 εἶδες
1719 2258 1834 2320 πῶς
1882 2258 1963 2320 εἱς

394 2345 578 2399 στενὸν
604 2345 755 2407 τέλος
785 2344 1119 2414 κατήντησεν
1151 2344 1184 2413 ή
1214 2342 1528 2413 εὐρύχωρος
1578 2342 1731 2408 ὀδός;
1766 2340 1876 2394 Καὶ
1900 2340 1961 2393 οὐ

392 2431 625 2481 ποιεῖται
654 2426 790 2498 πρὸς
819 2425 911 2479 τὸν
934 2425 1183 2495 Λάζαρον
1213 2426 1313 2496 τὴν
1340 2423 1641 2494 ἱκετηρίαν,
1665 2422 1801 2477 ἀλλά
1828 2423 1965 2492 πρὸς

391 2514 486 2567 τὸν
534 2512 898 2582 πατριάρχην.
971 2509 1250 2573 Εἰκότως·
1315 2508 1435 2561 οὑδέ
1483 2507 1593 2578 γὰρ
1647 2505 1964 2575 ἀντιϐλέψαι

394 2596 594 2666 ἐτόλμα
627 2593 703 2665 τῷ
733 2595 946 2663 πένητι.
985 2591 1216 2645 Ἐνενόει
1242 2591 1372 2662 γὰρ,
1415 2586 1592 2661 οἶμαι,
1637 2590 1737 2661 τὴν
1760 2589 1965 2642 οἰκείαν

395 2676 812 2749 ἀπανθρωπίαν,
856 2677 950 2729 καὶ
979 2674 1041 2727 τὸ
1065 2674 1290 2745 ἀνηλεές
1333 2674 1683 2744 λογιζόμενος
1720 2674 1856 2742 ὅπερ
1886 2674 1966 2735 εἰς

395 2761 560 2815 αὑτὸν
591 2759 923 2824 ἐπεδείξατο,
957 2759 1279 2811 ὑπώπτευεν
1307 2756 1472 2809 αὐτὸν
1500 2758 1628 2819 ἴσως
1658 2756 1792 2827 μηδὲ
1832 2757 1968 2808 ἀπο-

396 2845 631 2915 κρίσεως
652 2843 856 2909 ἀξιοῦν.
879 2841 978 2895 Διά
1012 2858 1092 2895 τοι
1121 2840 1278 2893 τοῦτο
1301 2839 1420 2893 ούδέ
1442 2839 1576 2911 πρὸς
1610 2838 1771 2892 αὑτὸν
1798 2840 1969 2890 ποιεῖ-

395 2946 488 2982 ται
542 2926 640 2997 τὴν
701 2926 1070 2997 παράκλησιν,
1124 2924 1262 2979 ἀλλά
1303 2923 1394 2977 τὸν
1438 2924 1783 2993 πατριάρχην
1818 2921 1967 2995 [797]

400 3010 655 3064 ἱκετεύει.
699 3010 838 3062 Ἀλλ’
866 3010 1014 3079 ὅμως
1043 3008 1163 3062 οὐδὲ
1191 3007 1366 3069 οὑτως
1397 3006 1658 3075 ἐκέρδανέ
1696 3022 1750 3059 τι
1784 3006 1964 3060 πλέον.

397 3091 663 3145 Τοσοῦτον
693 3092 859 3145 κακόν
882 3093 1027 3144 ἐστιν
1050 3092 1084 3161 ή
1112 3088 1359 3158 ἀκαιρία,
1386 3090 1480 3141 καὶ
1502 3089 1563 3140 τὸ
1581 3086 1671 3140 τὸν
1690 3087 1971 3158 δεδομένον

398 3178 530 3247 ἡμῖν
557 3176 655 3247 τῆς
682 3175 827 3246 ζωῆς
859 3173 1048 3245 καιρὸν
1076 3172 1226 3243 παρά
1253 3172 1351 3242 τῆς
1379 3169 1474 3224 τοῦ
1500 3171 1635 3224 Θεοῦ
1666 3170 1972 3241 φιλανθρω-

398 3262 529 3324 πίας
554 3263 632 3323 εἱς
659 3261 754 3329 τὴν
785 3258 886 3328 τῆς
916 3257 1191 3328 ἡμετέρας
1224 3255 1495 3326 σωτηρίας
1540 3256 1795 3310 ὑπόθεσιν
1840 3274 1974 3328 προ-

397 3340 618 3398 διδόναι.
644 3343 804 3396 Ποῖον
822 3339 929 3411 γάρ
951 3339 1232 3409 ἀδάμαντα
1253 3338 1354 3391 οὑκ
1373 3337 1440 3391 ἂν
1455 3338 1775 3410 κατέκαμψε
1798 3339 1973 3393 ταῦτα

398 3427 469 3481 τὰ
499 3429 741 3498 ῥήματα,
770 3425 866 3478 καὶ
894 3425 974 3487 εἱς
996 3420 1177 3476 οἶκτον
1201 3421 1297 3475 καὶ
1341 3421 1688 3492 συμπάθειαν
1718 3424 1925 3495 ἤγαγεν
1955 3440 1971 3490 ;

485 3509 625 3563 Ἀλλ’
664 3511 814 3579 ὅμως
855 3507 974 3560 οὐδὲ
1000 3505 1173 3570 οὕτως
1204 3508 1233 3559 6
1260 3505 1604 3579 πατριάρχης
1634 3505 1875 3560 ἐπινεύει
1905 3509 1972 3579 τῇ

400 3593 637 3665 αἱτήσει,
665 3591 779 3645 ἀλλ’
810 3589 1154 3661 ἀποκρίσεως
1182 3590 1279 3661 μὲν
1316 3589 1479 3644 αὐτὸν
1521 3590 1682 3656 ἀξιοῖ,
1729 3590 1973 3644 διδάσκει

399 3675 458 3730 δέ
481 3676 643 3729 αὑτὸν
679 3675 760 3729 ὅτι
783 3674 945 3737 αὑτὸς
977 3671 1156 3743 ἐαυτῷ
1192 3670 1364 3736 αἴτιος
1392 3671 1596 3725 τούτων
1618 3672 1838 3741 ἐγένετο
1863 3674 1973 3728 τῶν

400 3759 605 3814 κακῶν.
635 3759 773 3830 Φησὶ
800 3757 910 3827 γάρ
934 3755 1071 3826 πρὸς
1101 3754 1264 3808 αὐτὸν
1293 3757 1322 3808 ὁ
1352 3754 1970 3828 πατριάρχης-Τέκνον,

396 3841 702 3912 μνήσθητι
737 3841 829 3895 ὅτι
857 3840 1155 3905 ἀπέλαϐες
1179 3838 1252 3892 τὰ
1285 3837 1477 3907 ἀγαθά
1502 3852 1620 3892 σου
1667 3839 1738 3893 ἐν
1759 3837 1836 3908 τῇ
1860 3838 1975 3908 ζωῇ

401 3940 542 3993 σου,
578 3925 675 3980 καί
705 3914 965 3993 Λάζαρος
987 3924 1202 3992 ὁμοίως
1232 3921 1307 3976 τὰ
1327 3920 1513 3975 κακά·
1546 3921 1662 3976 νῦν
1681 3921 1751 3975 δέ
1798 3925 1830 3975 ό
1857 3922 1976 3992 μὲν

402 4008 851 4079 παρακαλεῖται,
903 4006 984 4061 σὺ
1023 4005 1093 4059 δὲ
1150 4003 1465 4060 ὀδυνᾶσαι.
1514 4005 1626 4061 Καὶ
1679 4005 1779 4059 έπὶ
1822 4004 1975 4060 πᾶσι

401 4095 637 4157 τούτοις
691 4090 919 4160 μεταξὺ
976 4088 1144 4158 ὑμῶν
1190 4087 1291 4142 καί
1347 4089 1518 4158 ἡμῶν
1566 4089 1773 4159 χάσμα
1820 4088 1977 4160 μέγα

402 4174 765 4244 ἐστήρικται,
780 4173 939 4237 ὅπως
956 4174 1009 4225 οἱ
1036 4171 1317 4235 θέλοντες
1339 4170 1615 4238 διαϐῆναι
1638 4172 1814 4226 ἐνθεν
1826 4173 1976 4240 πρὸς

403 4256 561 4327 ὑμᾶς
598 4255 686 4326 μὴ
738 4254 1055 4316 δύνωνται,
1094 4252 1252 4322 μηδὲ
1282 4256 1336 4306 οἱ
1364 4254 1593 4309 ἐκεῖθεν
1621 4253 1770 4322 πρὸς
1818 4255 1975 4324 ἡμᾶς

404 4336 749 4408 διαπερῶσι.
775 4335 986 4406 Φοϐερά
1006 4335 1074 4388 τὰ
1101 4335 1388 4406 εἰρημένα,
1416 4337 1510 4389 καὶ
1545 4338 1705 4391 ἱκανά
1753 4337 1976 4393 καθικέ-

408 4422 535 4477 σθαι
557 4422 665 4475 τῶν
694 4420 818 4474 νοῦν
848 4419 1099 4490 ἐχόντων.
1132 4418 1253 4471 Ἵνα
1299 4418 1410 4489 γὰρ
1440 4419 1627 4492 διδάξῃ
1669 4422 1856 4484 αὑτὸν,
1892 4422 1976 4477 ὅτι

406 4505 568 4568 αὐτὸς
600 4505 697 4576 μὲν
724 4503 821 4575 τὴν
842 4501 1048 4555 οἰκείαν
1079 4501 1481 4573 εὐσπλαγχνίαν
1511 4505 1641 4575 περὶ
1671 4504 1834 4559 αὑτὸν
1857 4507 1978 4559 ἐπι-

404 4591 669 4652 δείκνυσι,
699 4587 796 4641 καὶ
839 4588 919 4650 εἱς
948 4582 1129 4639 οἶκτον
1159 4587 1590 4656 ἐπικάμπτεται,
1628 4589 1770 4660 ὁρῶν
1810 4590 1977 4644 αὑτοῦ

406 4676 504 4746 τῆς
527 4674 801 4735 κολάσεως
824 4673 924 4743 τὴν
950 4670 1223 4732 ἐπίτασιν,
1258 4671 1410 4724 οὐδὲν
1435 4671 1493 4724 δέ
1520 4671 1684 4726 πλέον
1713 4673 1863 4747 αὐτῷ
1898 4677 1979 4740 εἱς

408 4757 761 4832 παραμυθίαν
789 4759 1033 4825 ἐνεγκεῖν
1061 4754 1305 4817 δύναται,
1347 4757 1630 4826 μονονουχὶ
1678 4758 1975 4826 ἀπολογού-

410 4858 570 4915 μενος
602 4839 752 4911 αὑτῷ
786 4850 972 4912 φησιν,
998 4840 1078 4893 ὅτι
1113 4838 1444 4909 Ἐϐουλόμην
1469 4838 1628 4910 χεῖρά
1660 4857 1742 4893 σοι
1771 4841 1978 4912 ὀρέξαι,

407 4930 505 4983 καὶ
535 4926 889 4994 ἐπικουφίσαι
911 4941 1005 4977 σου
1029 4924 1124 4985 τὰς
1168 4923 1492 4994 ἀλγηδόνας,
1524 4924 1620 4976 καὶ
1650 4923 1761 4977 τῶν
1804 4942 1985 4996 τιμω-

410 5010 542 5084 ριῶν
568 5007 964 5080 ὑποτέμνεσθαι
991 5005 1054 5059 τὸ
1080 5006 1328 5076 σφοδρὸν,
1354 5006 1491 5060 ἀλλὰ
1517 5005 1803 5076 προλαϐὼν
1820 5008 1983 5073 αὐτὸς

406 5092 611 5163 ταύτης
643 5090 1021 5162 ἀπεστέρησας
1063 5089 1256 5142 ἐαυτὸν
1312 5089 1413 5157 τῆς
1476 5089 1859 5161 παραμυθίας*
1893 5091 1984 5146 διὰ

406 5176 566 5231 τοῦτό
585 5192 716 5245 φησι
735 5191 749 5205 ·
779 5173 1015 5237 Τέκνον,
1024 5171 1346 5242 μνήσθητι.
1377 5173 1517 5244 Ὅρα
1532 5173 1628 5226 τοῦ
1646 5175 1984 5247 πατριάρχου

407 5261 510 5331 τὴν
539 5258 847 5327 ἀγαθότητα
867 5272 878 5288 ο
915 5257 1102 5310 τέκνον
1125 5257 1286 5309 αὑτὸν
1309 5255 1482 5311 καλεῖ.
1522 5255 1683 5311 Ἀλλά
1702 5259 1860 5313 τοῦτο
1881 5260 1984 5330 μὲν

409 5345 508 5415 τὴν
531 5342 846 5415 ἡμερότητα
866 5339 964 5412 τὴν
994 5339 1159 5393 αὐτοῦ
1184 5341 1424 5412 ἐμφῆναι
1453 5338 1703 5405 δύναται,
1725 5343 1985 5413 οὐδεμίαν

409 5428 469 5482 δὲ
515 5424 666 5497 αὐτῷ
701 5424 949 5497 βοήθειαν
993 5422 1223 5495 παρέχει
1248 5422 1338 5477 διὰ
1363 5423 1426 5476 τὸ
1450 5423 1541 5493 ὑφ’
1572 5424 1767 5480 ἐαυτοῦ
1818 5426 1983 5481 αὑτὸν

411 5509 777 5585 προδίδοσθαι.
812 5506 1050 5569 Τέκνον,
1111 5506 1264 5577 φησὶ,
1304 5504 1607 5575 μνήσθητι
1635 5507 1724 5562 ὅτι
1755 5509 1983 5566 ἀπέλα-

413 5600 515 5664 ϐες
543 5596 626 5651 σὺ
653 5595 726 5651 τὰ
755 5592 949 5666 ἀγαθά
987 5607 1103 5647 σου
1129 5590 1201 5646 έν
1234 5590 1312 5661 τῇ
1344 5589 1457 5660 ζωῇ
1487 5607 1604 5648 σου
1623 5610 1636 5623 ·
1667 5596 1746 5659 εἱς
1774 5594 1987 5650 ἔννοιαν

416 5686 536 5767 ἐλθὲ
570 5686 681 5741 τῶν
729 5682 1123 5756 παρελθόντων,
1182 5679 1258 5751 μὴ
1290 5679 1524 5752 ἐπιλάϐῃ
1571 5680 1739 5753 πόσης
1767 5685 1982 5753 τρυφῆς

1574 236 1663 293 DE
1698 233 1973 293 LAZARO
1986 234 1995 238 ’
2008 233 2261 295 CONCIO
2298 238 2410 296 VII.

3489 243 3626 298 1052

2061 349 2399 419 ἀπήλαυσας,
2448 353 2623 425 πόσης
2654 354 2912 421 ἀνέσεως,
2944 354 3116 423 πόσης
3157 356 3476 425 φαντασίας,
3509 359 3629 423 πῶς

2056 434 2116 485 ἐν
2139 436 2554 507 γαστριμαργίᾳ
2577 438 2673 491 καὶ
2697 437 2834 509 μέθῃ
2853 438 3029 492 πάντα
3049 438 3139 491 τὸν
3163 437 3277 508 βίον
3300 438 3626 505 διετέλεσας,

2056 516 2115 568 ἐν
2147 517 2373 581 ἐκείνοις
2399 519 2632 589 νομίζων
2652 516 2792 573 εἶναι
2810 521 2986 574 πάντα
3004 520 3095 575 τὸν
3116 522 3304 584 αίῶνα,
3322 522 3416 574 καὶ
3443 522 3629 575 ἐκεῖνα

2055 598 2371 668 ὁριζόμενος
2391 597 2527 655 εἶναι
2541 602 2609 655 τὰ
2626 603 2825 671 ἀγαθά.
2866 603 3001 657 Ἀπὸ
3013 604 3114 673 τῆς
3139 604 3323 673 ψήφου
3341 604 3437 673 τῆς
3463 603 3627 656 αὑτοῦ

2054 679 2154 749 τὴν
2199 681 2492 754 ἀπόκρισιν
2552 685 2690 756 πρὸς
2734 686 2900 757 αὑτὸν
2949 687 3260 756 ἐποιήσατο.
3300 688 3467 740 υὺδέν
3517 686 3628 756 γὰρ

2056 761 2264 826 ἐκεῖνος
2295 764 2495 836 ὑψηλὸν
2519 768 2942 838 φανταζόμενος,
2982 768 3105 820 οὑδέ
3135 769 3205 821 τὰ
3247 769 3506 840 μέλλοντα
3531 769 3630 820 αὑ-

2055 845 2146 898 τὸν
2170 845 2513 917 διαδέχεσθαι
2531 850 2676 902 κακά
2698 850 2802 921 πρὸ
2820 851 2930 905 τῶν
2945 851 3240 923 ὀφθαλμῶν
3270 853 3427 923 έχων,
3448 854 3632 904 ἐκεῖνα

2056 927 2237 996 ἀγαθά
2265 924 2406 983 εἶναι
2436 932 2674 1002 ἐνόμιζε.

2126 1016 2188 1064 ε’,
2214 1011 2387 1063 Τοῦτο
2414 1013 2526 1083 γάρ
2555 1015 2649 1067 καὶ
2668 1013 2765 1068 νῦν
2792 1015 2916 1080 ἔθος
2936 1016 3115 1086 λέγειν
3142 1019 3255 1080 τοὶς
3278 1015 3491 1078 πολλοῖς
3518 1019 3631 1081 τοῖς

2058 1093 2189 1163 περὶ
2239 1095 2453 1166 τρυφήν
2482 1096 2579 1149 καὶ
2627 1095 2725 1167 τὴν
2778 1098 3087 1169 ἀδηφαγίαν
3120 1100 3507 1171 ἐπτοημένοις,
3546 1100 3631 1151 ὅτι

2057 1174 2235 1229 Πολλά
2269 1178 2449 1246 ἀγαθά
2478 1179 2815 1248 ἐσχήκαμεν,
2843 1180 2971 1234 ὅταν
3000 1180 3293 1251 βούλωνται
3318 1182 3511 1246 ἀνάξαι
3531 1184 3631 1251 τῆς

2057 1258 2262 1329 πολλῆς
2281 1259 2493 1331 τρυφῆς
2519 1262 2619 1331 τήν
2652 1261 2927 1316 ἐπίτασιν.
2958 1262 3051 1332 Μὴ
3076 1263 3232 1317 κάλει
3247 1263 3421 1318 ταῦτα
3445 1263 3632 1325 ἁπλῶς

2056 1340 2258 1410 ἀγαθὰ,
2277 1343 2553 1413 ἄνθρωπε,
2594 1344 2791 1398 ἐννοῶν
2817 1346 2901 1399 ὅτι
2950 1345 3125 1400 ταῦτα
3157 1346 3255 1416 μὲν
3288 1347 3442 1418 ἐδόθη
3478 1345 3633 1417 παρὰ

2055 1423 2152 1478 τοῦ
2179 1426 2475 1491 Δεσπότου,
2503 1428 2589 1480 ἵνα
2615 1429 2716 1499 τῆς
2738 1430 3083 1501 συμμετρίας
3114 1430 3499 1495 ἀπολαύοντες,
3529 1431 3631 1502 τὴν

2058 1507 2319 1563 σύστασιν
2353 1510 2565 1581 ἔχωμεν
2587 1512 2686 1582 τῆς
2717 1512 2886 1582 ζωῆς,
2918 1514 3015 1567 καὶ
3062 1514 3158 1584 τὴν
3195 1514 3480 1568 ἀσθένειαν
3511 1514 3630 1568 δια-

2058 1592 2350 1663 κρατῶμεν
2367 1593 2458 1646 τοῦ
2474 1592 2743 1664 σώματος’
2768 1594 2929 1667 ἐτερα
2955 1595 3012 1649 δέ
3027 1599 3143 1649 ἐστι
3162 1596 3227 1650 τά
3246 1596 3410 1655 ὅντως
3429 1598 3631 1665 ἀγαθά.

2130 1674 2296 1728 υὺδέν
2328 1675 2438 1746 γάρ
2483 1677 2686 1731 τούτων
2704 1677 2927 1745 ἀγαθὸν,
2950 1678 3010 1730 ού
3036 1679 3237 1750 τρυφὴ,
3283 1679 3343 1732 ού
3380 1678 3628 1743 πλοῦτος,
3682 1666 3695 1675 “

2059 1759 2160 1812 οὑκ
2216 1759 2443 1831 ἐσθῆτος
2502 1760 2843 1826 πολυτέλεια,
2892 1761 3007 1814 ἀλλ’
3060 1762 3232 1832 ὄνομα
3290 1763 3451 1832 μόνον
3495 1762 3630 1832 ἔχει.

2060 1841 2126 1894 Τί
2158 1841 2216 1895 δὲ
2241 1840 2385 1910 λέγω
2412 1843 2582 1913 ὄνομα
2621 1844 2784 1914 μόνον
2822 1842 2977 1912 Exn;
3019 1843 3192 1896 ταῦτα
3234 1844 3334 1914 μὲν
3366 1840 3460 1898 οὖν
3500 1845 3634 1898 πολ-

2059 1923 2217 1989 λάκις
2272 1925 2366 1979 καὶ
2409 1924 2630 1997 ὀλέθρου
2670 1927 2802 1997 ἡμῖν
2832 1926 2982 1981 αίτια
3018 1927 3249 1997 γίνεται,
3303 1928 3523 1982 ἐπειδὰν
3559 1928 3634 2000 μὴ

2060 2007 2286 2070 δεόντως
2331 2007 2517 2071 αὑτοῖς
2580 2008 2934 2079 χρησώμεθα.
2980 2011 3043 2063 ὐ
3085 2011 3195 2081 γὰρ
3246 2011 3476 2074 πλοῦτος
3512 2011 3636 2064 τότε

2061 2089 2127 2143 ἂν
2181 2090 2391 2159 γένοιτο
2419 2090 2624 2158 ἀγαθὸς
2647 2091 2725 2162 τῷ
2754 2092 3098 2163 κεκτημένῳ,
3139 2094 3269 2147 ὅταν
3288 2095 3361 2164 μὴ
3387 2096 3465 2157 εἱς
3490 2110 3629 2164 τρυ-

2063 2174 2169 2246 φὴν
2229 2175 2388 2244 μόνον
2435 2174 2596 2227 αὑτὸν
2653 2174 2941 2248 ἀναλίσκῃ,
2998 2175 3133 2246 μηδὲ
3190 2178 3270 2239 εἱς
3325 2176 3497 2247 μέθην
3541 2177 3637 2229 καὶ

2062 2259 2164 2322 τὰς
2200 2256 2512 2321 ἐπιϐλαϐεἴς
2534 2258 2746 2328 ἡδονὰς,
2773 2258 2889 2312 ἀλλ’
2920 2260 3062 2315 ’ὅταν
3106 2262 3206 2331 τῆς
3243 2262 3455 2331 τρυφῆς
3496 2278 3637 2331 συμι

2068 2341 2280 2413 μέτρως
2314 2340 2622 2405 ἀπολαύων,
2679 2342 2749 2395 τὰ
2776 2341 2936 2395 λοιπά
2990 2344 3073 2406 εἱς
3097 2343 3194 2405 τὰς
3236 2342 3343 2395 τῶν
3393 2346 3637 2414 πενήτων

2062 2424 2295 2496 διανέμῃ
2344 2424 2637 2496 γαστέρας,
2687 2423 2808 2477 τότε
2864 2424 3070 2493 ἀγαθὸν
3099 2428 3135 2497 ρ
3183 2425 3431 2491 πλοῦτος.
3473 2429 3537 2481 El
3578 2427 3638 2481 δέ

2069 2507 2253 2578 μέλλοι
2287 2525 2371 2572 τις
2397 2511 2576 2579 τρυφῇ
2614 2510 2805 2563 ἐαυτὸν
2838 2506 2993 2582 [798]
3011 2510 3278 2564 ἐκδιδόναι
3305 2511 3401 2565 καὶ
3421 2514 3485 2582 τῇ
3501 2512 3641 2586 ἄλλῃ

2064 2590 2296 2662 ἀσωτίᾳ,
2355 2591 2415 2644 οὑ
2474 2591 2635 2662 μόνον
2683 2592 2835 2644 οὐδὲν
2878 2591 3041 2644 αὑτὸν
3090 2592 3348 2663 ὀνίνησιν,
3381 2593 3515 2646 ἀλλά
3544 2596 3639 2648 καὶ

2066 2678 2146 2737 εἱς
2181 2674 2347 2745 βαθὺν
2393 2676 2639 2746 κρημνὸν
2673 2675 2937 2743 κατάγει’
2975 2675 3003 2728 ὀ
3043 2676 3108 2747 δὴ
3157 2677 3251 2729 καὶ
3302 2680 3331 2731 6
3384 2677 3638 2742 πλούσιος

2067 2752 2222 2819 οὗτος
2266 2756 2519 2811 πέπονθε.
2598 2758 2685 2811 Διό
2746 2774 2912 2829 φησιν
2969 2758 3119 2828 αὑτῷ
3178 2760 3207 2811 6
3256 2762 3635 2832 πατριάρχης·

2073 2841 2314 2903 Τέκνον.
2371 2839 2667 2909 μνήσθητι
2690 2840 2779 2895 ὅτι
2827 2841 3127 2908 ἀπέλαϐες
3179 2844 3252 2895 τὰ
3304 2845 3496 2913 ἀγαθά
3522 2863 3640 2900 σου

2067 2916 2138 2979 έν
2168 2922 2244 2992 τῇ
2289 2921 2400 2991 ζωῇ
2449 2939 2583 2977 σου.
2629 2924 2840 2977 Ἐκεῖνα
2893 2923 2930 2978 ἃ
2982 2924 3229 2994 ἐνόμιζες
3284 2922 3424 2981 εἶναι
3470 2928 3640 2993 ὅντως

2069 3007 2269 3077 ἀγαθὰ,
2302 3006 2474 3061 ταῦτα
2536 3006 2825 3070 ἀπέλαϐες,
2871 3007 2967 3060 καὶ
3007 3007 3257 3078 Λάζαρος
3314 3009 3519 3079 ὁμοίως
3573 3012 3643 3065 τά

2072 3090 2243 3155 κακὰ,
2300 3091 2401 3144 οὐκ
2476 3088 2668 3161 ἐπειδὴ
2729 3087 2981 3161 Λάζαρος
3020 3090 3161 3143 αὐτά
3211 3092 3358 3145 κακά
3401 3092 3639 3163 ἐνόμιζε,

2075 3179 2150 3249 μὴ
2176 3176 2415 3245 γένοιτοδ
2456 3176 2570 3230 ἀλλ’
2627 3177 2735 3230 ἀπὸ
2783 3181 2883 3251 τῆς
2934 3178 3115 3252 ψήφου
3134 3178 3229 3233 τοῦ
3257 3177 3512 3233 πλουσίου
3544 3184 3643 3234 καὶ

2069 3259 2229 3313 τοῦτο
2255 3260 2554 3331 ἐπήγαγεν.
2602 3260 2839 3324 Ἐκεῖνος
2866 3259 2977 3331 γὰρ
3034 3260 3240 3332 ταύτην
3305 3261 3432 3332 παρ’
3462 3263 3645 3333 ἐαυτῷ

2072 3341 2327 3414 κυρώσας
2352 3343 2451 3412 τὴν
2481 3342 2681 3412 ψῆφον,
2704 3342 2795 3395 τὸν
2818 3342 2918 3414 μὲν
2949 3342 3179 3397 πλοῦτον
3206 3344 3296 3398 καὶ
3316 3345 3411 3415 τὴν
3432 3345 3643 3416 τρυφὴν

2074 3428 2171 3481 καὶ
2194 3426 2292 3498 τὴν
2335 3425 2630 3480 ἀκολασίαν
2662 3426 2756 3480 καὶ
2807 3426 2906 3498 τὴν
2943 3427 3111 3496 ἀλλην
3171 3427 3431 3498 βλακείαν
3459 3424 3641 3497 ἀγαθά

2075 3508 2314 3580 ἐνόμιζε,
2362 3508 2460 3580 τὴν
2494 3509 2554 3563 δὲ
2582 3509 2770 3562 πενίαν
2797 3509 2893 3564 καὶ
2938 3510 3031 3563 τὸν
3052 3509 3212 3580 λιμὸν
3241 3510 3334 3563 καὶ
3357 3511 3456 3582 τὴν
3483 3511 3645 3583 χαλε-

2074 3592 2181 3663 πὴν
2220 3592 2531 3663 ἀρρωστίαν
2575 3591 2723 3646 κακά
2796 3591 3137 3648 ὑπώπτευεν.
3206 3595 3293 3659 Ὠς
3336 3590 3428 3648 οὖν
3482 3597 3651 3651 αύτδν

2075 3675 2477 3747 ὑπελάμϐανες,
2529 3678 2623 3730 καὶ
2674 3675 2774 3746 τὴν
2821 3675 3162 3747 ἐψευσμένην
3210 3676 3390 3748 κρίσιν
3428 3678 3647 3747 ἐκείνην

2075 3754 2240 3830 εἶχες,
2279 3758 2549 3830 μνήσθητι
2574 3760 2656 3812 ὅτι
2695 3759 2838 3813 κατά
2877 3760 2979 3832 τὴν
3012 3760 3110 3830 σὴν
3155 3759 3335 3830 ψῆφον
3362 3762 3455 3814 καὶ
3482 3760 3546 3814 σὺ
3574 3761 3645 3814 τὰ

2076 3841 2259 3910 ἀγαθά
2284 3843 2469 3894 ἐκεῖνα
2486 3840 2774 3903 ἀπέλαϐες,
2812 3841 2914 3910 τὴν
2935 3840 3193 3894 πλατεῖαν
3221 3842 3314 3894 καὶ
3333 3841 3645 3914 εὐρύχωρον

2074 3923 2301 3990 ὁδεύσας
2321 3923 2462 3983 ὁδὸν,
2492 3923 2588 3975 καὶ
2601 3921 2854 3992 Λάζαρος
2880 3922 3083 3989 ὁμοίως
3111 3922 3180 3975 τὰ
3200 3923 3345 3976 κακά
3371 3925 3515 3977 κατά
3552 3925 3647 3979 τὸν

2077 4008 2168 4061 σὸν
2195 4007 2374 4076 λόγον,
2419 4005 2521 4075 τὴν
2572 4008 2768 4074 στενὴν
2815 4001 2990 4074 πύλην
3018 4000 3113 4055 καὶ
3155 4004 3255 4074 τὴν
3278 4003 3647 4076 τεθλιμμένην

2079 4090 2302 4161 βαδίσας
2329 4088 2466 4142 ὀδόν.
2498 4087 2650 4140 Ἐπεὶ
2696 4080 2793 4139 οὖν
2822 4086 2887 4138 σὺ
2923 4085 3023 4155 μὲν
3054 4085 3125 4138 τά
3166 4087 3430 4156 προοίμια
3483 4088 3645 4157 μόνον

2076 4170 2217 4239 εἶδες
2251 4173 2346 4242 τῆς
2376 4171 2522 4239 ὁδοῦ,
2559 4164 2713 4232 οὗτος
2753 4168 2811 4221 δέ
2853 4168 2949 4221 καὶ⁹
2995 4169 3131 4239 πρὸς
3164 4168 3228 4221 τὸ
3268 4169 3420 4235 τέλος
3474 4171 3645 4241 ἐώρα,

2076 4258 2228 4311 οὐδὲν
2280 4256 2389 4311 ἀπὸ
2425 4254 2521 4307 τοῦ
2551 4252 2837 4325 προοιμίου
2868 4252 2966 4322 τῆς
2989 4251 3109 4304 ὀδοῦ
3151 4251 3433 4321 γινόμενος
3478 4253 3646 4323 ὀκνη-

2080 4342 2320 4413 ρότερος,
2347 4338 2437 4392 διὰ
2480 4335 2641 4390 τοῦτο
2667 4334 2762 4389 νῦν
2788 4332 3024 4388 ἐνταῦθα
3052 4334 3471 4405 παρακαλεῖται,
3508 4338 3572 4390 σὺ
3589 4338 3646 4392 δὲ

2076 4424 2350 4487 ὀδυνᾶσαι,
2381 4421 2475 4475 καὶ
2505 4418 2835 4482 ἀπεναντίας
2862 4416 3111 4489 ἀλλήλοις
3140 4418 3204 4472 τὺ
3257 4419 3410 4484 τέλος
3447 4423 3647 4493 κατήν-

2078 4524 2265 4579 τησεν.
2309 4505 2494 4560 Εῐδετε
2537 4503 2603 4557 δι’
2627 4502 2806 4556 αὑτῶν
2840 4501 2951 4555 τῶν
2985 4503 3328 4574 πραγμάτων
3361 4508 3458 4576 τῆς
3487 4505 3647 4577 εὐρυ-

2079 4590 2257 4661 χώρου
2310 4588 2407 4641 καὶ
2450 4585 2711 4651 πλατείας
2751 4585 2871 4639 ὀδοῦ
2911 4584 2972 4638 τὸ
3031 4585 3205 4649 τέλος,
3260 4587 3493 4657 ἐμάθετε
3545 4589 3647 4659 τῆς

2080 4675 2273 4744 στενῆς
2302 4670 2476 4741 πύλης
2497 4670 2592 4723 καὶ
2616 4670 2713 4740 τῆς
2725 4668 3091 4739 τεθλιμμένης
3110 4667 3232 4723 ὁδοῦ
3252 4671 3400 4732 ὅπως
3411 4669 3648 4742 χρηστὸν

2078 4757 2139 4811 τὸ
2173 4757 2347 4829 πέρας
2372 4754 2588 4821 ἐδέξατο
2635 4755 2727 4806 τὸν
2781 4751 2985 4824 ταύτην
3035 4752 3323 4824 ἑλόμενον·
3377 4754 3647 4810 ἀκούσατε

2079 4840 2145 4912 δὴ
2177 4842 2272 4894 καὶ
2286 4839 2349 4892 τὸ
2375 4839 2502 4909 φοϐε
2512 4835 2746 4910 ρώτερον
2766 4854 2781 4868 ·
2798 4835 2911 4890 Κὰὶ
2928 4836 3026 4890 ἐπὶ
3046 4835 3217 4901 πᾶσι,
3244 4836 3397 4909 φησὶ,
3417 4840 3651 4908 τούτοις

2074 4923 2305 4996 μεταξὺ
2345 4920 2516 4992 ἡμῶν
2561 4923 2658 4976 καὶ
2687 4920 2858 4991 ὑμῶν
2881 4919 3089 4991 χάσμα
3103 4926 3258 4990 μέγα
3282 4922 3650 4992 ἐστήρικται,

2082 5008 2242 5074 ὅπως
2273 5009 2328 5061 οἱ
2369 5006 2649 5068 θέλοντες
2672 5000 2942 5070 διαϐῆναι
2956 5003 3136 5057 ἐνθεν
3163 5003 3290 5057 ἐκεῖ
3304 5005 3391 5073 μὴ
3421 5005 3651 5061 δύνων-

2082 5090 2414 5184 mmw
2437 5093 2498 5184 σί
2533 5088 2763 5184 εκεῖ-θεν
2806 5086 2959 5184 «eor:
2983 5085 3496 5184 τὐιίὲςδιξτθῖερίέῐπο
3554 5093 3677 5184 νθι

2082 5177 2271 5240 ἁπλῶς
2319 5173 2787 5245 παραδράμωμεν,
2834 5170 3133 5241 ἀγαπητοὶ,
3183 5171 3246 5224 τὸ
3281 5171 3491 5242 λεχθὲν,
3534 5170 3651 5230 ἀλλ’

2084 5261 2424 5330 ἐννοήσωμεν
2491 5254 2599 5309 τῶν
2675 5253 2973 5325 λεχθέντων
3025 5253 3125 5324 τὴν
3179 5254 3502 5326 ἀκρίϐειαν,
3555 5259 3653 5313 καὶ

2084 5346 2216 5415 ὅσης
2265 5338 2529 5397 ἀπολαύει
2580 5339 2680 5407 τῆς
2741 5335 2907 5406 τιμῆς
2970 5336 3068 5389 καὶ
3129 5336 3230 5408 τῆς
3283 5339 3574 5412 προεδρίας
3621 5344 3653 5396 ό

2085 5426 2240 5500 παρά
2276 5425 2365 5477 τὸν
2394 5419 2616 5474 πυλῶνα
2643 5417 2997 5490 ἐρριμμένος,
3028 5418 3058 5472 6
3094 5418 3591 5495 εὐκαταφρόνητος,
3622 5425 3654 5478 6

2087 5508 2276 5580 πένης,
2316 5511 2345 5563 6
2378 5507 2455 5578 τῷ
2501 5503 2647 5575 λιμῷ
2685 5501 2949 5573 διηνεκῶς
2979 5503 3244 5567 παλαίων,
3271 5506 3300 5559 6
3326 5507 3438 5571 τοῖς
3471 5506 3653 5560 ἐλκεσι

2088 5590 2564 5667 πολιορκούμενος,
2585 5591 2615 5643 ό
2636 5590 2749 5652 τοῖς
2766 5587 2893 5640 κυσὶ
2922 5588 3303 5658 προκείμενος,

2171 5681 2375 5745 Ἡδέως
2401 5677 2509 5748 γὰρ
2556 5674 2730 5729 ταῦτα
2760 5671 2995 5747 ,στρέφω
3043 5673 3301 5744 συνεχῶς,
3341 5674 3430 5728 ἵνα
3462 5670 3651 5744 μηδεὶς
