4030 6136
346 283 484 340 1053

333 389 478 448 enim
518 393 656 445 hanc
685 403 800 444 rem
830 385 1075 442 oratione
1100 400 1244 454 saepe
1271 398 1450 448 versp,
1476 393 1532 438 ut
1555 399 1710 438 nemo
1735 399 1799 438 ex
1823 381 1930 436 illis

335 484 425 545 qui
456 490 695 552 egestate
717 480 798 534 vel
831 478 1031 532 morbis
1057 485 1111 530 et
1138 476 1276 529 fame
1310 484 1642 544 premuntur,
1671 489 1730 528 se
1754 483 1932 528 conte-

325 581 502 636 mnat,
535 583 590 629 et
617 573 850 641 seipsum
901 571 1156 624 miserum
1195 569 1510 634 arbitretur;
1539 567 1631 621 sed
1674 568 1933 637 patienter

345 675 390 720 et
428 681 550 720 cum
588 664 881 735 gratiarum
928 663 1371 734 actionecuncta
1401 661 1577 716 ferens
1603 703 1618 726 ,
1655 661 1791 716 bona
1837 675 1932 730 spe

340 755 616 819 foeatur.
667 768 722 811 et
768 758 854 811 illa
899 772 1019 824 qua:
1061 755 1220 809 nullis
1245 755 1471 824 exprimi
1513 753 1691 808 verbis
1731 763 1935 824 queunt

345 850 562 917 pra'mia
587 890 603 912 ,
639 847 985 915 laborumque
1029 847 1486 900 remunerationes
1527 853 1820 914 exspectet.
1865 845 1934 897 Et

341 943 406 995 ad
433 947 540 994 lucc
568 941 754 994 ouantia.
777 939 914 1005 Quid
940 949 1042 1004 est,
1071 939 1139 992 ad
1159 940 1266 992 lucc
1287 939 1455 992 omnia
1472 938 1498 990 ?
1516 937 1647 993 Cum
1672 938 1929 992 dixisset:

342 1045 394 1085 tu
417 1033 630 1104 quidem
656 1033 708 1086 in
740 1033 841 1087 hac
867 1034 972 1087 vita
999 1041 1187 1086 cuncta
1215 1032 1484 1102 recepisti,
1512 1046 1631 1102 qum
1656 1046 1774 1086 esse
1797 1031 1934 1086 bona

344 1141 559 1192 censes,
586 1136 640 1180 et
670 1125 755 1180 hic
785 1141 846 1180 ea
877 1125 1109 1193 recepit,
1132 1140 1248 1194 qua:
1277 1133 1331 1177 tu
1361 1124 1499 1178 mala
1524 1138 1643 1178 esse
1664 1122 1896 1176 ducebas
1915 1161 1932 1184 ,

342 1218 446 1272 hoc
488 1219 718 1287 adjecit,
753 1226 810 1272 ut
852 1233 976 1272 eum
1023 1217 1274 1281 doceret,
1305 1229 1733 1285 unumquemque
1773 1213 1934 1268 ﬁnem

341 1311 443 1364 sibi
476 1312 880 1364 convenientem
910 1310 1186 1377 excepisse
1217 1310 1282 1362 ad
1313 1307 1430 1362 lucc
1452 1307 1627 1361 omnia
1654 1322 1773 1376 qua:
1793 1305 1934 1359 dicta

341 1411 530 1464 erant:
560 1412 610 1455 te
647 1400 863 1470 quidem
911 1416 1012 1452 una
1049 1405 1178 1453 ‘cum
1217 1397 1408 1464 bonis,
1455 1397 1648 1467 quibus
1701 1405 1751 1450 te
1779 1395 1935 1465 potiri

343 1493 673 1548 arbitrabare
692 1533 708 1553 .
741 1492 960 1546 afflictio
985 1499 1039 1544 et
1068 1491 1329 1561 angustia:
1349 1530 1364 1554 ,
1397 1499 1451 1543 et
1481 1488 1619 1558 ignis
1647 1488 1738 1556 qui
1775 1502 1937 1540 num-

344 1601 500 1655 quam
521 1586 877 1654 exstinguitur
900 1601 914 1636 :
938 1583 1079 1638 hunc
1104 1592 1280 1637 autem
1305 1590 1650 1651 posteaquam
1678 1589 1788 1634 toto
1816 1579 1938 1660 vitae

346 1693 455 1731 sua:
496 1687 735 1746 tempore
781 1674 1116 1731 conﬂictatus
1157 1684 1240 1730 est
1270 1675 1366 1739 iis,
1392 1690 1511 1744 qua:
1543 1683 1597 1727 tu
1632 1671 1772 1726 mala
1819 1686 1938 1724 csse

345 1766 620 1831 censebas,
650 1767 892 1836 voluptas
918 1776 972 1821 et
997 1766 1260 1820 bonorum
1293 1765 1648 1834 partieipatio,
1679 1772 1736 1818 et
1757 1777 1935 1816 mvum

347 1858 488 1928 quod
517 1874 639 1912 cum
667 1857 870 1912 sanctis
900 1858 1046 1911 ducit
1065 1897 1079 1920 ,
1109 1856 1345 1927 excepit.
1371 1855 1595 1922 Quando
1623 1855 1781 1924 igitur
1805 1869 1939 1908 con-

348 1952 650 2005 venientem
681 1949 1047 2018 unusquisque
1074 1947 1238 2002 ﬁnem
1266 1947 1486 2002 sortitus
1512 1955 1625 2008 est,
1659 1955 1713 2000 et
1747 1954 1799 2000 te
1831 1944 1940 2013 qui-

348 2045 472 2099 dem
518 2054 665 2114 porta
716 2043 817 2096 lata
849 2052 903 2098 et
932 2043 1164 2112 spatiosa
1195 2043 1278 2096 via
1323 2043 1376 2095 in
1417 2041 1513 2094 has
1549 2041 1818 2109 angustias
1842 2039 1942 2093 de-

348 2136 500 2190 duxit
528 2153 542 2189 :
578 2137 719 2189 hunc
743 2142 919 2187 autem
949 2143 1170 2203 angusta
1192 2141 1247 2186 et
1272 2142 1416 2187 arcta
1442 2133 1507 2185 ad
1541 2132 1678 2185 hanc
1699 2131 1944 2196 volupta-

353 2239 456 2282 tem
486 2228 744 2295 provexit.
779 2224 848 2279 Et
879 2227 947 2278 ad
969 2226 1076 2279 hwc
1110 2225 1280 2279 omnia
1302 2225 1434 2279 inter
1461 2240 1553 2278 nos
1584 2233 1632 2277 et
1660 2239 1747 2277 vos
1779 2224 1944 2276 hiatus

353 2335 563 2388 magnus
589 2319 886 2372 constitutus
913 2327 1007 2371 est.
1040 2316 1172 2371 Vide
1201 2331 1510 2386 pauperem,
1544 2313 1810 2368 ulceribus
1835 2314 1944 2383 ple-

354 2427 501 2474 num,
533 2423 718 2463 rursus
745 2409 887 2463 enim
916 2408 1031 2462 haec
1053 2409 1194 2472 dico,
1219 2423 1340 2461 cum
1371 2406 1670 2476 patriarcha
1697 2420 1945 2459 munera-

356 2513 501 2563 tum,
533 2511 586 2554 et
616 2501 668 2554 in
699 2511 896 2555 emtum
939 2500 1204 2568 justorum
1245 2508 1607 2566 aggregatum.
1648 2496 1784 2549 Nam
1816 2497 1946 2549 inter

356 2610 445 2646 nos
469 2604 515 2646 et
541 2608 657 2658 ros,
689 2593 875 2661 inquit.
905 2591 1064 2645 Vides
1088 2606 1245 2660 quam
1275 2590 1396 2642 vitae
1429 2589 1787 2642 conditionem
1825 2603 1945 2640 sor-

357 2686 482 2739 titus
525 2686 594 2738 sit
637 2685 715 2750 is,
762 2684 850 2752 qui
897 2699 1016 2737 cum
1059 2681 1315 2752 patientia
1341 2682 1705 2749 etgiatiarum
1737 2680 1947 2734 actione

355 2793 570 2846 gravem
617 2777 764 2830 illtun
809 2778 1052 2830 morbum
1103 2777 1274 2830 fuerat
1315 2775 1613 2843 famemque
1642 2788 1943 2842 perpessus.

359 2868 412 2922 Ν
418 2886 500 2921 um
525 2869 654 2922 inter
683 2885 773 2922 nos
798 2879 842 2922 et
871 2887 974 2934 vos,
1000 2867 1188 2936 inquit,
1217 2868 1386 2920 hiatus
1407 2883 1622 2936 magnus
1655 2867 1948 2918 constitutus

358 2970 448 3014 est.
495 2960 741 3030 Magnum
789 2969 904 3024 est,
951 2961 1150 3028 inquit,
1197 2958 1338 3028 quod
1381 2974 1476 3012 nos
1514 2958 1746 3020 dirimit,
1777 2971 1949 3025 neque

358 3051 673 3118 simpliciter
694 3051 888 3117 hiatus,
907 3051 1004 3104 sed
1025 3065 1266 3120 magnus.
1292 3050 1426 3102 Vere
1446 3065 1674 3117 namque
1698 3062 1947 3117 magnum

359 3152 442 3195 est
473 3142 612 3195 inter
637 3147 882 3195 virtutem
914 3149 969 3196 et
997 3142 1182 3195 vitium
1212 3139 1551 3194 intervallum
1574 3181 1587 3203 ,
1619 3140 1950 3208 multumque

361 3232 648 3286 discrimen
674 3251 687 3287 :
711 3233 974 3302 siquidem
1006 3233 1107 3287 hoc
1132 3233 1295 3286 latum
1324 3243 1378 3286 et
1405 3233 1696 3302 spatiosum
1726 3241 1826 3296 est,
1861 3229 1948 3285 illa

361 3340 489 3379 vero
514 3336 663 3388 arcta
682 3334 737 3378 et
765 3333 989 3393 angusta
1013 3341 1030 3379 :
1055 3325 1297 3393 voluptas
1325 3325 1430 3378 lata
1451 3334 1505 3378 et
1526 3324 1756 3392 spatiosa
1785 3341 1797 3376 :
1823 3339 1951 3392 pau~

360 3428 542 3489 pert-as
585 3426 762 3471 autem
805 3425 860 3471 et
901 3418 1119 3486 penuria
1148 3427 1291 3471 arcta
1324 3427 1377 3472 et
1417 3427 1659 3486 angusta.
1695 3416 1763 3471 Ut
1793 3415 1953 3486 igitur

363 3511 452 3566 hic
474 3511 754 3564 contraria:
781 3519 904 3565 sunt
936 3512 1032 3564 via:
1053 3553 1068 3577 ,
1101 3519 1155 3567 et
1181 3511 1268 3565 hic
1294 3512 1543 3582 quidem,
1571 3512 1659 3580 qui
1682 3511 1953 3580 virginita-

363 3615 470 3656 tem
496 3602 678 3670 elegit,
709 3617 804 3670 per
828 3611 1104 3669 angustam
1136 3611 1190 3657 ct
1215 3612 1414 3656 arctam
1443 3601 1671 3663 incedit,
1703 3602 1826 3655 item
1856 3602 1949 3670 qui

361 3698 657 3751 castitatem
690 3697 990 3766 proﬁtetur,
1017 3698 1104 3766 qui
1137 3707 1502 3766 paupertatem
1529 3696 1808 3764 amplexus
1831 3706 1914 3750 est
1933 3736 1948 3759 ,

363 3799 416 3842 et
441 3790 528 3858 qui
557 3803 747 3841 vanam
778 3787 999 3856 gloriam
1021 3795 1340 3856 aspernatur
1365 3805 1377 3841 :
1406 3787 1496 3842 ille
1528 3803 1653 3842 vero
1674 3802 1767 3856 per
1791 3787 1950 3840 latam

363 3890 416 3933 et
455 3879 742 3948 spatiosam
795 3895 1018 3948 pergere
1059 3878 1349 3945 festinans,
1391 3879 1674 3942 ebrietati,
1713 3878 1947 3945 deliciis,

367 3972 710 4039 pecuniarum
759 3971 949 4025 insano
992 3971 1192 4036 atnori,
1246 3971 1510 4035 lascivizc,
1544 3985 1609 4024 ac
1639 3971 1954 4038 perniciosis

365 4062 680 4127 spectaculis
704 4063 936 4130 seipsum
964 4061 1194 4127 addicit,
1224 4072 1278 4116 et
1304 4061 1529 4114 multum
1574 4061 1710 4115 inter
1750 4059 1954 4115 utrum-

364 4167 469 4222 que
495 4151 784 4208 discrimen
824 4153 1060 4208 occurrit
1086 4171 1101 4209 :
1127 4153 1210 4210 sic
1237 4153 1486 4209 nimirum
1524 4161 1578 4210 et
1616 4153 1672 4208 in
1713 4161 1954 4224 tempore

1059 277 1378 333 ASCETAM
1421 279 1729 331 FtCETlIS
1769 277 1884 330 I‘Tl
1922 276 2058 332 NON
2100 276 2390 332 DEBERE.
2423 309 2492 320 —-
2527 275 2842 332 MONITUM

3481 281 3618 334 1051

2039 381 2282 452 supplicii
2310 399 2373 440 ac
2400 385 2762 442 retributionis
2799 387 3018 442 multam
3067 387 3208 444 inter
3243 389 3458 458 praemia
3496 406 3624 460 pos-

2039 477 2592 531 suuutsdiﬂ'ercntiam
2617 479 2872 532 invenire.
2903 477 3091 534 Iliatus
3111 481 3244 533 enim
3267 499 3480 552 magnus
3505 501 3627 537 con‘

2037 573 2241 624 stitutus
2286 580 2359 624 est
2394 573 2526 624 inter
2569 588 2694 634 nos,
2744 572 2845 624 hoc
2887 581 3002 636 est,
3036 573 3172 625 inter
3191 573 3398 641 justus,
3433 576 3626 631 virtute

2039 665 2314 734 prmditos,
2345 665 2433 733 qui
2462 664 2819 720 conditionem
2859 665 3001 718 illam
3039 667 3160 719 vita:
3187 667 3358 719 sortiti
3390 677 3546 728 sunt,
3581 677 3628 720 et

2037 772 2145 820 vos,
2178 757 2281 811 hoc
2306 767 2408 822 est,
2440 757 2526 826 qui
2556 757 2651 810 toti
2678 757 2807 811 estis
2845 757 3074 825 nequitia
3102 766 3155 810 et
3182 757 3474 812 sceleribus
3497 774 3596 812 coo
3614 789 3627 797 -

2041 851 2197 920 perti.
2229 847 2484 917 Adeoque
2513 864 2734 918 magnus
2763 857 2846 901 est
2873 847 3067 910 hiatus,
3093 847 3160 902 Ut
3184 864 3339 917 neque
3363 851 3628 918 quisquth

2038 960 2212 1000 eorum
2240 944 2326 1012 qui
2351 943 2433 996 hic
2469 943 2773 1006 consistunt,
2805 941 2874 993 ad
2903 957 2986 994 vos
3013 944 3229 995 transire
3259 943 3442 1010 possit.
3472 959 3632 1012 neque

2039 1038 2109 1093 ad
2137 1055 2227 1092 nos
2253 1037 2371 1090 inde
2410 1047 2736 1090 transmeare.
2768 1036 2928 1090 Vides
2958 1037 3128 1089 hiatus
3169 1036 3584 1103 magnitudinem
3616 1075 3630 1099 ,

2039 1131 2188 1186 vides
2215 1145 2528 1198 responsum
2558 1128 2799 1197 gehenna
2825 1131 3056 1197 gravius.
3081 1128 3267 1182 Nonne
3305 1144 3333 1181 a
3373 1129 3630 1196 principio

2040 1237 2160 1276 cmn
2189 1221 2594 1290 prosperitatem
2616 1219 2795 1272 divitis
2814 1219 3090 1282 audiretis,
3115 1228 3168 1272 et
3193 1219 3502 1286 obsequium
3525 1234 3630 1285 quo

2041 1314 2317 1369 colebatur
2345 1312 2414 1365 ab
2443 1311 2710 1372 omnibus,
2742 1311 2996 1364 satellitio
3025 1312 3250 1378 stipatus
3271 1352 3283 1370 ,
3311 1319 3367 1362 et
3392 1309 3630 1377 quotidie

2041 1404 2250 1461 deliciis
2279 1404 2546 1468 addictus,
2579 1402 2947 1457 beatissimum
2993 1417 3112 1455 esse
3155 1401 3298 1454 illum
3339 1401 3631 1456 arbitraba-

2041 1497 2208 1551 mini?
2236 1495 2440 1549 Rursus
2471 1494 2596 1548 (lum
2627 1508 2916 1562 pauperem
2960 1509 3057 1561 pro
3099 1492 3301 1547 foribus
3325 1493 3588 1560 abjccttuu
3610 1534 3626 1556 ,

2044 1597 2098 1643 et
2125 1587 2376 1657 gravibus
2406 1586 2510 1640 illis
2539 1586 2838 1655 expositum
2870 1585 3142 1640 ulceribus
3157 1587 3473 1648 cerneretis,
3499 1602 3632 1651 non-

2045 1693 2111 1731 ne
2137 1677 2383 1731 miseram
2408 1676 2523 1745 ejus
2546 1677 2707 1729 vitam
2735 1676 3036 1742 putabatis?
3058 1676 3124 1728 At
3149 1691 3273 1729 cecc
3296 1676 3406 1744 jam
3428 1677 3494 1730 ab
3517 1677 3632 1744 ipso

2045 1785 2223 1823 rerum
2254 1770 2357 1822 line
2395 1769 2447 1821 in
2475 1767 2802 1821 contrarium
2832 1767 3102 1820 cerninms
3126 1775 3315 1819 cuncta
3343 1782 3594 1820 conversa
3613 1807 3628 1829 ,

2044 1868 2100 1914 et
2140 1858 2282 1912 hunc
2323 1858 2540 1928 quidem
2588 1866 2709 1928 post
2758 1857 2977 1911 delicias
3007 1858 3123 1911 illas
3147 1868 3198 1909 et
3225 1858 3533 1912 ebrietatem
3578 1859 3632 1910 in

2046 1950 2345 2015 tormentis,
2372 1949 2517 2003 illum
2548 1963 2677 2002 vero
2709 1956 2827 2015 post
2854 1955 3144 2015 egestatem
3170 1948 3312 2000 illam
3338 1958 3631 2001 extremam

2046 2054 2100 2101 et
2129 2043 2322 2097 famem
2347 2043 2398 2096 in
2429 2040 2743 2110 patriarchae
2768 2040 2888 2094 sinu
2917 2040 3136 2094 versari.
3163 2039 3542 2093 Verumtamen
3567 2057 3634 2092 ne

2045 2135 2302 2206 prolixior
2325 2151 2478 2203 atque
2504 2144 2681 2188 nostra
2707 2132 2778 2187 sit
2801 2133 2996 2197 oratio,
3027 2131 3225 2187 sufﬁcit
3255 2143 3310 2186 ut
3342 2131 3635 2199 hucusque

2048 2237 2351 2298 provectam
2379 2226 2676 2282 doctrinam
2705 2225 2980 2289 ﬁniamus,
3014 2232 3067 2278 et
3095 2223 3371 2277 caritatem
3403 2231 3632 2275 vestram

2047 2319 2410 2381 cobortemur,
2441 2334 2506 2372 ne
2535 2318 2693 2371 latam
2728 2328 2932 2385 portam
2961 2314 3262 2377 sectemini,
3297 2329 3470 2383 neque
3499 2312 3634 2365 viam

2048 2409 2360 2480 spatiosam,
2391 2425 2562 2479 neque
2593 2409 2919 2476 voluptatem
2951 2407 3094 2461 omni
3125 2407 3331 2460 ratione
3355 2404 3635 2474 perquira-

2052 2504 2121 2558 tis
2147 2522 2160 2558 :
2188 2503 2280 2556 sed
2326 2503 2600 2572 utriusque
2639 2502 2802 2555 ﬁnem
2840 2499 2992 2554 vobis
3034 2498 3104 2552 ob
3143 2498 3329 2552 oculos
3355 2504 3631 2565 ponentes.

2049 2597 2188 2652 hanc
2212 2597 2456 2668 fugiatis,
2478 2597 2773 2665 cogitantes
2802 2610 2920 2664 quae
2945 2593 3161 2647 divitem
3193 2591 3352 2645 istum
3382 2588 3515 2642 mala
3543 2603 3638 2655 op-

2050 2692 2346 2760 presserint
2374 2707 2387 2742 :
2419 2698 2702 2758 angustam
2739 2697 2917 2741 autem
2948 2697 3004 2740 et
3039 2694 3240 2739 arctam
3273 2684 3409 2736 viam
3449 2696 3638 2752 perse-

2049 2781 2306 2852 quatnini,
2355 2788 2412 2834 ut
2459 2779 2524 2833 ad
2570 2780 2743 2834 locum
2791 2777 3100 2832 deliciarum
3153 2782 3273 2844 post
3317 2773 3473 2842 hujus
3519 2773 3638 2825 vita:

2051 2887 2317 2927 :erumnas
2347 2871 2625 2940 pervenire
2647 2869 2933 2940 possimus.
2967 2868 3156 2934 Fugite
3187 2880 3638 2936 ci-go,rpia-so,sa—

2053 2964 2225 3020 tanica
2256 2964 2344 3018 illa
2367 2963 2688 3033 spectacula,
2713 2978 2776 3016 ac
2801 2961 3129 3030 perniciosos
3156 2960 3276 3012 illos
3300 2958 3437 3012 Circi
3463 2958 3634 3012 ludos.

2051 3057 2184 3111 Nam
2214 3065 2432 3125 propter
2463 3069 2558 3109 eos
2584 3054 2673 3124 qui
2703 3051 2924 3106 subdole
2963 3051 3171 3104 attracti
3205 3050 3417 3102 fuerunt
3437 3089 3451 3111 ,
3483 3057 3638 3117 atquo

2053 3151 2121 3206 ad
2147 3149 2434 3219 spatiosam
2463 3146 2602 3200 viam
2628 3152 2999 3215 perrexerunt,
3029 3141 3144 3194 haec
3172 3142 3352 3194 dicere
3377 3138 3638 3207 compulsi

2055 3257 2258 3303 smnus,
2295 3249 2351 3295 ut
2375 3240 2551 3295 edocti
2576 3253 2697 3293 cum
2720 3237 2858 3290 hanc
2893 3234 3175 3298 deserant,
3207 3242 3315 3286 tum
3348 3247 3441 3300 per
3471 3246 3642 3300 angu-

2054 3346 2190 3391 stam
2235 3333 2579 3395 iucedentes,
2633 3329 2846 3383 virtutis
2893 3326 3178 3387 nimirum,
3229 3325 3280 3377 in
3323 3322 3642 3393 patriarcha:

2055 3429 2253 3492 sinum,
2286 3421 2734 3497 quemadmodum
2764 3422 3017 3484 Lazarus,
3045 3419 3208 3487 recipi
3241 3427 3566 3477 mereantur,
3590 3426 3642 3467 et

2055 3537 2084 3576 a
2113 3519 2357 3589 geltenna
2387 3516 2524 3588 ignis
2549 3514 2903 3570 communiter
2923 3527 3108 3566 omnes
3132 3507 3337 3563 liberali
3360 3507 3511 3561 bonis
3539 3505 3643 3560 illis

2055 3615 2286 3676 arcanis,
2319 3628 2437 3681 qua:
2465 3610 2652 3663 oculus
2683 3624 2787 3661 non
2822 3607 2984 3670 vidit,
3014 3614 3069 3660 et
3096 3605 3241 3657 auris
3267 3618 3372 3655 non
3397 3600 3634 3662 audivit,

2057 3705 2296 3760 fruanmr
2320 3721 2332 3756 :
2356 3718 2474 3772 qua:
2503 3716 2598 3755 nos
2625 3714 2812 3753 omnes
2839 3699 3039 3751 utinam
3075 3696 3321 3749 obtinere
3347 3693 3640 3760 contingat,

2055 3797 2222 3869 gratia
2251 3804 2302 3850 et
2334 3793 2660 3863 benignitate
2685 3789 2892 3844 Domini
2926 3788 3091 3842 nostri
3119 3786 3246 3841 Jestt
3272 3785 3493 3849 Christi,
3521 3797 3644 3835 cum

2057 3904 2162 3957 qtto
2190 3886 2332 3940 Patri
2363 3885 2628 3953 simulque
2653 3880 2878 3950 Spiritui
2909 3877 3300 3946 sanctogloria,
3339 3874 3641 3943 imperium,

2059 3979 2232 4033 honor
2278 3991 2419 4031 nunc
2478 3983 2534 4030 et
2584 3988 2817 4042 semper,
2847 3979 2902 4025 et
2949 3971 3002 4024 in
3055 3968 3250 4023 saecula
3304 3967 3642 4022 seculorum.

2058 4072 2250 4127 Amen.

1812 4773 2214 4836 MONITUM.

394 5311 621 5366 operum
656 5291 877 5348 lectioni
917 5292 999 5345 vel
1028 5290 1298 5346 tantillum
1335 5297 1584 5344 assuetus
1609 5287 1736 5343 erit.
1775 5286 2138 5353 Quamobrem
2162 5287 2286 5354 jure
2320 5283 2463 5338 inter
2496 5282 2680 5352 spuria
2714 5281 2956 5351 ablegata
2990 5279 3094 5334 fuit
3120 5280 3188 5333 ab
3229 5281 3314 5343 iis,
3341 5281 3434 5348 qui
3483 5283 3636 5350 prius

395 5393 564 5446 c-ditis
591 5391 976 5460 advigilarunt.
1005 5388 1099 5441 llic
1121 5388 1368 5455 quaedam
1399 5386 1668 5440 habentur
1693 5386 1760 5440 de
1794 5384 2227 5439 subintroductis
2255 5390 2308 5437 et
2334 5381 2594 5452 agapetis,
2626 5395 2732 5448 qua
2765 5379 2832 5432 de
2879 5393 2936 5431 re
2976 5377 3028 5430 in
3069 5373 3214 5427 notis
3244 5374 3637 5442 posterioribus

397 5495 628 5552 agatur;
664 5483 758 5538 sed
789 5483 952 5536 ctiam
986 5482 1158 5536 fusius
1187 5489 1377 5548 agetur
1399 5480 1464 5532 ad
1495 5479 1696 5534 calcem
1731 5493 1979 5547 operum,
2008 5493 2130 5534 cum
2167 5477 2232 5532 de
2263 5475 2550 5544 disciplina
2575 5491 2692 5528 aevo
2732 5467 3108 5543 Cltrysostomi
3134 5477 3347 5540 recepta
3392 5468 3635 5537 disputa-

399 5577 568 5632 bitur.
604 5577 980 5647 lnterpretatio
1013 5575 1202 5632 Latina
1230 5585 1310 5630 est
1343 5574 1630 5629 Frontonis
1667 5571 1868 5628 Duc-tri.
