4030 6136
545 212 684 273 1059

528 332 701 387 solum
732 328 871 400 pelle
895 328 1008 400 ipse
1043 343 1255 400 quoque
1281 327 1649 400 amiciebatur.
1693 324 2027 400 Stupl‘dimest
2050 336 2107 400 et

528 401 710 455 lttollis
734 396 898 454 animi
917 396 1258 468 splendidum
1299 398 1663 452 indumentum
1693 406 1747 452 et
1773 396 1962 468 subtili
1979 396 2108 451 arti-

528 470 650 525 ficio
666 466 971 524 eontextuni
988 469 1163 538 magni
1186 468 1359 523 facere
1376 484 1390 520 :
1411 468 1623 521 animus
1639 477 1813 522 autem
1831 466 1896 520 ad
1918 467 2105 523 altiora

531 555 757 609 quaeque
778 546 950 602 natus,
973 540 1062 608 qui
1089 539 1198 593 veri
1220 549 1438 593 ornatus
1457 553 1672 593 sensum
1692 551 1886 609 capere
1910 546 2103 609 potest,

530 607 748 663 mollem
785 607 1002 664 omnem
1024 621 1222 663 vestem
1254 609 1515 679 despicit,
1545 608 1988 679 etisublimiorem
2017 607 2104 679 illa

524 679 855 743 desiderans,
884 694 1125 733 securam
1146 720 1162 742 ,
1196 676 1413 733 minime
1437 678 1757 746 superfluant
1781 718 1796 741 ,
1827 676 2103 732 honeStio-

527 763 642 804 rem
671 749 812 802 illam
845 748 1178 817 maximeque
1214 749 1571 803 venerandam
1601 748 1896 803 castitatem
1933 747 2105 800 omni-

528 817 631 873 bus
669 819 937 873 existimat
982 818 1386 887 pra-ferendam.
1435 818 1679 873 Contenti
1730 819 1888 887 igitur
1933 826 2105 872 estote

530 890 835 950 verborum,
852 905 969 958 qua:
986 888 1122 943 dicta
1141 900 1282 952 sunt,
1296 888 1564 942 admoniti:
1587 904 1673 942 ne.
1691 888 1885 942 Cavete
1900 896 2100 958 autem,

526 972 595 1012 ne
617 957 944 1013 honestatem
966 969 1124 1027 atque
1142 960 1451 1028 gravitatem
1478 959 1609 1011 ultra
1631 959 1881 1012 terminos
1903 957 2105 1011 medio-

525 1029 730 1082 critatis
783 1038 1051 1096 tamquam
1108 1030 1385 1083 molestam
1473 1028 1715 1082 namdam
1759 1028 2098 1083 severitatem

528 1097 832 1152 oroducatis
860 1115 873 1151 :
902 1113 1018 1152 aute
1043 1107 1095 1152 ct
1118 1098 1218 1152 insi
1248 1100 1338 1152 qui
1360 1044 1527 1152 audit.
1555 1108 1608 1151 et
1636 1098 1700 1151 iis
1727 1098 1813 1152 qui
1840 1099 1954 1152 eius
1975 1111 2098 1150 cnn-

528 1097 832 1161 producatis
860 1115 873 1151 :
902 1113 1018 1167 qua:
1043 1107 1095 1152 ct
1118 1098 1218 1166 ipsi
1248 1100 1338 1167 qui
1360 1097 1527 1161 audit,
1555 1108 1608 1151 et
1636 1098 1700 1151 iis
1727 1098 1813 1167 qui
1840 1099 1954 1163 ejus
1975 1111 2104 1167 cnu-

520 1168 693 1220 sonio
723 1165 972 1221 fruuntur
994 1209 1009 1232 ,
1041 1165 1201 1223 melle
1225 1165 1287 1222 ac
1315 1169 1434 1222 favo
1472 1168 1680 1221 dulcior
1706 1165 1952 1221 efficitur.
1983 1165 2102 1235 Spi-

524 1235 733 1291 ritualis
771 1240 964 1306 quippe
1004 1238 1183 1291 lmtitia
1211 1238 1432 1293 honeste
1456 1253 1520 1291 ac
1544 1238 1738 1292 decore
1764 1238 1831 1290 ad
1854 1237 2099 1290 unionem

521 1319 650 1361 cum
686 1307 792 1361 Deo
830 1306 1107 1376 provehit,
1139 1322 1337 1377 eosque
1379 1310 1465 1377 qui
1516 1309 1569 1361 in
1613 1322 1958 1373 congressum
1986 1307 2103 1374 ejus

521 1378 766 1440 veniunt,
791 1378 1055 1445 voluptate
1085 1376 1370 1446 perfundit.
1392 1376 1581 1432 Verum
1613 1393 1678 1431 ne
1708 1378 1789 1430 his
1814 1392 1931 1446 quas
1958 1392 1988 1429 a
2018 1377 2123 1430 tne'

522 1446 662 1501 dicta
690 1456 811 1517 sunt
833 1488 846 1511 ,
885 1449 1165 1501 occasione
1204 1458 1448 1516 arrepta,
1479 1462 1545 1502 eo
1581 1447 1720 1517 quod
1761 1448 1811 1500 iu
1842 1447 2103 1517 hilaritate

526 1517 702 1570 vivere
726 1516 800 1570 sis
831 1517 1125 1585 prohibitus
1149 1557 1163 1579 ,
1188 1518 1352 1571 tristis
1379 1533 1442 1572 ac
1465 1532 1708 1571 morosus
1733 1531 1854 1571 esse
1884 1516 2103 1585 incipias

522 1599 651 1657 erga
680 1586 867 1657 fratres
890 1586 1260 1657 adventantes,
1286 1602 1459 1657 neque
1484 1586 1713 1641 difficilis
1738 1601 1857 1657 esse
1884 1587 2014 1639 velis
2039 1600 2103 1641 ac

523 1655 745 1726 minime
782 1654 1004 1710 affabilis
1040 1664 1134 1711 aut
1174 1654 1490 1711 inhumanus
1536 1672 1632 1726 pro
1677 1656 1904 1726 benigno
1942 1666 2102 1724 atque

524 1725 780 1793 gratioso,
813 1740 985 1794 neque
1011 1726 1137 1781 dum
1164 1729 1388 1783 comiter
1413 1725 1734 1794 suscipiendi
1764 1725 1905 1785 sunt,
1935 1727 2023 1794 qui
2049 1733 2103 1780 te

523 1794 755 1849 invisunt
777 1837 790 1857 .
820 1796 1010 1850 fratres
1031 1837 1047 1861 ,
1080 1810 1322 1852 morosus
1349 1812 1413 1851 ac
1443 1797 1609 1851 tristis
1630 1838 1644 1861 ,
1672 1804 1765 1850 aut
1790 1795 1845 1849 in
1877 1811 2101 1864 respon-

520 1864 761 1936 sionibus
780 1876 829 1920 et
853 1866 1097 1935 alloquiis
1126 1868 1445 1922 inacccssas.
1480 1867 1704 1935 Semper
1725 1866 1866 1936 enim
1895 1876 1950 1918 ut
1972 1881 2101 1936 gaue

525 1933 746 2005 deantus
766 1975 781 1999 ,
815 1933 1116 1989 mandatum
1142 1945 1224 1990 est
1266 1933 1652 2005 apostolicum,
1683 1947 1735 2005 et
1760 1933 2103 1989 Consolainini

522 2003 750 2074 invicem,
772 2015 846 2070 et,
874 2005 1083 2074 invicem
1110 2003 1312 2074 benigni
1331 2016 1505 2062 estote
1523 2048 1539 2073 ,
1568 2016 1638 2072 et,
1674 2003 2097 2074 Caritas,iuquit,

522 2023 750 2069 invicem,
772 2023 846 2070 et,
874 2023 1083 2059 mercem
1110 2023 1219 2059 bent
1256 2023 1307 2059 nt
1331 2023 1505 2062 esmte
1523 2048 1539 2073 ,
1568 2023 1638 2072 et,
1674 2023 2097 2074 uarunsnuqutt,

519 2072 734 2147 {tertiana
773 2085 841 2128 est
876 2072 961 2147 (Ι.
1002 2074 1178 2130 Thess.
1312 2078 1369 2147 ll
1398 2091 1413 2141 ;
1450 2076 1638 2147 Epltes.
1682 2077 1735 2129 4.
1766 2075 1869 2139 52ς
1901 2076 1948 2147 1.
1979 2073 2097 2129 Cor.

521 2143 608 2198 15.
637 2143 707 2212 ιι)
742 2162 754 2196 :
785 2154 838 2199 et
865 2143 1225 2212 apostolorum
1254 2143 1596 2201 salutationes
1629 2147 1681 2199 in
1707 2160 1892 2199 eorum
1920 2145 2103 2199 insunt

520 2213 761 2282 epistolis
780 2225 1042 2283 tamquam
1063 2215 1200 2285 filios
1214 2216 1628 2284 complcetentes
1646 2229 1739 2269 eos
1754 2216 1841 2285 qui
1856 2214 2096 2281 audiunt,

520 2291 785 2356 tamquam
834 2285 1022 2356 fratres
1073 2284 1414 2340 cohortantes
1442 2301 1536 2340 eos
1570 2285 1659 2356 qni
1688 2284 1988 2356 attendunt.
2020 2286 2100 2340 Ac

526 2352 688 2404 multa
714 2368 843 2407 sane
861 2353 929 2407 de
956 2354 1053 2407 hac
1072 2364 1257 2425 saneta
1284 2352 1623 2425 benignitate,
1654 2371 1771 2425 quae
1789 2370 1859 2410 ex
1877 2354 2097 2425 caritate

521 2434 821 2489 promanat,
853 2438 922 2494 ex
947 2424 1111 2494 sacris
1140 2425 1305 2478 literis
1329 2424 1535 2480 discere
1584 2424 1885 2494 possumus.
1916 2424 2099 2494 Neque

520 2500 733 2558 oportet
762 2503 820 2547 ut
861 2493 927 2547 ad
976 2493 1311 2547 immodicam
1358 2493 1675 2548 hilaritatem
1716 2493 2096 2561 traducamtir,

521 2573 695 2631 neque
717 2572 776 2617 ut
797 2563 1119 2618 scorrilitate
1145 2564 1528 2634 benignitatem
1550 2579 1608 2620 se
1626 2563 1693 2619 ad
1720 2564 1814 2620 Dei
1841 2563 2096 2620 imitatio-

2045 213 2313 277 SPURIA.

2211 342 2335 382 nem
2374 336 2789 396 comparantem,
2815 323 3191 380 labefactemus
3214 321 3357 396 ,ised
3400 323 3452 379 in
3488 329 3733 396 meditullio

2209 398 2440 475 quodam
2485 395 2736 475 perfecta:
2784 396 3067 475 hilaritatis
3105 395 3491 475 euasistamus,
3517 406 3565 453 et
3599 395 3736 475 nequi,

2208 464 2421 545 molesti
2454 464 2619 521 simus
2659 468 2724 545 iis
2762 466 2953 535 quibus
2998 464 3331 545 familiariter
3355 467 3572 535 utimur,
3595 464 3733 545 neque;

2208 537 2493 591 dissolutos
2516 551 2610 591 eos
2630 547 2684 592 et
2714 538 2912 606 inertes
2933 535 3218 606 reddamus
3246 551 3260 587 :
3291 549 3460 606 neque
3484 541 3650 597 acerbe
3668 535 3738 600 te.

2208 607 2624 729 Frehendantus,
2651 622 2823 677 neque
2852 605 3215 688 fraudulenter
3241 605 3532 673 adolemur,
3556 612 3633 666 sed
3658 619 3734 671 uti.

2231 686 2332 729 Iter
2356 691 2704 729 corrigamus.
2729 687 2783 729 et
2820 677 3123 729 httmnntter
3147 677 3505 729 cohortemur.
3530 678 3615 729 Oui
3635 701 3733 729 nar.

2231 678 2332 731 iter
2356 677 2704 746 corrigamus,
2729 676 2783 732 et
2820 676 3123 747 humaniter
3147 677 3505 731 cohortemur.
3530 678 3615 744 Qui
3635 701 3733 747 par.

2207 747 2294 811 cit,
2322 747 2508 816 inquit,
2536 748 2759 801 emittere
2787 748 2986 800 verbum
3022 746 3226 806 durum,
3255 747 3476 815 prudens
3501 758 3579 801 est.
3603 746 3741 811 Fartus

2207 816 2370 871 mellis
2399 833 2646 870 sermones
2671 818 2803 879 boni,
2835 817 3047 870 dulcedo
3075 825 3242 869 autem
3264 832 3438 869 eorum
3463 820 3631 875 sanitas
3646 827 3737 878 aui.

2207 902 2322 939 mw.
2355 885 2488 959 Sunt
2509 888 2596 956 qui
2615 888 2835 941 dicentes
2861 890 3123 959 uulnerant
3142 887 3290 959 quasi
3307 888 3462 959 ensis,
3486 887 3648 959 lingua:
3667 911 3739 948 au-

2208 966 2305 1030 tem
2330 955 2609 1030 sapientium
2647 967 2828 1030 sanant
2867 956 3063 1030 (Prov.
3098 955 3186 1011 10.
3222 956 3324 1030 Ιρί
3367 955 3519 1030 _Proo.
3549 955 3623 1015 f6.
3654 964 3738 1030 θός

2210 1024 2369 1098 Prov.
2390 1024 2483 1081 i2.
2511 1027 2576 1081 18
2591 1028 2629 1098 ).
2660 1024 3094 1098 Βίοιιιιηιςςιιιίᾱεῐη
3117 1033 3199 1098 est
3220 1026 3413 1098 divinis
3433 1030 3632 1085 canticis
3649 1024 3739 1088 mo;

2205 1095 2389 1151 derate
2428 1095 2828 1165 opera'mgdare.
2861 1096 2989 1151 Nam
3032 1096 3211 1165 lmtitia
3253 1097 3514 1165 ejusmodi
3550 1113 3741 1161 mentem

2206 1163 2519 1239 sanctificat,
2537 1173 2597 1219 ut
2615 1163 2692 1218 ait
2711 1165 3038 1236 Apostolus:
3058 1163 3348 1239 [inplentini
3376 1168 3566 1237 Spiritu
3582 1183 3739 1239 sancto,

2207 1235 2375 1305 inquit
2398 1277 2414 1302 ,
2441 1246 2700 1290 cantantes
2738 1235 2785 1289 et
2826 1239 3093 1305 psallentes
3119 1236 3173 1289 in
3212 1235 3447 1291 cordibus
3473 1242 3628 1294 vestris
3654 1235 3739 1295 Doi

2206 1306 2342 1376 mino
2369 1305 2587 1376 (Ephes.
2632 1308 2683 1361 5.
2722 1306 2945 1376 l8-l9).
2976 1307 3178 1360 Bonum
3220 1307 3379 1376 igitur
3406 1318 3485 1363 est
3514 1351 3527 1372 ,
3552 1310 3611 1364 ad
3634 1312 3744 1367 lati-

2209 1375 2333 1451 tiatu
2363 1375 2625 1451 ejusmodi
2651 1375 3079 1451 consequendam
3108 1375 3353 1451 studiose
3373 1393 3575 1451 vacare,
3600 1397 3743 1451 neque

2205 1445 2276 1499 ob
2305 1445 2594 1521 quamdam
2615 1445 3205 1521 mortttn;_asperitatem
3236 1461 3299 1501 ac
3322 1446 3563 1521 duritiem
3600 1445 3744 1521 negli-

2203 1527 2391 1584 genter
2416 1516 2466 1570 in
2491 1517 2685 1570 divinis
2709 1516 2951 1571 cantibus
2980 1517 3202 1583 versari,
3234 1518 3384 1583 quasi
3414 1518 3642 1574 nimirum
3661 1516 3744 1576 ἢο-

2208 1599 2325 1657 cem
2355 1586 2663 1657 impendere
2705 1587 2795 1640 Dei
2829 1587 3071 1641 laudibus
3096 1603 3200 1641 non
3237 1587 3531 1657 dignemur.
3555 1589 3670 1645 Nam
3691 1593 3746 1650 ad

2205 1655 2464 1729 ejusmodi
2495 1671 2606 1729 rem
2638 1665 2876 1711 sanctam
2907 1668 2961 1713 et
3003 1671 3214 1712 sacrum
3262 1655 3407 1729 illum
3438 1674 3746 1729 congressum

2205 1724 2447 1795 hilariter
2471 1727 2691 1781 affectos
2714 1742 2834 1781 esse
2865 1742 2961 1781 nos
2986 1735 3351 1795 oportethnon
3380 1728 3431 1783 in
3464 1724 3631 1784 dulces
3653 1748 3749 1784 nlo-

2204 1794 2359 1850 dulos
2416 1796 2658 1859 effundi,
2709 1812 2882 1865 neque
2929 1794 3154 1853 delicate
3200 1797 3394 1853 divinis
3440 1802 3749 1856 concentibus

2203 1865 2443 1938 mulceri,
2464 1881 2648 1938 neque
2671 1867 2918 1922 mollibus
2946 1883 3008 1922 ac
3035 1869 3213 1938 fractis
3237 1869 3382 1923 sonis
3401 1870 3621 1938 gaudere
3641 1912 3656 1937 ,
3679 1884 3750 1926 at-

2202 1949 2306 2004 que
2333 1936 2434 2011 huc
2461 1936 2691 2011 illucque
2716 1936 3274 2011 oculos_circutuferre
3296 1980 3312 2002 ,
3345 1936 3605 1994 ut_videas
3626 1936 3753 2011 ,iquo

2204 2014 2360 2079 pacto
2383 2006 2619 2079 lauderis
2646 2023 2671 2079 :_
2691 2007 2786 2061 sed
2826 2008 2878 2061 in
2910 2008 3030 2079 Deo
3051 2008 3336 2079 laetandum
3367 2020 3475 2074 est,
3501 2011 3642 2079 eique
3666 2006 3751 2067 soli

2205 2074 2412 2143 placere
2434 2076 2803 2149 studendum,
2832 2086 2990 2147 atque
3016 2076 3103 2132 hic
3138 2078 3433 2149 prtecipue,
3461 2090 3517 2133 ut
3536 2074 3647 2134 cum
3672 2081 3755 2135 ho-

2202 2153 2410 2200 nestate
2434 2144 2673 2216 hilaritas
2707 2147 2875 2201 mixta
2903 2144 3232 2216 reperiat—ur,
3266 2144 3385 2203 cum
3414 2164 3446 2202 a
3476 2150 3562 2204 Dei
3590 2151 3756 2208 timore

2200 2216 2437 2287 gravitas
2454 2228 2506 2270 et
2534 2215 2784 2271 honestas
2815 2215 3182 2287 proficiscatur
3203 2259 3219 2284 ,
3249 2219 3414 2273 divini
3445 2234 3569 2275 vero
3590 2230 3753 2276 cantus

2201 2284 2268 2355 ad
2296 2285 2529 2339 lmtitiam
2555 2302 2652 2341 nos
2692 2284 2983 2355 provehaut
3007 2328 3023 2353 ,
3052 2297 3107 2343 et
3134 2297 3347 2343 aeterna:
3373 2288 3516 2344 illius
3538 2292 3753 2344 exsulta-

2203 2353 2367 2430 tionis
2391 2353 2744 2430 imitationem
2769 2357 2820 2430 in
2847 2358 3004 2430 nobis
3030 2360 3353 2430 exprimant,
3381 2359 3439 2413 in
3458 2375 3567 2430 qua
3590 2361 3656 2413 illi
3678 2360 3757 2430 qui

2202 2422 2428 2499 honeste
2447 2426 2746 2499 conversati
2768 2426 2983 2499 fuerint
3004 2467 3020 2495 ,
3047 2422 3276 2499 futuram
3300 2422 3591 2499 transigent
3617 2422 3758 2484 vitam

2201 2494 2344 2568 apud
2371 2494 2675 2568 Dominum,
2697 2496 2781 2552 cui
2804 2497 2973 2568 gloria
2998 2494 3053 2553 et
3076 2497 3358 2568 imperium
3386 2499 3446 2555 in
3470 2494 3763 2556 smculasab-

2202 2564 2470 2620 culorum.
2513 2566 2708 2621 Amen.

546 2736 3748 2773 Μ

1063 2885 1143 2947 IN
1184 2886 1589 2949 HOMILIAM
1623 2887 1729 2948 DE
1762 2887 2074 2949 JEJUNIO
2113 2888 2215 2950 ET
2257 2888 2795 2951 ELEEMOSYNA
2834 2888 3231 2951 MONITUM.

603 3209 715 3265 Etsi
742 3225 901 3287 ‘nonu
924 3209 1105 3287 inepta
1157 3210 1227 3266 sit
1275 3211 1393 3267 haec
1422 3211 1663 3287 h‘omilia,
1692 3211 1816 3287 jure
1835 3226 1887 3287 _a
1929 3211 2201 3287 Frontone
2229 3211 2426 3287 Ducaeo
2454 3211 2595 3287 inter
2618 3212 2828 3287 Spuria,
2851 3213 2937 3268 vel
2962 3228 3028 3287 ex
3052 3213 3170 3268 aliis
3190 3217 3573 3272 consarcinata
3598 3214 3759 3287 Chry-

532 3281 754 3337 sostomi
798 3280 1025 3351 scriptis
1047 3292 1385 3337 aceensetur.
1430 3281 1807 3350 lnterpretatio
1833 3280 2024 3336 Latina
2070 3290 2155 3336 est
2195 3282 2439 3352 ejusdem
2472 3280 2763 3337 Frontonis
2799 3283 2996 3338 Ducaei.

509 3383 3762 3409 Mm

1362 3500 1646 3546 EIUSDEM
1669 3498 1905 3545 ORATIO
1946 3499 2030 3542 DE
2070 3496 2330 3543 resumo
2373 3464 2456 3542 nr
2498 3496 2935 3542 ELEEMOSYNA.

1945 3619 2314 3677 «ΒΜ»

581 3753 784 3807 Bonum
814 3758 895 3803 est
917 3748 1194 3818 jejunium,
1229 3748 1365 3804 bona
1396 3756 1478 3802 est
1509 3756 1562 3802 et
1594 3747 1752 3803 lectio
1777 3747 2081 3816 Scriptura-

509 3839 630 3878 rum
662 3841 675 3877 :
707 3824 840 3875 bona
870 3834 997 3874 vero
1027 3826 1126 3878 est,
1156 3819 1367 3887 quando
1396 3829 1449 3872 et
1485 3818 1623 3872 actio
1644 3834 1705 3872 ex
1733 3833 1792 3871 ea
1825 3819 2084 3886 sequitur,

507 3893 769 3963 quoniam,
784 3891 827 3945 si
866 3892 1032 3963 legas,
1063 3897 1120 3942 at
1150 3880 1271 3963 nion‘
1296 3888 1476 3951 facias,
1504 3889 1554 3963 iu
1582 3887 1835 3963 judicium
1877 3880 1974 3963 tibi
2005 3880 2085 3941 le?

505 3956 615 4018 otio
643 3962 818 4022 vertit,
840 3970 896 4015 et
924 3956 986 4012 in
1016 3958 1352 4013 occasionem
1383 3959 1647 4027 supplicii.
1680 3956 1735 4010 Ν
1738 3974 1802 4011 on
1827 3958 1959 4011 enim
1987 3974 2084 4011 au-

503 4034 691 4086 ditores
713 4032 858 4100 legis,
879 4030 1067 4098 inquit,
1090 4030 1219 4100 justi
1235 4037 1348 4100 sum
1368 4026 1507 4100 apud
1532 4026 1725 4091 Deum;
1763 4028 2087 4100 sedfactores

512 4104 639 4173 legis
659 4097 1076 4173 just—ificabuntur
1093 4097 1275 4173 _(Rom.
1298 4098 1470 4173 2.13)
1498 4115 1512 4151 :
1540 4106 1594 4153 et
1613 4112 1802 4173 rursus
1817 4098 2081 4163 Christus,

512 4168 582 4227 Si
605 4168 704 4226 non
722 4168 981 4234 venissent,
1007 4179 1054 4223 et
1084 4170 1320 4239 loquutus
1348 4168 1555 4239 fuissem
1580 4168 1671 4231 eis,
1702 4177 1957 4239 peccatum
1984 4182 2086 4222 non

507 4242 745 4296 haberent
769 4256 786 4295 :
815 4257 949 4294 nunc
974 4237 1536 4308 autem'excusa'tionem
1566 4254 1667 4291 non
1688 4237 1868 4292 habent
1898 4238 1960 4292 de
1980 4254 2086 4308 pec-

504 4321 619 4366 cato
646 4328 737 4365 suo
769 4309 945 4380 (Joan.
990 4307 1456 4380 15._2‘2)._gBeatns
1498 4316 1697 4371 autem,
1725 4309 1814 4378 qui
1860 4307 1987 4363 dicit
2032 4310 2083 4363 in

505 4381 726 4436 auribus
771 4377 979 4445 eorum,
1007 4378 1097 4448 qui
1138 4377 1387 4445 audiunt,
1420 4393 1482 4432 ac
1511 4387 1621 4432 tum
1653 4377 1938 4448 praecipue,
1963 4393 2082 4433 cum

506 4453 683 4507 faenus
722 4451 1107 4518 erogaverint:
1150 4450 1321 4502 fmnus
1361 4458 1538 4503 autem
1573 4459 1654 4518 est
1691 4448 1990 4503 obedientia
2029 4457 2084 4504 et

509 4521 607 4575 Dei
638 4517 1008 4573 mandatorum
1039 4518 1368 4586 exsequutio,
1393 4519 1530 4573 sicut
1573 4517 1829 4573 Dominus
1857 4519 1932 4572 ait
1959 4535 1972 4571 :
2019 4518 2084 4572 Et

507 4608 599 4661 ego
623 4591 820 4661 veniens
840 4589 1135 4661 recepissent
1159 4589 1351 4661 utique,
1377 4588 1509 4655 quod
1535 4603 1701 4642 meum
1726 4598 1935 4661 ζει-σωκ
1960 4605 2083 4643 usu-

499 4657 572 4732 ra,
589 4659 818 4732 (Matth:
845 4658 935 4714 25.
956 4657 1238 4732 _27).AQuid
1265 4673 1390 4727 ergo
1421 4658 1774 4732 congregasti,
1803 4658 1984 4732 frater,
2014 4674 2082 4714 ex

497 4727 748 4802 jejunio?
785 4727 1221 4798 Quandoquidem
1247 4739 1301 4781 et
1328 4727 1559 4802 agricola
1602 4728 1800 4782 idcirco
1820 4730 2079 4802 seminat,

505 4798 568 4855 ut
599 4802 759 4856 etiam
788 4807 971 4861 tnetat,
997 4806 1053 4853 et
1097 4807 1358 4851 mercator
1381 4798 1580 4853 idcirco
1629 4798 2080 4868 peregrinationes

501 4873 638 4938 obit,
662 4880 721 4925 ut
743 4870 994 4939 pecunias
1021 4868 1324 4939 colligat,et
1349 4869 1673 4937 gubernator
1698 4868 1895 4922 idcirco
1918 4869 2079 4939 multa

502 4937 669 4996 maria
711 4937 983 5004 emetitur,
1011 4947 1066 4993 ut
1108 4937 1362 4993 mercium
1389 4939 1611 4992 sarcinis
1651 4940 1825 4992 navim
1854 4937 2074 5007 repleat.

410 5016 421 5025 '
502 5011 581 5067 Ne
607 5011 737 5066 mihi
778 5010 998 5075 dixeris,
1031 5016 1110 5064 tot
1150 5009 1263 5063 dies
1283 5008 1540 5079 jejunavi,
1575 5010 1675 5062 hoc
1704 5019 1757 5063 et
1795 5008 1923 5062 illud
1971 5023 2077 5064 non

495 5081 920 5148 comedi,vinum
950 5094 1053 5133 non
1085 5079 1211 5142 bibi,
1233 5079 1467 5134 illuviem
1496 5079 1715 5148 pertuli;
1747 5079 1839 5133 sed
1856 5079 2078 5134 ostende

499 5150 737 5216 mihi,an
763 5166 883 5204 cum
911 5148 1194 5204 iracundus
1222 5164 1389 5216 esses,
1416 5149 1549 5204 lenis
1580 5147 1746 5203 factus
1769 5150 1863 5209 sis,
1884 5157 2076 5203 etcum

499 5236 651 5276 esses
680 5221 932 5283 crudelis,
961 5219 1220 5290 benignus
1244 5223 1478 5275 evasvris
1508 5219 1802 5290 {quoniam
1829 5219 1872 5272 si
1898 5219 2076 5290 ebrius

499 5291 772 5347 iracundia
803 5291 897 5351 sis,
929 5291 1054 5360 quid
1084 5288 1300 5360 carnem
1331 5288 1553 5360 affligis?
1596 5289 1649 5343 Si
1680 5290 1819 5360 intus
1839 5291 1910 5343 sit
1940 5289 2075 5343 invi.

498 5363 586 5415 dia
614 5372 665 5415 et
694 5358 1088 5430 avaritia,‘qnid
1123 5359 1338 5431 prodest
1360 5358 1509 5431 aqum
1536 5360 1728 5429 potus?
1754 5358 1868 5431 Non
1896 5375 2075 5427 quazro

499 5445 661 5493 nunc,
691 5432 860 5497 qualis
889 5432 957 5484 sit
980 5429 1184 5489 mensa.
1214 5430 1305 5484 sed
1331 5429 1582 5485 an'malm
1611 5431 1803 5483 mentis
1831 5429 1965 5484 facta
2006 5431 2076 5485 sit

497 5501 740 5555 mutatio.
775 5500 829 5555 Si
858 5500 1096 5565 domina,
1123 5499 1372 5553 nimirum
1403 5502 1598 5559 anima,
1642 5499 1951 5565 fornicatur,
1979 5516 2075 5555 cur

495 5568 767 5637 ancillam,
803 5580 1039 5624 ventrem
1070 5570 1304 5639 inquam,
1334 5569 1604 5641 flagellas?
1629 5570 1686 5626 Si
1715 5569 1889 5626 anima
1911 5570 2073 5626 seduo

2194 3748 2349 3814 citur,
2378 3762 2474 3803 cur
2511 3762 2705 3817 corpus
2744 3750 3026 3805 maceras?
3067 3748 3194 3804 [free
3243 3763 3349 3819 ego
3399 3749 3549 3814 dico,
3582 3763 3685 3802 non
3726 3756 3773 3802 ut

2193 3832 2289 3890 vos
2317 3832 2586 3890 accusem,
2609 3819 2702 3873 sed
2729 3829 2942 3889 propter
2970 3821 3318 3890 negligentes.
3351 3819 3496 3875 Cum
3524 3819 3667 3874 enim
3690 3832 3775 3890 vos

2192 3888 2404 3942 videam
2433 3889 2692 3952 volantes,
2721 3888 2881 3944 altius
2907 3888 3088 3945 volare
3113 3888 3208 3943 vos
3228 3889 3395 3943 velim
3426 3908 3442 3945 :
3473 3898 3621 3945 tanta
3649 3889 3777 3943 enim

2192 3967 2277 4013 est
2294 3959 2378 4030 vis
2399 3959 2654 4030 caritatis.
2681 3958 2748 4013 Et
2772 3960 3225 4028 quemadmodum
3254 3961 3408 4014 avari
3439 3969 3645 4030 quanto
3673 3958 3777 4025 plus

2193 4028 2306 4099 auri
2342 4028 2673 4097 collegerint,
2703 4039 2848 4082 tanto
2877 4032 2998 4099 plus
3023 4037 3317 4099 expetunt:
3350 4030 3439 4084 sic
3464 4028 3523 4085 et
3547 4045 3649 4084 nos
3676 4041 3779 4099 ma-

2189 4097 2303 4169 jori
2321 4111 2632 4169 progressus
2651 4100 2813 4153 vestri
2833 4097 3106 4155 desiderio
3121 4097 3392 4154 tenemur.
3414 4099 3477 4155 Si
3507 4114 3641 4169 ergo
3660 4098 3780 4152 velis

2192 4167 2364 4239 excipi
2392 4168 2553 4239 apud,
2579 4169 2764 4233 Deum,
2794 4170 2974 4238 jejuna
3013 4169 3478 4239 quemadmodum
3525 4167 3776 4239 Ninivitat,

2193 4238 2265 4310 [ni
2298 4237 2459 4310 frater
2469 4255 2496 4310 _:
2526 4238 2599 4292 illi
2628 4240 2809 4310 legem
2839 4237 2943 4294 non
2970 4237 3289 4309 acceperant
3318 4258 3332 4294 :
3369 4240 3449 4296 de
3478 4240 3679 4310 quibus
3717 4237 3783 4290 ait

2193 4307 2387 4381 Paulus
2410 4325 2424 4361 :
2452 4306 2582 4364 Cum
2610 4306 2743 4362 enim
2769 4308 2968 4381 Gentes,
2991 4306 3114 4381 quis
3124 4309 3282 4381 legem
3303 4326 3417 4364 non
3460 4306 3670 4381 habent,
3699 4324 3780 4360 na-

2193 4378 2421 4461 ωναίὲιεῖ
2463 4395 2522 4461 ea
2562 4395 2682 4461 θείω.
2723 4380 2847 4461 ira“
2890 4389 3029 4461 σατιιν
3058 4378 3280 4461 [φάκει
3317 4380 3608 4461 sirenae.
3636 4380 3781 4461 te?“

2191 4464 2293 4520 non
2317 4448 2570 4520 habentes,
2585 4447 2794 4520 ipsisibi
2806 4460 2923 4503 sunt
2950 4450 3033 4504 lea:
3056 4447 3302 4520 (Βοηι.2.
3324 4447 3451 4518 [4).
3484 4450 3611 4506 Noli
3642 4447 3785 4520 igitur

2191 4519 2419 4590 otiosum
2441 4519 2697 4590 jejunium
2714 4518 2996 4590 exhibere:
3020 4518 3124 4575 nan
3140 4520 3283 4575 enim
3311 4521 3507 4575 solum
3536 4518 3780 4590 jejunium

2191 4588 2243 4643 in
2268 4588 2454 4642 catlum
2477 4588 2736 4653 ascendit,
2754 4589 2856 4643 nisi
2876 4604 3116 4645 sororem
3145 4591 3344 4645 habeat
3367 4588 3549 4646 suam
3565 4588 3781 4645 elocuto-

2189 4673 2398 4729 synam.
2419 4657 2693 4728 Siquidem
2715 4659 2831 4728 biga
2855 4668 2941 4714 est
2959 4659 3097 4728 ejus,
3121 4675 3220 4715 nec
3239 4659 3578 4716 fraternitas
3598 4669 3651 4715 et
3677 4660 3783 4725 biga

2191 4736 2412 4791 tantum,
2445 4730 2539 4782 sed
2565 4729 2725 4782 etiam
2753 4729 3078 4785 vehiculum.
3112 4729 3264 4786 Unde
3294 4730 3352 4784 id
3382 4730 3649 4786 constat?
3689 4730 3784 4781 Au-

2188 4799 2339 4867 gelus
2363 4798 2611 4870 Cornelio
2635 4799 2845 4870 dicebat
2875 4817 2888 4849 :
2923 4798 3189 4854 Orationes
3227 4809 3331 4854 tua:
3373 4810 3430 4855 et
3458 4802 3786 4870 elemosyna

2189 4878 2290 4940 tute
2312 4869 2643 4940 asceuderunt
2667 4869 2720 4922 in
2762 4870 3055 4923 memoriam
3094 4870 3150 4940 in
3187 4882 3482 4940 conspectu
3522 4871 3627 4925 Dei
3666 4869 3783 4939 (Aa.

2188 4938 2277 5012 lo.
2304 4936 2386 5012 _4).
2423 4938 2683 5012 Est‘ettim
2705 4940 2789 5012 ala
2811 4940 3076 5012 orationis
3100 4936 3461 5012 eleemosyna
3499 4959 3515 4995 :
3547 4941 3653 4995 nisi
3676 4936 3785 4991 ora-

2188 5009 2317 5062 tioui
2347 5003 2460 5062 tua:
2486 5003 2624 5063 a'lam
2669 5009 2957 5074 addideris,
2988 5011 3210 5065 minime
3251 5003 3456 5068 volat:
3490 5028 3623 5068 cum
3668 5020 3787 5062 vero

2188 5078 2346 5132 fuerit
2369 5078 2469 5133 alis
2492 5080 2712 5148 prtedita
2746 5081 2924 5134 anima
2951 5091 3057 5145 tua,
3087 5081 3141 5134 in
3171 5080 3382 5136 caelum
3408 5081 3625 5137 evolat.
3654 5080 3788 5148 Qu":

2173 5162 2355 5221 usque
2383 5144 2594 5221 tandem
2625 5152 2962 5221 pecuniarum
3006 5165 3179 5215 amor~
3196 5162 3253 5205 et
3275 5164 3461 5219 opum
3488 5144 3785 5221 cupiditas!

2185 5217 2311 5273 Haec
2346 5220 2545 5284 omnia,
2575 5217 2648 5275 mi
2694 5219 2877 5286 frater,
2905 5236 3009 5276 una
3039 5235 3159 5275 cum
3192 5221 3289 5274 hac
3314 5217 3444 5277 vita
3499 5217 3790 5277 terminan-

2185 5288 2427 5361 tur._Sed
2452 5290 2606 5361 mihi,
2625 5299 2706 5344 sat
2720 5290 2853 5355 scio,
2872 5290 3041 5355 dices,
3059 5291 3173 5347 luce
3200 5291 3290 5346 tibi
3322 5292 3441 5361 ipsi
3470 5300 3789 5347 commemo-

2185 5375 2264 5414 ra.
2294 5358 2363 5414 Et
2391 5360 2520 5414 mihi
2542 5360 2641 5430 ipsi
2660 5375 3045 5426 commemoro,
3059 5370 3115 5415 et
3137 5361 3318 5416 vobis:
3349 5358 3453 5418 est
3478 5364 3633 5419 enim
3656 5370 3791 5414 com-

2183 5444 2349 5503 mune
2382 5430 2687 5503 consilium.
2714 5430 2843 5503 ~Ego
2867 5430 2994 5487 dum
3040 5430 3157 5503 lucc
3198 5431 3396 5497 audio,
3439 5442 3503 5487 et
3532 5432 3788 5503 eorrignr,

2183 5500 2498 5571 beneficium
2545 5516 2574 5554 a
2606 5501 2757 5556 vobis
2786 5500 3005 5571 accipio
3034 5518 3049 5555 :
3082 5502 3205 5556 licet
3247 5503 3293 5555 is
3342 5516 3558 5557 servus
3584 5502 3677 5565 sit,
3692 5500 3790 5571 equi

2182 5570 2341 5637 dicit,
2372 5571 2651 5627 consilium
2681 5569 2939 5639 admitto;
2968 5573 3092 5627 licet
3120 5573 3275 5632 liber,
3320 5571 3581 5630 libenter
3605 5569 3790 5628 audio:

2392 5738 2423 5748 ω
