4030 6136
255 420 371 478 tulit

252 517 522 588 nudentur
568 541 922 598 personarum
964 521 1295 600 escellentia,
1322 516 1663 600 seduutilitas
1691 529 1821 596 con:

253 585 348 656 silii
380 585 651 662 eilicitfut
693 612 756 652 ea
801 610 922 665 qua:
966 593 1238 665 dicuntur,
1273 585 1565 665 admittam.
1605 585 1734 665 liam
1777 585 1822 638 si

255 655 458 741 Moyses
483 655 571 741 ille
599 676 775 741 tantus
808 655 909 741 vir,
937 664 1025 733 qui
1061 677 1180 717 cum
1209 661 1318 741 Deo
1356 658 1529 741 fuerat
1553 655 1824 741 colloquii:

257 733 356 806 tus;
403 739 571 793 soceri
602 737 685 792 sui
722 736 1003 806 consilium
1045 747 1150 786 non
1179 738 1262 786 est
1289 736 1583 806 aversatus,
1617 733 1824 780 tametsi

258 795 510 866 barbarus
538 815 673 873 erat,
703 804 795 862 sed
822 820 941 860 cum
969 805 1080 871 ipse
1109 800 1362 869 suscepit,
1390 806 1500 873 tum
1531 795 1670 873 Deus
1694 809 1822 873 eon-

259 862 540 951 lirmavit
559 862 725 951 Exod.
768 875 853 929 18.
879 862 1040 951 βῆς
1083 862 1281 951 quanto
1325 862 1500 951 magis,
1531 862 1824 951 Ilios:?__Non

258 951 377 1004 dico
426 935 541 1012 tibi;
587 957 644 1000 ut
686 947 839 1012 inops
874 935 1130 1015 liaslsed
1168 950 1226 993 ut
1269 937 1408 1015 quod
1444 935 1825 1015 redundatnin

260 1033 513 1087 pauperes
529 1003 738 1087 eroges,
754 1003 812 1068 ιιί
849 1003 1165 1087 abundantia
1195 1003 1487 1087 tua—salutis
1506 1004 1716 1087 occasio
1733 1003 1826 1087 tibi

265 1075 378 1143 iiut:
399 1087 513 1140 Non
540 1075 736 1139 vid‘étis
767 1085 959 1136 inultos
994 1084 1044 1134 in
1071 1082 1150 1133 via
1188 1076 1499 1147 panperes?_
1519 1075 1643 1147 Quo
1675 1082 1830 1147 pacto

261 1142 384 1224 aagii
427 1156 656 1224 nudique
696 1152 1008 1208 remanent?
1058 1142 1232 1224 Atque
1267 1142 1350 1224 hic
1378 1144 1589 1224 quidem
1615 1142 1826 1224 junior,

268 1213 354 1281 iler
385 1242 512 1279 vero
557 1213 733 1278 senior
767 1231 888 1284 est;
934 1231 987 1275 et
1027 1213 1160 1273 alter
1188 1218 1254 1270 ab
1291 1213 1458 1269 altero
1503 1213 1741 1284 fulcitur,
1778 1221 1832 1265 et

269 1296 431 1350 multa
456 1304 539 1347 est
562 1295 768 1347 illorum
793 1283 1022 1345 miseria.
1051 1291 1121 1341 Da
1151 1290 1306 1362 igitur
1333 1283 1830 1362 conservo,_u_t.l)o-

271 1368 470 1420 minum
519 1365 709 1417 habeas
738 1363 1050 1421 debitorem,
1079 1352 1191 1427 qui'
1215 1357 1455 1427 lubenter
1497 1352 1828 1427 est_debitor,

265 1436 354 1504 qui
376 1443 573 1488 sortem
595 1433 685 1485 dat
709 1447 827 1484 cum
860 1445 1036 1483 usura.
1056 1422 1197 1504 Nam
1217 1427 1267 1504 in
1298 1422 1681 1504 rebusquidem
1713 1436 1835 1504 pro-

269 1489 403 1558 fanis
429 1505 627 1556 crimen
655 1512 736 1554 est
767 1516 946 1561 usura,
983 1497 1200 1571 atapud
1225 1497 1398 1571 Deum
1425 1489 1546 1571 laus
1572 1503 1670 1546 est.
1695 1489 1832 1571 ⁸Νοῐι

267 1576 361 1628 das
406 1573 660 1642 pauperi?
707 1573 854 1642 lium
881 1564 1113 1642 attende,
1151 1567 1240 1636 qui
1288 1581 1382 1633 per
1424 1564 1570 1617 illum
1605 1564 1752 1631 petit,
1781 1569 1834 1641 et

268 1645 382 1712 ejus
410 1639 740 1711 dignitatem,
771 1640 858 1708 qui
890 1639 1100 1712 accipit,
1132 1649 1376 1712 reverere
1405 1651 1417 1684 :
1452 1648 1650 1712 papper
1692 1639 1831 1712 acet:

270 1701 365 1782 p'it,
398 1701 617 1782 etvlleoi
650 1701 887 1764 mutuum
930 1701 1105 1761 datur.
1148 1705 1331 1782 cogita
1359 1718 1464 1772 quo
1490 1701 1837 1782 descenderit

271 1772 386 1849 eius
412 1796 569 1835 causa
603 1781 856 1851 Dominus
883 1787 1103 1851 tuus,_nt
1133 1787 1181 1851 te
1209 1772 1523 1851 inﬂecteret,
1557 1787 1622 1826 ne
1647 1772 1837 1851 crude-

270 1842 335 1904 lis
359 1866 508 1904 esses
535 1859 586 1904 cl
619 1849 954 1902 inhumanus.
997 1847 1307 1900 Esurientem
1337 1843 1467 1896 enim
1510 1857 1586 1894 me
1625 1842 1835 1902 vidistis,

270 1931 314 1972 et
344 1937 443 1972 non
469 1920 662 1973 aluistis
691 1935 709 1972 :
739 1920 999 1981 sitientem,
1031 1926 1075 1970 et
1105 1933 1202 1968 non
1229 1913 1434 1967 dedistis
1470 1911 1593 1964 mihi
1629 1921 1799 1979 potum
1817 1925 1836 1961 :

274 1991 536 2059 hospitem.
575 2000 622 2040 et
662 2006 758 2059 non
786 1987 1053 2059 collegistis
1080 2001 1098 2038 :
1125 1986 1337 2047 nudum,
1375 1991 1420 2036 et
1449 1998 1546 2059 non
1574 1981 1840 2059 o;r_eruistis

274 2049 485 2126 (Matth.
511 2059 601 2112 '25.
631 2058 719 2112 42.
749 2058 875 2125 45);
905 2049 960 2110 et
993 2072 1111 2126 qua:
1139 2062 1448 2121 sequuntur.
1476 2049 1589 2104 Non
1615 2049 1710 2126 das
1740 2050 1836 2126 igi-

275 2119 360 2183 tur
378 2127 590 2182 Christo
627 2119 918 2182 esurienti?
965 2119 1044 2178 Tu
1093 2134 1146 2178 et
1200 2119 1400 2191 pauper
1442 2121 1683 2191 corporis
1723 2119 1841 2191 ejus

273 2198 627 2252 communiter
653 2212 718 2251 es
749 2210 931 2249 mensa
960 2189 1243 2264 participes
1277 2189 1426 2253 estis,
1458 2198 1512 2244 et
1537 2189 1688 2244 calicl
1726 2189 1840 2257 ejus

275 2269 476 2339 pariter
503 2266 905 2339 communicatis
933 2282 945 2318 :
975 2265 1026 2318 iu
1068 2279 1248 2318 rerum
1291 2275 1602 2339 magnarum
1637 2273 1700 2312 ac
1733 2267 1842 2339 tre:

275 2327 583 2392 iuendarum
635 2335 1062 2390 communionem
1113 2343 1286 2388 tecum
1319 2327 1509 2395 ,vénit,
1555 2337 1609 2383 et
1657 2339 1712 2382 tu
1765 2327 1840 2381 illi

273 2409 488 2476 exiguas
517 2421 620 2460 non
650 2406 922 2476 impertis?
952 2404 1088 2458 Num
1134 2403 1276 2476 enim
1309 2402 1402 2465 illi,
1435 2410 1666 2476 quzetua
1693 2406 1838 2464 sunt,

276 2469 517 2545 largiris?
543 2469 793 2541 Quamvis
813 2475 953 2529 enim
970 2490 998 2527 a
1018 2473 1318 2545 parentibus
1343 2469 1634 2545 acceperis,
1654 2483 1842 2545 quam-

274 2537 410 2600 vis'a
441 2537 746 2614 majdribus,
782 2545 874 2599 Dei
904 2537 1031 2598 sunt
1054 2560 1067 2596 :
1100 2543 1224 2612 quid
1251 2541 1304 2595 in
1336 2537 1529 2614 terrain
1559 2537 1838 2614 illa‘defo-

277 2617 500 2688 dis‘tDa
523 2607 765 2688 pauperi,
795 2623 853 2688 e_t_
875 2607 1189 2688 nitiltaeum
1223 2611 1507 2688 securitate
1535 2609 1627 2662 tibi
1657 2607 1840 2688 Domi:

275 2701 376 2758 nus
404 2685 492 2740 illa
528 2677 778 2758 servabit.
811 2684 926 2758 Non
973 2684 1140 2758 vides,
1166 2681 1297 2758 quid
1326 2679 1521 2735 faciant
1560 2677 1844 2758 agricolis?

271 2753 652 2824 Saepenumero
682 2756 746 2820 is,
770 2756 862 2828 cui
901 2770 1005 2828 pra:
1037 2753 1210 2822 inopia
1241 2765 1561 2828 senuerunon
1588 2753 1840 2828 suppetit,

277 2820 481 2879 vestem
533 2841 680 2879 suam
734 2820 934 2892 pignori
965 2820 1200 2891 opponit,
1232 2833 1284 2874 et
1307 2820 1446 2889 quod
1479 2820 1590 2873 vult
1629 2820 1841 2886 accipit,

271 2911 334 2949 ac
381 2905 535 2949 terra:
574 2895 896 2948 committit:
931 2895 1136 2947 tametsi
1189 2907 1445 2962 persaape,
1476 2905 1596 2962 cum
1639 2899 1842 2957 tempe-

273 2976 469 3018 statum
517 2966 855 3033 intemperies
897 2961 1201 3032 ingruerit,
1226 2962 1366 3014 nulla
1397 2961 1617 3033 collecta
1669 2973 1842 3033 inesse

273 3033 530 3100 discedit,
561 3046 614 3088 et
646 3027 818 3088 tamen
854 3027 1068 3103 propter
1109 3048 1268 3103 spem
1291 3042 1446 3085 terra:
1474 3029 1660 3083 credit.
1691 3027 1841 3094 Quod

276 3105 432 3173 igitur
470 3115 619 3178 terra
677 3102 1071 3178 prmstat,_lioc
1127 3102 1378 3178 Douliuus
1435 3108 1690 3178 praestare
1739 3112 1844 3151 non

276 3169 489 3243 potest?
518 3169 729 3228 Imitare
755 3175 894 3227 illam
938 3175 990 3226 in
1023 3172 1201 3226 Veteri
1226 3171 1569 3226 Testamento
1608 3169 1840 3243 viduam,

273 3239 394 3311 quae
427 3245 674 3311 pugillum
707 3244 886 3297 farina:
917 3244 970 3296 in
1015 3243 1221 3312 hydria,
1249 3250 1302 3293 et
1333 3256 1554 3312 paueum
1586 3239 1760 3312 oleum
1791 3239 1842 3291 in

273 3309 482 3384 lecytbo
501 3309 732 3384 habuit:
765 3313 1013 3384 quoniam
1170 3312 1299 3380 ipsis
1329 3311 1559 3384 hospitio
1603 3309 1840 3384 prophe-

271 3379 378 3436 tam
405 3385 614 3451 excepit
645 3393 662 3452 (
690 3383 743 3452 3.
779 3379 1024 3452 1109.717.
1061 3381 1146 3451 12)
1168 3379 1300 3434 :iaut
1332 3380 1486 3433 istam
1523 3380 1574 3432 in
1602 3379 1843 3452 Evange-

272 3453 364 3519 lio,
395 3469 513 3522 quae
541 3450 662 3506 cum
685 3450 872 3506 obolos
901 3451 1034 3506 duos
1059 3450 1310 3516 misisset,
1339 3465 1527 3522 omnes
1551 3450 1843 3522 superavit,

269 3517 466 3592 quippe
495 3538 633 3592 qua:
657 3537 781 3575 suas
817 3537 1003 3576 omnes
1028 3537 1156 3591 opes
1200 3521 1425 3592 miserit
1450 3519 1597 3590 (Luc.
1639 3518 1735 3592 21.
1763 3517 1839 3591 5).

267 3589 413 3658 Quid
444 3589 570 3645 vero
607 3591 799 3662 dicis?)
827 3592 1035 3662 Pauper
1059 3589 1197 3656 sum,
1243 3589 1492 3662 pecunias
1519 3605 1636 3662 non
1652 3589 1842 3662 habeo.

273 3663 416 3715 Duos
441 3662 626 3715 obolos
656 3677 760 3716 non
793 3659 974 3724 habes,
1005 3659 1316 3731 quinetiam,
1347 3660 1469 3715 licet
1493 3675 1596 3713 non
1625 3659 1841 3724 habeas,

271 3731 426 3786 bona:
477 3733 673 3786 mentis
715 3741 770 3786 et
796 3732 1016 3787 allectus
1065 3746 1194 3800 opes
1243 3731 1464 3800 requirit
1491 3731 1672 3784 Deus:
1721 3745 1846 3800 pro-

271 3811 452 3882 pterea
502 3801 730 3867 dicebat,
765 3802 1074 3872 Quicumque
1102 3799 1309 3854 dederit
1351 3801 1554 3854 calicem
1582 3799 1843 3924 aqueri-

271 3871 423 3924 ardre.
455 3887 557 3924 non
606 3874 774 3924 nerdet
821 3872 1096 3924 mercedem
1144 3888 1289 3924 suam
1341 3870 1552 3924 (Matth.
1610 3869 1695 3924 10.
1764 3868 1841 3924 2).

266 3868 423 3993 (lida,
455 3887 557 3953 non
606 3874 774 3952 perdet
821 3868 1112 3954 mercedem
1144 3888 1289 3926 suam
1341 3870 1552 3950 (Matth.
1610 3869 1695 3924 10.
1727 3868 1841 3939 42).

320 3940 426 3993 ide.
454 3940 576 3993 quid
602 3942 743 3993 dicat
768 3960 782 3993 :
809 3957 956 3993 aaut:
996 3942 1211 3993 [νηπιάας.
1240 3957 1345 3993 non
1371 3941 1577 3993 calidae.
1603 3955 1670 3993 ne
1716 3955 1841 3993 nro-

319 3940 576 4014 ideLquid
602 3942 743 3997 dicat
768 3960 782 3996 :
809 3957 956 4011 aqua:
993 3942 1211 4014 frigidm,
1240 3957 1345 4014 non
1371 3941 1577 4014 calidae,
1603 3955 1670 3994 ne
1716 3955 1843 4014 pro-

267 4021 390 4080 pter
413 4008 674 4080 lignorum
703 4008 970 4080 sumptum
993 4008 1243 4066 inércede
1263 4010 1507 4080 priveris.
1537 4011 1710 4080 Atque
1739 4008 1841 4080 lm-

267 4079 483 4151 perator
512 4081 727 4151 quidem
753 4084 795 4136 si
827 4079 1076 4136 tributum
1117 4097 1246 4136 auro
1266 4079 1370 4135 tibi
1398 4079 1710 4151 solvendum
1759 4079 1844 4132 in-

265 4149 434 4216 dicat,
474 4149 786 4219 suspensus,
824 4152 1050 4206 fidiculis
1090 4160 1282 4215 tortus,
1310 4160 1564 4220 quantum
1615 4149 1703 4204 ille
1747 4165 1844 4203 vo-

266 4220 446 4290 luerit.
478 4220 662 4290 pendis
689 4237 703 4273 :
733 4221 975 4288 quamvis
1000 4237 1213 4290 pauper,
1235 4223 1328 4282 sis,
1361 4236 1466 4274 non
1497 4221 1655 4274 habet
1681 4223 1842 4290 ratio-

265 4306 392 4343 nem
424 4288 688 4342 facultatis
725 4288 1222 4358 personarum,'sed
1259 4291 1456 4357 proprii
1494 4291 1658 4354 lucri;
1703 4289 1844 4343 Deus

263 4371 446 4412 autem
490 4373 618 4428 non,
643 4359 735 4424 ita,
767 4375 952 4412 verum
980 4375 1074 4426 pro
1099 4359 1354 4428 cujusque
1383 4359 1633 4414 facultate
1661 4361 1842 4428 requi-

265 4429 356 4482 rit.
389 4429 494 4483 Cur
538 4427 677 4482 enim
717 4439 837 4482 sunt
869 4429 1166 4497 pauperes?
1216 4431 1298 4482 An
1327 4443 1454 4482 vero
1483 4444 1588 4481 non
1635 4427 1845 4497 poterat

264 4498 412 4553 Deus
438 4513 656 4552 aureum
692 4498 915 4552 imbrem
950 4498 1270 4554 demittere?
1311 4497 1416 4553 Sed
1442 4507 1500 4552 ut
1542 4498 1681 4552 illius
1711 4513 1844 4566 pau-

264 4579 449 4637 pcrtas
475 4569 722 4622 solatium
741 4569 831 4622 tibi
852 4570 941 4621 liat
959 4579 1314 4638 peccatorum.
1336 4569 1581 4639 Magnum
1601 4568 1842 4639 quiddam

263 4636 338 4710 est
362 4639 532 4710 homo,
557 4648 602 4690 et
645 4641 912 4710 pretiosum
952 4636 1100 4693 homo
1126 4639 1405 4692 misericors
1429 4636 1620 4710 (Prov.
1648 4636 1736 4692 20.
1762 4637 1837 4705 6).

268 4708 410 4762 Vide
451 4717 645 4777 quanta
678 4725 762 4763 res
787 4709 854 4763 sit
896 4710 1234 4780 eleemosyna
1268 4726 1282 4762 :
1325 4708 1505 4780 secum
1534 4709 1671 4780 Deus
1695 4723 1844 4762 eom-

264 4789 421 4848 parat
450 4779 845 4834 misericordem
877 4797 890 4833 :
922 4779 1097 4833 Estote
1138 4779 1306 4839 enim,
1336 4779 1524 4848 inquit.
1553 4779 1843 4848 misericor-

263 4847 380 4912 des,
409 4849 538 4901 sicut
571 4859 617 4902 et
664 4848 819 4902 Pater
863 4860 1019 4903 vester
1046 4849 1256 4903 cwlestis
1281 4847 1560 4903 misericors
1586 4857 1660 4902 est
1686 4847 1837 4917 (Luc.

264 4917 320 4971 6.
355 4919 468 4986 56).
513 4917 568 4972 Si
607 4921 812 4974 venerit
838 4935 1002 4983 mors,
1033 4919 1118 4973 hic
1159 4929 1375 4974 manent
1420 4919 1687 4988 pecunize:
1716 4920 1840 4987 quin

263 5001 321 5043 tu
372 4989 529 5057 igitur
551 5003 644 5042 eas
674 4989 796 5042 illuc
824 4990 1119 5057 prannittis,
1150 4999 1208 5043 ut
1245 4990 1299 5044 in
1340 4989 1426 5043 illa
1452 4988 1540 5043 die
1579 4988 1670 5043 tibi
1700 5003 1832 5056 pau-

264 5073 426 5127 peres
465 5059 883 5126 patrocinentur,
928 5059 1017 5113 ubi
1059 5075 1165 5112 non
1196 5069 1279 5114 est
1307 5069 1506 5122 orator,
1539 5073 1640 5113 nec
1681 5057 1842 5114 advo-

259 5137 418 5183 catus
434 5129 473 5198 ἲν
510 5129 810 5183 Ostendunt
832 5129 972 5182 enim
999 5138 1174 5183 vestes
1192 5139 1257 5198 _et
1283 5129 1519 5198 strephia
1557 5142 1837 5196 pauperes,

261 5209 320 5253 et
365 5198 433 5251 ab
464 5197 584 5265 igne
613 5208 664 5253 te
704 5199 989 5266 abripiunt.
1021 5199 1136 5252 Non
1183 5194 1251 5252 ita
1278 5194 1482 5254 eum'in
1510 5194 1732 5267 glaciem
1760 5203 1840 5254 sol

259 5268 534 5332 inciderit,
566 5283 683 5322 eam
721 5269 1007 5339 liquefacit,
1040 5279 1199 5336 atque
1234 5269 1592 5339 cleemosyna,
1627 5282 1746 5339 cum
1787 5269 1838 5322 in

261 5347 606 5407 peccatorum
653 5338 892 5390 inciderit
918 5339 1326 5401 multitudinem,
1359 5354 1420 5392 ca
1445 5337 1606 5392 delet.
1641 5337 1709 5391 Ut
1737 5353 1836 5392 au-

259 5418 371 5460 tem
400 5409 777 5460 sublimitatem
816 5408 1082 5478 intelligas
1109 5409 1483 5478 eleemosyntc,
1511 5407 1636 5476 quid
1678 5409 1838 5476 virgi-

259 5479 428 5530 nitate
477 5477 832 5530 laboriosius?
875 5478 1034 5530 Nihil.
1063 5479 1236 5530 Multa:
1276 5477 1398 5531 sunt
1449 5479 1690 5540 virtutes,
1720 5481 1837 5532 alize

261 5561 494 5615 magum,
523 5548 640 5600 alia:
687 5547 936 5615 majores,
965 5549 1082 5601 alia:
1126 5549 1400 5602 minores?
1443 5551 1510 5601 At
1541 5547 1837 5617 virginitate

260 5617 580 5671 laboriosius
633 5627 714 5671 est
761 5617 910 5671 nihil.
965 5618 1096 5672 Cum
1152 5629 1336 5672 natura
1397 5620 1672 5681 luctatur;
1737 5619 1838 5673 hoc

261 5686 459 5739 bellum
505 5687 948 5742 intermissionem
996 5706 1098 5741 non
1145 5690 1346 5742 habet:
1394 5705 1561 5758 pugna
1611 5697 1838 5757 cstqua:

260 5769 446 5827 pacem
476 5774 758 5827 numquam
791 5763 1008 5812 sortitur
1033 5762 1128 5813 nisi
1173 5760 1309 5814 forte
1338 5775 1432 5827 per
1455 5759 1648 5812 Christi
1680 5761 1838 5814 mise-

260 5775 446 5822 pacem
476 5775 598 5810 num
643 5775 758 5811 nam
791 5775 1008 5812 sortnur
1033 5778 1128 5813 nisi
1173 5775 1309 5814 torte
1338 5775 1432 5827 per
1455 5775 1648 5812 ιλιι-ιδῃ
1680 5775 1831 5814 mise-

259 5825 568 5882 ricordiatn.
594 5775 709 5884 gtat
752 5831 898 5900 virgo
922 5829 1190 5886 fornacem
1234 5831 1284 5884 in
1314 5831 1545 5899 scipsam
1574 5828 1831 5896 conﬂans,

1386 398 1474 456 DE
1508 395 1782 455 JEJUNIO
1822 387 1905 448 ET
1947 385 2423 445 ELEEMOSYNA.

3365 393 3500 447 10.ῐί

1936 525 2036 566 nec
2077 509 2506 582 tameniuritur:
2541 510 2688 580 virgo
2737 528 2898 581 super
2946 525 3139 580 prunas
3182 506 3499 582 consistens,

1931 597 2036 635 non
2065 592 2240 634 tamen
2269 579 2586 647 incenditur,
2609 579 2728 635 cum
2758 579 2826 635 sit
2850 583 2900 636 in
2931 579 3167 645 fernace,
3198 591 3304 632 nou
3323 579 3502 647 esuri-

1931 661 2035 713 tur,
2059 649 2152 704 sed
2184 659 2240 703 ut
2263 659 2372 704 tres
2397 650 2543 717 pueri
2573 645 2694 705 rore
2729 651 3078 719 perfunditur,
3109 663 3230 704 cum
3263 645 3499 719 invisibi-

1930 721 2069 774 libus
2112 728 2322 774 certans
2347 715 2647 784 virtutibus,
2671 715 2975 777 Michaelem
3009 715 3262 779 imitatur,
3292 724 3346 769 et
3393 715 3501 769 Ga-

1931 789 2151 844 brielem
2193 789 2488 843 aemulatur.
2532 790 2586 843 In
2635 792 2879 860 paradiso
2906 802 3020 846 erat
3057 788 3347 860 virginitas,
3375 795 3429 860 et
3473 800 3503 838 a

1933 860 2166 914 dracone
2201 868 2450 931 corrupta
2477 871 2557 913 est
2591 878 2602 912 :
2636 855 2914 931 propterea
2962 855 3162 931 mediis
3180 855 3503 931 temporibus

1934 944 2038 982 non
2068 925 2395 998 apparebat:
2427 945 2546 982 cum
2595 925 2770 984 autem
2800 934 2944 986 venit
2981 933 3046 996 is,
3075 928 3163 999 qui
3192 943 3255 980 cx
3301 925 3503 988 virgine

1935 1010 2090 1052 natus
2114 1007 2214 1062 est,
2243 999 2394 1052 Jesus
2417 999 2659 1053 Christus
2685 1002 2774 1055 Dei
2798 1002 2982 1063 Filius,
3007 1012 3116 1054 tum
3140 1009 3324 1052 rursus
3339 1009 3504 1062 appa-

1933 1070 2058 1140 ruit.
2108 1069 2196 1122 Vis
2245 1070 2782 1140 autemvirginitatis
2832 1070 3244 1140 magnitudinem
3308 1063 3506 1140 nosse?

1934 1138 2145 1208 Moyses
2173 1154 2317 1191 mare
2342 1135 2748 1201 divisitfaerem
2777 1135 3090 1204 immutavit,
3121 1151 3311 1191 mmma
3332 1135 3501 1208 demi-

1935 1203 2039 1271 sit,‘
2060 1218 2113 1260 et
2159 1208 2229 1261 illi
2271 1219 2486 1278 propter
2512 1224 2731 1263 uxorem
2760 1225 2908 1263 suam
2941 1203 3315 1278 Aithiopissam
3353 1203 3506 1258 oblo-

1935 1279 2081 1346 qunti
2123 1287 2245 1330 sunt
2274 1276 2478 1348 (Nam.
2508 1279 2593 1331 1‘2.
2623 1280 2697 1340 1),
2741 1280 2878 1348 quod
2913 1294 3104 1334 uxores
3127 1276 3371 1348 haberet
3400 1291 3411 1324 :
3454 1284 3507 1348 et

1937 1344 2065 1400 vero
2083 1348 2372 1409 Abraham,
2393 1346 2558 1413 Isaac,
2575 1360 2626 1402 et
2649 1344 2830 1404 Iacob.
2859 1351 2968 1402 lmo
2989 1361 3043 1404 et
3062 1346 3277 1416 Ioseph,
3296 1344 3505 1416 tametsi

1937 1425 2114 1470 castus
2143 1426 2279 1480 erat,
2309 1428 2486 1484 pos-tea
2519 1427 2692 1472 tamen
2721 1435 2937 1473 uxorem
2967 1419 3168 1473 habuit.
3193 1413 3288 1469 Vis
3314 1413 3510 1484 intelli-

1937 1501 2083 1555 gere,
2119 1481 2324 1555 quanta
2359 1501 2443 1558 res
2469 1488 2540 1541 sit
2581 1489 2891 1558 virginitas?
2920 1489 3054 1543 Cum
3081 1487 3314 1558 venisset
3353 1481 3507 1558 Chri—

1939 1553 2074 1620 stus,
2103 1553 2217 1610 eam
2243 1557 2560 1612 necessitate
2582 1553 2688 1610 non
2713 1559 2983 1621 devinxit;
3016 1558 3171 1611 simul
3211 1556 3351 1608 enim
3381 1553 3511 1606 alias

1907 1653 1910 1656 ~
1941 1627 2161 1680 virtutes
2189 1641 2308 1680 cum
2355 1627 2685 1692 intendisset,
2718 1627 2852 1682 hanc
2881 1644 2986 1681 non
3033 1625 3278 1689 intendit,
3310 1633 3366 1676 ut
3391 1637 3510 1676 cum

1940 1705 2131 1764 sponte
2173 1696 2307 1750 bene
2345 1697 2537 1766 egeris,
2578 1700 2870 1752 coroneris.
2899 1698 2997 1764 Qui
3029 1699 3080 1750 in
3108 1693 3430 1766 continentia
3459 1703 3512 1746 et

1942 1774 2252 1834 paupertate
2281 1781 2339 1820 se
2378 1764 2648 1833 exercent,
2681 1768 2904 1836 primam
2945 1769 3085 1822 illam
3117 1764 3510 1836 aggrediuntur.

1943 1832 2076 1889 Sunt
2100 1836 2232 1888 enim
2257 1837 2488 1897 eunuchi,
2517 1838 2600 1904 qui
2623 1832 2694 1890 sic
2719 1839 2823 1890 nati
2851 1849 2966 1892 sunt
2994 1853 3013 1892 :
3047 1847 3094 1890 et
3131 1832 3246 1889 sunt
3277 1832 3510 1904 eunuchi,

1939 1907 2025 1974 qni
2053 1906 2175 1974 facti
2219 1915 2335 1958 sunt
2364 1906 2424 1958 ab
2473 1903 2754 1961 Itaminibus
2781 1924 2800 1962 :
2835 1917 2879 1960 et
2919 1917 3034 1962 sunt
3076 1905 3293 1974 eunuchi
3321 1903 3406 1964 qui
3433 1919 3512 1974 se-

1941 1972 2078 2045 ipsos
2103 1985 2440 2028 castraverunt
2466 1986 2670 2045 propter
2698 1995 2905 2045 regnum
2930 1980 3165 2032 caelorum
3187 1973 3398 2045 (Matth.
3423 1972 3510 2026 19.

1945 2044 2060 2115 12).
2111 2059 2213 2097 non
2254 2059 2380 2115 cum
2429 2044 2526 2100 sibi
2576 2044 2812 2100 membra
2839 2056 3221 2115 amputassent,
3261 2044 3353 2098 sed
3396 2057 3515 2096 cum

1942 2114 2188 2186 lascivum
2211 2114 2479 2186 libidinem
2509 2118 2878 2170 resecuissent.
2915 2114 3014 2184 Qui
3035 2126 3191 2186 potest
3213 2129 3390 2184 capere
3425 2129 3514 2164 ca-

1944 2184 2068 2251 piat.
2097 2184 2384 2252 Apostolus
2429 2201 2639 2254 quoque
2684 2192 2902 2241 virtutes
2932 2184 3119 2241 omnes
3163 2199 3283 2240 cum
3335 2197 3516 2254 recen-

1943 2251 2171 2324 suisset,
2219 2251 2480 2322 bujusque
2522 2251 2931 2310 imniensitatem
2979 2258 3143 2324 probe
3183 2261 3382 2318 nosset,
3410 2251 3515 2308 ait:

1946 2321 2023 2394 De
2051 2324 2319 2394 uirginibus
2365 2321 2671 2392 praceptum
2717 2325 2922 2380 Domini
2967 2321 3064 2380 non
3113 2324 3366 2394 habco(l.
3399 2324 3516 2375 Cor.

1946 2393 1998 2465 7_.
2051 2393 2164 2463 25).
2213 2393 2375 2465 _Vidcs
2427 2404 2484 2448 ut
2533 2411 2724 2464 magna
2772 2398 2842 2450 sit
2888 2396 3191 2465 virginitas,
3239 2393 3308 2448 et
3343 2401 3518 2447 tamen

1943 2463 2144 2535 absque
2177 2463 2515 2535 eleemosyna
2559 2463 2665 2519 non
2703 2469 2930 2520 servavit
2955 2463 3361 2535 {eleemosynze
3391 2477 3520 2516 vero

1946 2534 2062 2588 sine
2089 2534 2386 2602 virginitate
2411 2532 2774 2590 servaverunt.
2799 2535 3044 2606 Quinque
3081 2532 3312 2606 virgines
3341 2532 3518 2606 latum,

1946 2613 2224 2672 prepterea
2253 2607 2391 2674 quod
2421 2607 2595 2660 oleum
2644 2621 2748 2661 non
2788 2604 3070 2672 habebant,
3100 2605 3194 2661 sed
3238 2604 3514 2673 virginita-

1948 2685 2052 2728 tem
2083 2674 2270 2740 solam,
2301 2675 2352 2728 in
2401 2677 2580 2742 Sponsi
2616 2677 2902 2731 thalamum
2948 2694 3053 2732 non
3095 2677 3374 2732 intrarunt.
3420 2674 3520 2727 Sa-

1945 2745 2208 2812 pientibus
2224 2746 2364 2797 enim
2385 2745 2584 2809 dicunt,
2604 2745 2738 2801 Date
2762 2748 2904 2802 nobis
2920 2749 2983 2802 de
2997 2749 3106 2802 oleo
3127 2755 3287 2802 vestro
3305 2743 3519 2814 (Matth.

1944 2813 2034 2888 25.
2063 2814 2142 2882 8).
2167 2814 2241 2888 Ac
2266 2816 2458 2888 merito
2484 2832 2612 2870 sane
2647 2818 2808 2872 fatua:
2833 2829 2958 2872 sunt
2984 2828 3202 2881 vocatcc,
3231 2813 3518 2888 quodcum

1947 2885 2020 2947 id,
2053 2885 2193 2953 quod
2236 2895 2352 2939 erat
2399 2886 2730 2949 laboriosius,
2774 2889 3142 2956 perfecissent,
3182 2885 3323 2957 quod
3376 2886 3522 2957 labo-

1949 2957 2022 3008 ris
2071 2969 2262 3028 expers
2306 2965 2447 3028 erat,
2491 2973 2592 3010 non
2649 2955 3018 3026 prmSlitissent
3061 2977 3074 3012 :
3125 2955 3370 3028 magnum
3423 2955 3520 3009 ad-

1947 3027 2238 3079 versarium
2292 3025 2620 3094 deiecerant,
2652 3025 2707 3080 et
2747 3045 2777 3083 a
2806 3031 2995 3082 minori
3037 3029 3186 3084 fuere
3218 3025 3519 3096 'superatze.

1950 3097 2017 3150 Et
2071 3112 2191 3150 cum
2240 3098 2479 3150 venisset
2523 3113 2770 3166 sponsus,
2823 3100 3088 3166 sapientes
3140 3099 3190 3152 in
3235 3097 3519 3152 thalamum

1947 3169 2127 3236 sponsi
2170 3175 2462 3240 venerunt;
2511 3179 2670 3240 atque
2699 3169 2799 3222 illa:
2829 3185 3039 3240 quoque
3067 3170 3334 3240 pulsantes
3361 3184 3520 3240 vene-

1950 3246 2071 3291 runt
2101 3255 2115 3291 :
2155 3239 2332 3306 aitque
2358 3238 2460 3292 illis
2491 3255 2504 3290 :
2556 3238 2740 3292 Nescio
2782 3255 2868 3294 vos
2894 3237 2996 3309 (Ib.
3030 3237 3079 3293 υ.
3109 3240 3219 3309 12).
3248 3237 3383 3304 Quid
3413 3239 3521 3309 ita?

1951 3309 2230 3381 Quoniam
2258 3309 2553 3381 esurientem
2611 3326 2689 3362 me
2743 3307 2968 3381 vidistis,
3033 3327 3120 3363 nec
3161 3307 3356 3381 aluistis
3406 3307 3518 3381 (Ib.

1947 3394 1995 3432 υ.
2027 3380 2140 3448 42).
2169 3377 2320 3432 Absit
2362 3389 2558 3443 autem,
2591 3391 2650 3432 ut
2690 3380 2844 3434 talem
2876 3396 2972 3434 nos
3000 3396 3182 3435 vocem
3225 3377 3500 3433 audiamus

1947 3449 2056 3504 Illis
2081 3463 2207 3520 vero
2235 3463 2353 3520 qua:
2373 3449 2763 3520 elecmosynam
2792 3461 3160 3520 erogaverunt,
3187 3451 3293 3504 ait:
3330 3449 3518 3510 Venite,

1948 3519 2192 3573 benedicti
2235 3517 2406 3590 Patris
2452 3521 2564 3583 mei,
2605 3517 2852 3590 possidete
2877 3517 3109 3590 paratum
3138 3522 3274 3574 vobis
3314 3536 3520 3590 regnum

1947 3607 1979 3642 a
2005 3589 2352 3642 constitutione
2378 3590 2552 3642 mundi
2585 3588 2686 3659 (Ib.
2717 3607 2762 3644 υ.
2799 3588 2911 3660 51).
2935 3593 3070 3658 Quid
3101 3593 3210 3646 ita?
3241 3588 3520 3657 nutuquia

1949 3660 2674 3730 virginitatemservarunt?
2717 3661 3083 3730 Nequaquam,
3128 3661 3220 3715 sed
3270 3661 3520 3729 quoniam

1948 3729 2169 3791 Esurivi,
2201 3738 2248 3799 et
2290 3729 2496 3782 dedistis
2528 3731 2652 3783 mihi
2692 3729 3001 3786 manducare
3030 3748 3049 3785 :
3092 3733 3243 3796 sitivi,
3275 3741 3321 3784 et
3351 3740 3520 3799 potum

1949 3799 2078 3854 mihi
2121 3798 2326 3853 dedistis
2351 3814 2370 3852 :
2409 3799 2586 3872 hospes
2621 3817 2778 3864 eram,
2820 3814 2866 3856 et
2895 3803 3164 3872 coltegistis
3205 3817 3283 3853 me
3306 3816 3324 3853 :
3353 3798 3521 3872 nudus

1948 3886 2106 3936 eram,
2138 3878 2184 3922 et
2214 3871 2540 3938 cooperuistis
2573 3887 2652 3922 me
2676 3886 2695 3923 :
2725 3872 2956 3938 inﬁrmus
2983 3871 3033 3925 et
3056 3872 3106 3923 in
3133 3886 3349 3932 carcere,
3377 3879 3422 3922 et
3451 3871 3522 3921 vi-

1947 3940 2133 4011 sitastis
2158 3955 2236 4011 me
2258 3937 2362 4008 (Ib.
2392 3953 2441 3992 υ.
2468 3937 2558 3992 42.
2586 3941 2701 4011 45).
2726 3937 2792 4011 Ut
2819 3953 2995 3997 autem
3025 3940 3305 4011 intelligas,
3329 3951 3519 4011 quanta

1949 4025 2036 4065 res
2061 4009 2130 4063 sit
2153 4008 2511 4079 eleemosyna,
2535 4008 2719 4063 rursus
2747 4009 2883 4065 hanc
2910 4012 3034 4065 volo
3063 4008 3214 4064 vobis
3243 4009 3521 4063 historiam

1949 4081 1998 4134 in
2030 4078 2337 4150 memoriam
2367 4078 2636 4150 t‘evocare.
2669 4079 2862 4134 Decem
2902 4091 3054 4135 erant
3092 4079 3342 4150 virgines,
3370 4079 3522 4150 quin-

1946 4167 2049 4219 que
2075 4149 2360 4217 sapientes,
2408 4159 2461 4203 et
2497 4149 2732 4218 quinque
2777 4151 2931 4205 fatua:
2964 4168 2978 4203 :
3024 4165 3087 4204 ac
3115 4147 3254 4203 circa
3286 4147 3518 4219 medium

1950 4218 2122 4274 noctis
2148 4235 2245 4272 vox
2273 4229 2355 4272 est
2383 4219 2552 4271 edita:
2582 4221 2801 4288 surgite,
2837 4236 3065 4290 sponsus
3091 4220 3253 4274 venit.
3295 4218 3520 4272 Medium

1949 4290 2120 4344 noctis
2145 4298 2226 4342 est
2251 4290 2571 4342 resurrectio
2614 4307 2627 4342 :
2675 4306 2780 4358 quo
2807 4301 3045 4359 tempore
3075 4303 3172 4343 nos
3214 4304 3401 4343 omnes
3428 4303 3521 4340 an-

1946 4361 2047 4429 geli
2075 4359 2398 4430 excitabant.
2424 4359 2561 4430 Cum
2603 4376 2730 4414 vero
2769 4362 2998 4430 virgines
3027 4360 3405 4421 surrexissent,
3435 4374 3520 4412 or-

1949 4428 2208 4483 naverunt
2231 4428 2500 4500 lampades
2521 4445 2664 4484 suas.
2689 4428 2868 4484 Porro
2884 4431 3086 4500 lampas
3115 4439 3198 4484 est
3223 4430 3518 4498 virginitas,

1946 4516 2062 4569 qua:
2091 4499 2448 4569 estquiddam
2493 4515 2702 4569 purum,
2743 4516 2884 4563 acre,
2924 4499 3003 4555 ac
3033 4501 3286 4554 lucidum.
3333 4500 3522 4554 Dicunt

1947 4567 2271 4638 sapientibus
2300 4568 2456 4622 fatuae
2485 4567 2506 4622 ξ
2530 4569 2660 4623 Date
2687 4571 2826 4625 nobis
2851 4572 2914 4624 de
2948 4571 3056 4625 oleo
3087 4581 3248 4624 vestro
3271 4587 3288 4622 :
3315 4585 3521 4636 respon-

1947 4641 2064 4714 dent
2083 4640 2186 4694 illis
2210 4639 2461 4714 sapientes
2492 4655 2509 4692 :
2539 4640 2786 4714 timemus,
2817 4659 2877 4714 ne
2906 4647 3036 4714 forte
3060 4659 3162 4714 non
3197 4641 3406 4714 sit/ficia}
3428 4656 3522 4714 no-

1946 4711 2020 4764 bis
2052 4720 2097 4764 et
2138 4709 2275 4762 vobis
2300 4708 2384 4778 (at
2431 4724 2534 4762 non
2565 4710 2704 4778 quod
2733 4708 3042 4773 inviderent,
3097 4708 3316 4764 minime
3356 4708 3520 4762 dede-

1947 4789 2106 4834 runt:
2139 4779 2263 4847 quid
2307 4779 2447 4832 enim
2496 4779 2599 4849 illic
2625 4795 2758 4849 opus
2801 4789 2884 4836 est
2907 4784 3072 4836 auro?
3111 4796 3216 4835 non
3245 4779 3384 4834 enim
3419 4779 3524 4832 illic

1947 4851 2094 4905 dives
2119 4859 2173 4904 et
2197 4863 2396 4919 pauper
2423 4848 2562 4919 est),
2590 4848 2679 4903 sed
2711 4851 2946 4905 abeuntes
2980 4853 3142 4906 emite.
3175 4850 3400 4916 Quinam
3423 4864 3520 4902 au-

1946 4933 2052 4976 tem
2081 4929 2206 4974 sunt
2228 4918 2322 4984 illi,
2341 4918 2431 5041 ani
2460 4919 2727 4973 vendunt?
2757 4922 3038 4989 Pauperes.
3067 4921 3144 4974 Tu
3177 4921 3317 4974 enim
3349 4919 3520 4987 potius

1946 4991 2142 5041 accipis
2162 5003 2316 5041 uuam
2378 5003 2473 5041 as:
2503 4997 2557 5041 tu
2584 4990 2677 5041 das
2705 4990 2776 5041 illi
2805 4999 3034 5041 terrena-
3065 4999 3119 5041 et
3144 4989 3340 5041 accipis
3359 4989 3520 5041 cmle-

1946 4991 2142 5058 accipis
2162 5003 2316 5058 quam
2341 4989 2473 5041 das:
2503 4997 2557 5042 tu
2584 4990 2677 5044 das
2705 4990 2776 5045 illi
2805 4999 3034 5054 terrena,
3065 4999 3119 5045 et
3144 4989 3340 5056 accipis
3359 4989 3520 5042 cade-

1945 5057 2201 5115 stia.’Cum
2221 5057 2377 5127 igitur
2389 5069 2623 5126 emptum
2641 5061 3064 5124 abiissent,venit
3077 5073 3325 5128 sponsus,
3340 5067 3522 5128 etquai

1946 5140 2144 5198 parata:
2169 5138 2340 5190 erant,
2374 5128 2424 5181 in
2455 5143 2635 5198 sponsi
2672 5131 2961 5184 thalamum
3001 5139 3124 5185 sunt
3165 5129 3440 5198 ingressae,
3468 5139 3523 5183 et

1945 5200 2140 5254 clausa:
2169 5209 2292 5279 sunt
2326 5199 2550 5280 ianuas.
2569 5199 2674 5280 Illa:
2715 5215 2843 5254 vero
2871 5216 2993 5280 cum
3024 5199 3312 5280 venissent,
3345 5199 3522 5280 pulsa-

1946 5280 2089 5333 runt,
2118 5278 2172 5323 et
2215 5269 2290 5322 ait
2327 5268 2430 5338 illis
2459 5268 2698 5338 :Nescio
2727 5284 2841 5322 vos.
2875 5270 3058 5335 Vides,
3088 5270 3337 5338 quoniam
3379 5269 3520 5322 elec-

1946 5353 2220 5409 mosynam
2262 5353 2367 5392 non
2408 5337 2688 5409 habebant,
2726 5339 2960 5394 laborem
3001 5337 3159 5393 etiam
3204 5339 3522 5407 virginitatis

1945 5408 2255 5469 amiSeruut,
2282 5417 2335 5460 et
2375 5416 2521 5460 extra
2567 5408 2852 5462 thalamum
2905 5411 3084 5476 sponsi
3132 5418 3516 5462 remanserunt.

1948 5479 2126 5548 Itaque
2157 5484 2430 5546 perspecta
2456 5478 2807 5548 elcemosyna:
2838 5479 3081 5544 utilitate,
3125 5479 3331 5540 fratres,
3364 5479 3514 5532 elec-

1945 5565 2219 5620 mnsyuam
2245 5555 2549 5620 erOgcmns,
2569 5557 2626 5600 ut
2643 5558 2696 5601 ct
2716 5549 2892 5616 sponsi
2919 5549 3201 5602 thalamum
3227 5563 3520 5620 consequa-

1946 5617 2085 5684 nun,
2110 5628 2163 5672 et
2183 5619 2394 5670 asternis
2424 5617 2573 5671 bonis
2612 5620 2964 5684 perfruamur,
2997 5621 3159 5686 gratia
3189 5619 3394 5673 Domini
3427 5633 3518 5670 nor

1946 5692 2040 5743 stri
2068 5690 2194 5742 .lesu
2213 5688 2428 5751 Christi,
2449 5701 2566 5758 cum
2589 5703 2694 5757 quo
2716 5689 2856 5742 Patri
2878 5691 3044 5758 gloria
3064 5705 3163 5744 una
3180 5704 3297 5743 cum
3316 5697 3517 5758 sancto,

1953 5765 2090 5813 bono
2144 5773 2204 5812 ac
2235 5758 2439 5831 vivilico
2463 5756 2658 5826 Spiritu
2685 5776 2822 5815 nunc
2850 5756 2902 5816 et
2932 5777 3142 5831 semper
3165 5769 3218 5814 et
3248 5759 3301 5813 in
3325 5757 3518 5812 secula

1951 5831 2285 5885 saeculorum.
2319 5830 2504 5882 Amen.
