4030 6136
300 249 435 309 1069

298 359 533 417 ostendit
588 357 731 412 Deus
781 356 879 424 ipsi
936 351 1553 424 magnumimiracnlum
1587 393 1603 416 ,
1671 350 1882 424 Domini

300 430 698 503 generationem
748 421 816 480 in'
853 421 1087 503 virgulto
1130 423 1302 503 Sabec
1331 463 1344 482 .
1395 423 1777 503 incrementum
1822 421 1884 503 in

302 491 572 555 inomento
591 498 810 560 factum,
834 506 883 549 et
902 491 1327 547 benedictionem
1348 507 1448 559 qua
1474 492 1569 559 ipsi
1588 491 1882 545 benedixit:

306 572 369 627 In
395 571 579 625 semine
604 575 690 622 tuo
717 566 1066 620 benedicentur
1095 579 1265 616 omnes
1292 571 1462 632 gentes
1500 561 1647 633 \Gen.
1664 561 1751 618 22.
1776 561 1884 629 18).

308 644 417 698 lloc
447 641 572 694 item
594 637 894 692 sacerdotio
919 635 1093 689 Moses
1116 634 1409 687 honoratus
1434 642 1536 695 est,
1556 646 1675 685 cum
1698 645 1889 685 ascen-

310 713 474 764 disset
516 711 568 763 in
622 716 857 761 montem
913 707 1039 760 Sina
1085 704 1150 757 ad
1206 703 1407 765 Deum,
1452 710 1508 755 et
1533 700 1601 755 ab
1625 717 1690 755 eo
1720 700 1889 769 legem

307 780 639 847 accepisset:
673 777 1017 847 quamobrem
1057 774 1383 847 glorificams
1417 782 1507 847 est
1533 772 1887 847 vultus_ejus,

310 862 368 906 ιιι
423 842 541 919 plus
592 842 748 918 quam
807 846 885 900 sol
931 842 1236 919 appareret.
1297 842 1664 919 _Similiterque
1710 842 1890 895 Aaron

310 911 882 986 sacerdotio'diguatus
906 911 1026 986 est»;
1062 915 1264 983 legatus
1294 911 1553 986 factusad
1580 911 1761 986 Deum
1791 927 1891 986 pro

315 991 550 1063 pccc:_tt_is
582 981 941 1063 popixliinl‘iain
977 981 1178 1063 {dogies
1200 993 1245 1037 el
1272 983 1441 1036 Aaron
1455 984 1515 1063 in
1533 981 1895 1063 “sacerdotibus

312 1051 422 1131 Ejus
449 1051 619 1131 (Pani.
770 1056 848 1124 6).
882 1051 1085 1131 Eodenj
1113 1068 1324 1131 quoque
1346 1053 1507 1131 modo
1527 1051 1762 1131 Phinces
1795 1052 1896 1131 hoc

314 1121 778 1185 venerabilissimo
809 1121 1109 1180 sacerdotio
1130 1121 1355 1178 mortem
1382 1122 1582 1192 depulit
1609 1138 1674 1177 ex
1705 1121 1898 1190 popqu

317 1203 430 1257 illo.
488 1200 663 1254 llelias
692 1211 821 1253 vero
867 1211 1105 1261 rursum,
1151 1195 1251 1248 hoc
1294 1191 1560 1257 inductus,
1614 1191 1895 1247 exauditus

317 1282 401 1327 est
449 1272 500 1324 in
548 1270 668 1339 igne
697 1309 712 1331 ,
764 1277 819 1322 et
849 1265 1168 1339 AsacerdOtes
1220 1262 1561 1339 turpitudinis
1610 1262 1898 1318 interfecit.

321 1333 594 1396 Discamns
620 1340 817 1407 itaque,
842 1335 1054 1407 fratres,
1087 1349 1337 1407 magnam
1360 1333 1756 1407 sublimemque
1780 1347 1901 1407 esse

320 1409 600 1466 sacerdotii
613 1403 1130 1477 dignitatem.Gloria
1146 1404 1509 1474 Unigenito,et
1523 1403 1620 1457 soli
1635 1404 1795 1465 bono,
1810 1403 1901 1471 qui

322 1496 488 1551 ipsam
514 1473 767 1548 apostolis
800 1476 912 1531 suis
944 1473 1209 1551 tradidit,
1231 1473 1331 1551 per
1352 1488 1506 1551 suum
1543 1488 1737 1551 novum
1780 1489 1905 1526 san-

321 1543 583 1619 clumque
600 1553 999 1619 testamentum,
1017 1555 1067 1597 ut
1089 1544 1241 1598 nobis
1255 1554 1307 1598 ct
1320 1543 1418 1611 ipsi
1438 1544 1705 1613 specimen
1720 1552 1903 1619 ostenf

322 1622 472 1686 dant,
488 1612 549 1673 in
574 1618 913 1684 impositione
944 1629 1196 1668 manuum
1231 1628 1449 1686 suarum
1470 1612 1639 1680 super
1663 1627 1778 1675 eos,
1808 1612 1900 1677 qui

323 1684 468 1760 digni
490 1700 634 1760 sunt.
653 1687 852 1742 Omnes
870 1686 1052 1760 itaque
1080 1699 1195 1760 nos.
1216 1684 1422 1760 sinccre
1448 1697 1764 1760 veneremur
1789 1696 1903 1760 eos,

324 1753 412 1831 qu'i
439 1759 662 1831 gradum
697 1755 981 1831 sacerdotii
1003 1754 1264 1831 obtinent,
1284 1753 1533 1831 scientes,
1562 1753 1761 1822 quodsi
1788 1753 1907 1831 quis

333 1821 475 1899 regis
498 1830 699 1883 amicos
726 1826 931 1895 diligat,
963 1839 1029 1879 eo
1055 1823 1559 1899 ipse_multo_magis
1579 1821 1609 1876 a
1635 1836 1760 1899 rege
1783 1821 1907 1899 dili:

323 1891 499 1971 gaiur.
520 1900 795 1971 ‘Amcmus
827 1891 965 1964 ergo
1005 1893 1309 1971 sacerdotes
1350 1891 1504 1971 Dci,’
1528 1891 1908 1971 quoniam__illi

326 1960 487 2025 amici
520 1968 609 2021 Dei
633 1978 776 2032 sunt,
805 1977 857 2020 et
882 1960 981 2034 pro
1002 1964 1153 2017 nobis
1178 1977 1391 2034 semper
1418 1960 1773 2034 intercedunt.
1800 1960 1909 2015 llo-

328 2055 461 2093 nora
492 2037 821 2098 sacerdotes,
851 2032 1146 2102 adimplens
1179 2035 1279 2085 hoc
1305 2032 1500 2085 Christi
1539 2040 1859 2101 przeccptum
1893 2050 1906 2084 :

333 2110 434 2175 Qui
477 2107 653 2174 recipit
682 2106 974 2185 prop/reici»
1021 2105 1073 2185 in
1103 2102 1605 2185 nentitie‘prolihelre,
1637 2102 1911 2182 mercedem

329 2170 590 2251 ῥ’τοριιςιαὲ
625 2170 833 2251 accipiet
868 2172 1076 2251 (Manli:
1127 2173 1213 2226 10,
1242 2170 1356 2251 μ),
1408 2172 1464 2227 Si
1511 2187 1642 2251 vero
1671 2172 1913 2251 quemvis

333 2241 665 2302 sacerdotem
697 2241 908 2314 ignores
937 2258 1000 2296 an
1023 2244 1215 2311 dignus
1234 2241 1429 2314 sithoc
1461 2241 1649 2314 gradu,
1687 2257 1751 2314 an
1781 2242 1916 2295 indi-

330 2333 486 2388 gnus,
509 2327 587 2388 itu
626 2311 911 2388 ob_Christi
944 2322 1263 2388 praeceptum
1301 2327 1367 2388 ne
1394 2312 1679 2388 despicias.
1713 2311 1912 2388 Quem-

330 2382 617 2442 admodum
637 2385 777 2439 enim
800 2399 984 2437 aurum
1003 2398 1121 2435 cum
1156 2384 1264 2435 luto
1292 2382 1516 2435 mixtum
1544 2397 1647 2434 non
1668 2383 1900 2446 laeditur,

335 2473 510 2527 neque
538 2455 813 2527 splendida
845 2454 1125 2527 margarita
1149 2462 1399 2527 mul_atur_,
1428 2452 1641 2527 quando
1670 2466 1788 2505 cum
1822 2452 1915 2504 im-

334 2521 481 2597 puris
500 2521 817 2597 quibusdam
848 2523 1124 2597 speciebus
1147 2522 1518 2597 coniungitur;
1542 2521 1727 2575 eodem
1756 2536 1913 2597 pror-

334 2590 426 2651 sus
476 2590 637 2649 m'odo
689 2590 1045 2647 sacerdotium
1097 2607 1126 2645 a
1186 2592 1333 2645 nullo
1381 2592 1567 2645 sordes
1617 2590 1914 2655 centrahit,

333 2668 579 2738 quamvis
605 2664 864 2738 indignus
901 2662 1063 2738 fuerit
1115 2704 1142 2738 ,i
1177 2663 1263 2730 qui
1310 2661 1434 2738 illud
1476 2661 1685 2738 accipit.
1719 2661 1773 2714 Si
1802 2662 1917 2738 quis

337 2731 498 2805 porro
526 2737 578 2789 in
605 2731 971 2805 hanc'iogredi
1003 2732 1314 2805 dignitatem
1346 2732 1537 2799 dignus
1556 2731 1767 2805 habitus
1791 2731 1915 2805 fue-

338 2801 429 2872 rit,
461 2805 512 2859 in
537 2805 732 2875 illaque
754 2802 913 2872 digne
933 2812 986 2855 et
1011 2802 1277 2875 inculpate
1305 2801 1642 2875 processerit,
1665 2816 1728 2854 ea
1755 2801 1916 2875 vitam

337 2870 425 2932 illi
441 2870 691 2930 conciliat
705 2882 761 2928 et
788 2870 1040 2926 coronam
1066 2872 1449 2939 incorruptam.
1469 2870 1522 2926 Si
1546 2870 1666 2940 quis
1693 2884 1819 2924 vero
1840 2871 1922 2922 in-

338 2948 499 3017 digne
523 2946 576 2999 in
621 2943 767 3017 illam
795 2958 865 3017 se_
900 2942 1144 3017 ingcrere
1175 2940 1556 3017 ausns__fuerit,
1590 2940 1924 3017 i_s__tcnel_iras

339 3009 439 3071 sibi
467 3014 761 3070 exteriores
778 3021 832 3068 et
849 3009 1101 3080 judicium
1122 3012 1454 3079 implacabile
1470 3010 1734 3065 conciliat.
1765 3009 1921 3063 Aliud

343 3087 438 3141 tibi
466 3084 772 3151 exemplum
811 3098 1121 3150 proponam,
1154 3096 1192 3151 of
1214 3081 1393 3145 homo,
1433 3089 1490 3133 ut
1521 3096 1588 3134 ne
1632 3095 1739 3151 pra:
1768 3093 1922 3131 arro-

338 3150 820 3226 gantia_sacerdotii
839 3150 1303 3226 gradutnindigne
1320 3165 1530 3205 sumere
1550 3150 1748 3226 audeas
1765 3163 1925 3226 :quo-

342 3218 486 3280 niam
520 3224 630 3278 Deo
672 3238 776 3275 non
811 3218 1019 3291 placent
1064 3220 1118 3284 ii,
1150 3221 1240 3289 qui
1271 3227 1583 3291 arroganter
1627 3218 1921 3291 ordinatio:

344 3310 467 3351 nem
510 3288 1009 3362 accipiunt.'Nosce
1058 3288 1213 3362 igitur
1249 3290 1375 3358 quid
1420 3290 1558 3357 passi
1598 3288 1705 3342 sint
1747 3290 1801 3362 ii,
1834 3288 1924 3362 qui

341 3365 507 3436 Moysi
539 3373 593 3417 et
619 3359 811 3415 Aaroni
856 3359 1314 3425 contradixerunt,
1364 3368 1418 3413 et
1458 3374 1579 3413 cum
1628 3359 1915 3428 petulantia

1115 239 1384 296 CHRISTI
1424 237 1833 294 DISCIPUIJJM
1876 236 2222 293 BENIGNUM
2260 236 2423 294 ESSE
2464 236 2757 295 DEBERE.

3343 249 3351 255 ’
3434 238 3572 294 1070

1992 350 2329 416 impudenter
2355 360 2410 406 et
2433 363 2745 420 arroganter
2783 352 2891 406 Deo
2931 352 3202 407 incensum
3242 352 3434 409 offerre
3465 371 3570 410 non

1993 421 2324 475 dubitarunt.
2355 424 2545 475 Annon
2592 422 2724 491 ignis
2751 437 2936 478 omnes
2964 425 3315 491 consumpsit,
3338 440 3405 479 eo
3429 427 3569 491 quod

1996 492 2109 545 ausi
2140 500 2321 545 essent
2353 492 2402 544 in
2427 493 2649 561 gradum
2695 493 2842 546 illum
2883 509 2943 547 se
2990 494 3253 562 ingerere,
3297 509 3403 562 quo
3428 492 3570 562 digni

1998 577 2102 615 non
2131 562 2319 615 erant?
2342 562 2573 616 Rursum
2604 577 2730 615 vero
2753 562 2912 617 Maria
2942 565 3269 632 praphetissa
3297 564 3412 627 Dei,
3431 566 3571 632 quod

1997 632 2233 700 pauculis
2256 633 2432 686 verbis
2473 632 2638 701 Moysi
2682 634 2818 686 circa
2851 634 3205 687 sacerdotium
3248 635 3571 702 exprobras-

1996 710 2098 766 set,
2136 709 2341 755 tantum
2371 702 2722 756 abAltissimo
2749 705 2963 771 pertulit
2989 704 3356 773 opprobrium,
3400 714 3458 756 ut
3496 705 3572 758 le-

1998 773 2336 844 pracandens
2352 781 2554 841 septem
2576 773 2763 844 diebus
2780 782 2925 827 extra
2948 784 3116 828 castra
3135 784 3406 844 segregata
3424 789 3577 828 mau-

1998 841 2147 897 Serit.
2175 842 2325 896 Nunc
2350 844 2549 911 itaque.
2580 841 2789 907 fratres,
2818 857 2964 900 caste
2993 844 3046 897 in
3076 841 3375 898 sacci-dolio
3395 859 3579 899 versa-

1999 913 2149 984 mini,
2194 914 2459 984 imitantes
2500 912 2756 984 Moysem,
2802 916 3066 969 Aaronem
3113 923 3168 970 et
3214 914 3575 969 Eleazarum:

2002 982 2174 1056 bosce
2215 983 2326 1056 pios
2368 982 2670 1056 sacerdoies
2709 985 3105 1056 contemplare,
3149 984 3417 1056 quomodc
3469 999 3569 1056 per

2003 1053 2130 1107 illud
2161 1053 2393 1125 hostium
2420 1061 2595 1106 castra
2623 1052 2942 1121 depulerint.
2969 1054 3079 1111 Hoc
3107 1055 3342 1125 munitus
3365 1052 3580 1125 Moyses

2003 1124 2254 1190 expandit
2277 1123 2343 1176 ad
2375 1124 2541 1178 Deum
2573 1137 2780 1188 manus,
2799 1136 2851 1178 et
2876 1125 3095 1180 Amalec
3120 1123 3397 1179 insanabili
3429 1123 3581 1193 plaga

2003 1193 2241 1266 confodit
2268 1210 2280 1245 :
2311 1193 2411 1247 hoc
2438 1193 2752 1266 [ii-recinctus
2772 1194 3038 1266 Abraham
3066 1210 3220 1266 reges
3247 1194 3578 1266 proﬂigavii:

2007 1263 2111 1317 hoc
2139 1279 2315 1318 assum
2361 1273 2412 1317 to
2450 1262 2800 1317 Melchisedec
2825 1263 3055 1318 Abraba:
3097 1262 3368 1319 benedixit
3396 1262 3582 1320 excel~

2007 1334 2135 1387 lenti
2165 1278 2555 1387 benedictione.
2582 1333 2781 1387 Dignus
2810 1332 3021 1387 habitus
3041 1348 3120 1387 es.
3143 1333 3329 1387 frater.
3352 1334 3442 1387 oui
3463 1349 3582 1387 trra-

2007 1334 2135 1387 lenti
2165 1332 2555 1404 benedictione.
2572 1333 2781 1404 Dignus
2810 1332 3021 1404 habitus
3041 1348 3120 1395 es,
3143 1333 3329 1399 frater,
3352 1334 3442 1403 qui
3463 1349 3587 1404 gra—

2008 1404 2135 1458 dum
2164 1402 2446 1458 sacerdotii
2472 1402 2787 1472 acciperes?
2821 1402 2959 1457 Cura
2984 1415 3041 1458 ut
3072 1404 3282 1473 placeas
3307 1402 3382 1465 ei,
3408 1402 3498 1473 qui
3530 1413 3584 1457 te

2008 1474 2061 1528 in
2087 1473 2381 1529 exercitum
2422 1474 2723 1541 adscripsit,
2771 1473 2824 1526 in
2868 1473 3134 1539 castitate,
3171 1475 3222 1529 in
3265 1474 3489 1542 iustitia,
3532 1473 3585 1527 in

2007 1544 2269 1612 sapientia
2307 1543 2590 1612 spirituali,
2630 1552 2686 1597 et
2724 1544 2776 1597 in
2802 1542 3076 1611 splendida
3108 1544 3430 1613 virginitate.
3458 1542 3589 1597 Esto

2008 1615 2203 1668 ardens
2233 1615 2349 1667 zelo
2376 1622 2435 1666 ut
2463 1613 2662 1679 Helias,
2703 1613 2960 1667 sollicitus
2994 1623 3049 1665 ut
3075 1613 3358 1679 Jeremias,
3383 1623 3591 1682 tempe-

2012 1698 2138 1738 rans
2163 1692 2223 1737 ut
2246 1682 2468 1752 Joseph,
2506 1693 2685 1737 castus
2710 1691 2770 1736 ut
2822 1682 2977 1737 Jesus
3018 1682 3183 1749 Nave,
3227 1683 3507 1752 hospitalis
3532 1689 3590 1736 ut

2013 1753 2304 1817 Abraham,
2326 1768 2510 1807 amore
2535 1755 2722 1821 plenus
2749 1760 2806 1807 ut
2828 1752 3013 1819 David,
3036 1763 3092 1807 et
3111 1754 3256 1807 mitis
3275 1761 3333 1806 ut
3357 1752 3589 1822 Moyses.

2012 1823 2292 1877 Errantem
2321 1822 2501 1884 reduc,
2529 1822 2776 1878 claudum
2803 1822 2977 1893 alliga,
3009 1824 3211 1893 lapsum
3233 1823 3399 1892 erige,
3433 1821 3589 1893 infir-

2014 1908 2130 1949 mos
2158 1894 2391 1963 suscipe,
2422 1901 2478 1947 et
2527 1893 2609 1946 his
2632 1893 2825 1946 similia
2871 1892 3069 1947 facito.
3092 1892 3443 1962 Obstupesco,
3481 1892 3588 1946 fra-

2015 1972 2144 2028 tres,
2191 1962 2319 2017 duni
2365 1963 2648 2018 considero
2696 1963 3054 2030 insipientium
3095 1963 3446 2032 quorumdam
3495 1977 3586 2016 au-

2015 2034 2242 2095 daciam,
2282 2034 2372 2103 qui
2413 2034 2747 2103 impudenter
2791 2042 2845 2087 et
2884 2033 3185 2101 petulanter
3233 2033 3591 2103 sacerdotium

2017 2103 2233 2164 adeunt,
2264 2102 2367 2157 nan
2392 2102 2564 2157 vocati
2592 2119 2621 2155 a
2647 2104 2815 2172 gratia
2843 2103 3057 2167 Christi,
3085 2104 3386 2171 ignorantes
3412 2118 3471 2158 se
3492 2102 3592 2157 sibi

2018 2175 2191 2243 ignem
2237 2183 2292 2227 et
2332 2184 2558 2227 mortem
2608 2175 2832 2226 miseros
2880 2175 3232 2227 consciscere.
3282 2173 3394 2226 Non
3423 2173 3594 2227 solum

2017 2244 2138 2298 dico
2165 2243 2280 2309 tibi,
2299 2259 2331 2298 ο
2360 2244 2539 2307 homo,
2569 2261 2633 2297 ne
2654 2243 3009 2297 sacerdotium
3035 2244 3593 2313 petulanternsurpes,

2020 2315 2113 2367 sed
2142 2316 2395 2367 etiamne
2436 2314 2703 2381 quidpiam
2745 2328 2810 2366 ex
2846 2314 2988 2367 vasis
3034 2313 3383 2368 sacratissimi
3423 2313 3599 2367 cultus

2019 2384 2314 2452 contingas.
2369 2383 2504 2436 Num
2553 2383 2686 2436 forte
2737 2383 2906 2449 legisti
2951 2384 3076 2451 quid
3127 2399 3312 2452 passus
3351 2384 3420 2436 sit
3455 2383 3594 2445 0m,

2021 2455 2231 2523 quando
2255 2455 2427 2522 tetigit
2465 2469 2644 2507 arcam
2676 2453 2810 2523 Dei?
2853 2452 3019 2521 Hujus
3058 2468 3269 2519 semper
3307 2462 3596 2523 memento,

2022 2520 2184 2578 frater
2232 2520 2452 2589 dilecte,
2497 2523 2643 2577 vocis
2700 2520 2990 2588 Altissimi,
3036 2524 3103 2577 ab
3144 2523 3275 2578 Isaia
3343 2521 3597 2591 propheta

2022 2594 2250 2657 emissa},
2280 2610 2399 2663 qua:
2446 2594 2524 2647 sic
2553 2593 2745 2646 habet:
2776 2592 2946 2663 Super
2968 2610 3114 2661 quem
3153 2592 3601 2663 requiescam,_msi

2021 2681 2174 2732 super
2194 2660 2361 2717 mitem
2389 2675 2434 2717 et
2470 2664 2708 2717 humilem
2736 2672 2780 2716 et
2806 2660 3093 2733 trementem
3122 2665 3270 2716 verba
3295 2679 3404 2715 mea
3446 2660 3597 2733 (lsai.

2024 2735 2111 2789 66.
2137 2735 2173 2787 2
2202 2734 2259 2804 )?
2292 2734 2458 2804 llnjus
2485 2749 2697 2801 semper
2722 2732 2973 2803 praecepti
2998 2734 3362 2797 reminiscere,
3394 2732 3599 2804 etpos-

2024 2806 2138 2858 side
2174 2803 2324 2872 quasi
2368 2803 2709 2869 thesaurum,
2753 2804 2935 2858 mitem
2978 2805 3386 2873 cogitationem,
3435 2813 3493 2855 ut
3528 2803 3600 2854 ita

2026 2876 2197 2943 possis
2217 2874 2566 2941 spiritualiter
2586 2874 2874 2927 ascendere
2905 2874 2955 2926 in
2973 2890 3258 2943 supernam
3283 2874 3600 2934 Jerusalem,

2028 2954 2083 2999 et
2112 2944 2313 2997 hostias
2341 2943 2642 3012 spirituales
2671 2943 2864 2997 offerre
2892 2943 3015 3013 Regi
3044 2956 3099 2998 et
3140 2945 3250 2997 Deo
3278 2945 3327 2995 in
3373 2954 3605 3009 superno

2026 3013 2202 3074 altari.
2228 3014 2314 3067 ubi
2346 3022 2633 3067 nectuntur
2655 3028 2866 3067 corona‘
2890 3012 3324 3081 incorruptionis.
3352 3013 3531 3080 Ibique
3553 3013 3603 3064 iu

2029 3096 2315 3151 conSpectn
2356 3084 2662 3152 angelorum
2719 3092 2771 3137 te
2825 3082 3066 3137 Christus
3123 3082 3366 3136 redimiet
3408 3096 3605 3152 corona

2029 3151 2464 3216 immortalitatis,
2495 3162 2695 3208 etcum
2725 3152 2972 3218 supernis
3018 3153 3339 3206 exercitibus
3366 3151 3605 3205 cantabis

2031 3224 2403 3293 triumphalem
2427 3222 2681 3293 hymnum
2708 3232 2908 3277 sancta:
2927 3221 3195 3288 Trinitati,
3216 3225 3267 3276 iu
3287 3222 3480 3278 saecula
3506 3236 3607 3274 εωο

2031 3294 2293 3348 culorum.
2320 3295 2514 3348 Amen.

354 3491 3560 3517 ΗΜ

1324 3492 3611 3549 “Mn..-
3315 3532 3583 3544 -..__..._

1118 3607 1123 3612 ’
1187 3645 1269 3705 IN
1327 3637 1809 3715 SEQUENTEM
1871 3636 2316 3697 SERMONEM
2375 3637 2778 3700 MONlTUM.

437 3746 550 3803 Hoc
582 3747 904 3818 Opusculum
931 3746 1043 3816 jam
1075 3743 1283 3814 pridem
1330 3743 1473 3797 inter
1522 3737 1855 3809 spuriajure
1886 3736 2192 3805 ablegatum
2238 3734 2404 3789 fuisse
2454 3751 2617 3790 nemo
2674 3738 2913 3807 prudens
2962 3757 3069 3795 non
3128 3745 3371 3799 censebit
3413 3762 3427 3798 ;
3478 3758 3605 3797 nam

358 3840 499 3912 stylo
544 3840 747 3910 χυδαίῳ
794 3840 1079 3908 scriptum,
1121 3834 1257 3888 nihil
1312 3848 1422 3903 prae
1468 3847 1527 3886 se
1560 3829 1681 3897 fert
1731 3827 1894 3890 salis,
1942 3825 2075 3879 nihil
2135 3841 2424 3879 nervorum
2470 3846 2483 3880 :
2520 3838 2711 3898 estque
2752 3847 2978 3899 prorsus
3021 3835 3412 3905 Chrysostomo
3462 3835 3607 3890 indi-

402 3948 554 3987 num.

402 3948 554 3987 num.

362 3948 397 4002 8
434 4021 808 4089 lnterpretatio
849 4018 1040 4072 Latina
1063 4024 1146 4071 est
1174 4014 1465 4069 Frontonis
1494 4011 1692 4067 Daca-si.

1543 4270 2022 4341 EJUSDEM
2070 4266 2429 4340 SERMO

528 4435 607 4475 DE
660 4435 780 4479 HOC
826 4438 1233 4494 ABGUMENTO,
1268 4439 1483 4481 BONUM
1528 4438 1779 4481 CHRISTI
1823 4438 2204 4481 DISCIPULUM
2248 4436 2578 4480 BENIGNUM
2622 4433 2785 4488 ESSE,
2830 4430 3042 4482 NEQUE
3086 4428 3231 4472 (ΠΤο
3276 4425 3503 4469 ιιιΑεει.

1860 4563 2175 4617 genere:

438 4696 491 4748 ln
530 4696 825 4770 Et'atigeiiis
868 4698 1036 4770 docet
1070 4714 1165 4752 nos
1199 4698 1406 4753 Domini
1448 4699 1623 4753 divina
1669 4716 1791 4764 vos,
1817 4717 1936 4770 quae

364 4766 531 4835 legem
563 4767 838 4835 adimplet,
874 4786 975 4822 non
1006 4768 1250 4831 deStrnit,
1294 4779 1353 4823 ut
1380 4787 1445 4824 ne
1473 4770 1761 4824 irascamur
1792 4766 1939 4825 fratri

363 4836 657 4909 iiilllilhiﬁ.
685 4838 803 4905 2|):
837 4848 891 4909 et
913 4839 1011 4891 hac
1040 4840 1310 4894 additione
1347 4841 1602 4893 orationis
1631 4841 1940 4909 adimplevit

363 4905 513 4971 illud,
551 4905 667 4959 Non
710 4908 924 4973 occides,
958 4909 1124 4978 ipsam
1175 4910 1441 4964 homicidii
1475 4910 1704 4964 radicem
1752 4905 1943 4965 exstir-

365 4990 516 5041 pans,
563 4978 860 5049 etinterius
881 4994 976 5032 cor
1002 4993 1320 5049 expurgatis,
1358 4996 1463 5035 non
1494 4996 1680 5034 manus
1705 4982 1939 5036 exterius

364 5054 588 5098 nultum.
623 5047 827 5121 Etenim
864 5047 1082 5117 pinnam
1108 5047 1414 5121 proposuit,
1449 5066 1552 5104 non
1579 5050 1790 5121 quidem
1820 5062 1940 5121 tan-

364 5125 490 5177 tam,
518 5118 907 5189 qu_antam__lex,
940 5134 971 5173 e
995 5119 1216 5188 vestigio
1242 5118 1713 5188 prementem,'sed
1740 5120 1942 5189 judicio

361 5185 714 5249 statuendam,
747 5187 978 5259 dicens:
1016 5190 1115 5259 Qui
1134 5185 1274 5243 enim
1290 5191 1521 5243 irascitur
1550 5191 1699 5259 fratri
1719 5185 1810 5243 suo
1834 5192 1942 5244 sine

361 5270 533 5329 censa.
576 5271 692 5310 reus
728 5256 820 5329 eri!
846 5258 1046 5329 judicio
1074 5258 1175 5328 (Ib.
1202 5277 1247 5314 υ.
1281 5260 1398 5329 25):
1432 5256 1710 5315 nou'enim
1739 5262 1942 5316 celeres

362 5321 671 5400 infligituiur
702 5342 731 5400 _a
759 5321 972 5382 Christo
1010 5321 1368 5400 painm,sicut
1396 5331 1447 5383 in
1487 5331 1623 5400 lege,
1656 5331 1748 5385 sed
1777 5332 1940 5385 multa

360 5401 446 5467 est
476 5395 880 5467 retributionum
902 5411 968 5450 ex
990 5395 1141 5467 teque
1170 5399 1353 5452 dilatio
1381 5417 1394 5452 :
1426 5395 1678 5455 czetérum
1702 5409 1943 5456 tremen-

360 5461 486 5537 dum
512 5464 857 5537 consequitur
874 5461 1065 5521 exinde
1087 5470 1422 5537 supplicium.

438 5530 534 5613 Dei
556 5530 930 5614 longanimitas.
963 5567 1033 5577 —
1053 5530 1508 5614 Quemadmodum
1537 5541 1734 5611 majora
1769 5540 1940 5614 impc~

359 5612 461 5661 rat.
493 5608 567 5656 sic
597 5612 650 5658 et
689 5608 854 5673 major
911 5615 992 5661 est
1037 5608 1154 5677 ejus
1199 5608 1569 5681 longanimitas
1594 5608 1634 5677 ,⁷
1656 5608 1939 5683 cordisque

2048 4700 2359 4755 munditiam
2404 4699 2645 4767 requirit,
2686 4711 2976 4767 quamnon
3018 4696 3117 4749 nisi
3149 4710 3267 4767 cum
3308 4691 3619 4767 difﬁcultate

2046 4772 2165 4840 quis
2205 4772 2304 4824 sibi
2350 4762 2593 4838 acquirit.
2623 4762 3213 4840 Quamobrcmilicetin
3245 4762 3623 4840 iram_indura-

2048 4834 2186 4904 mur,
2215 4856 2319 4894 non
2353 4856 2381 4893 e
2400 4834 2618 4907 vestigio
2636 4840 2789 4908 punit
2816 4855 2828 4891 :
2849 4838 2893 4890 si
2919 4839 3060 4892 enim
3076 4837 3251 4889 subito
3280 4834 3512 4903 puniret,
3533 4846 3628 4900 per

2049 4911 2417 4980 pmnitcntiam
2457 4911 2667 4964 resilire
2706 4925 2808 4962 non
2851 4908 3070 4980 liceret;
3101 4916 3378 4980 propterea
3415 4917 3628 4980 poenam

2046 4972 2243 5043 differt,
2281 4989 2342 5034 ut
2380 4980 2535 5034 nobis
2558 4990 2766 5047 tempus
2803 4978 2869 5031 ad
2895 4972 3257 5047 penitentiam
3288 4972 3627 5047 concedatur,

2045 5060 2104 5105 ut
2127 5051 2216 5120 qui
2249 5050 2362 5105 lteri
2391 5050 2539 5122 fratri
2570 5044 2736 5104 iratus
2760 5056 2866 5122 est,
2896 5044 3052 5101 hodie
3089 5044 3457 5122 paenitentiam
3484 5050 3625 5122 agat,

2045 5134 2099 5175 et
2121 5114 2331 5189 pactum
2355 5119 2618 5191 quoddam
2646 5133 2827 5173 secum
2855 5119 3017 5191 ineat,
3041 5114 3115 5191 uiti
3145 5131 3211 5171 ne
3236 5114 3383 5191 frairi
3406 5114 3633 5191 εωνεευι

2047 5179 2329 5263 irascatur,
2347 5179 2403 5263 εἰ
2427 5190 2820 5263 quadamtenus
2839 5179 3040 5241 similes
3064 5187 3173 5241 Deo
3204 5179 3634 5263 reddamttr:.i‘ios

2044 5261 2188 5316 enim
2220 5251 2418 5315 sensim
2442 5251 2510 5315 ab
2534 5261 2753 5328 iis,qua:
2774 5258 2933 5312 vitam
2955 5266 3189 5328 nostram
3215 5271 3244 5308 a
3260 5255 3350 5309 Dei
3381 5251 3637 5307 similitu-

2049 5332 2173 5386 dine
2219 5332 2452 5384 alienant
2482 5372 2498 5396 ,
2545 5326 2896 5393 transmutat,
2956 5338 3011 5382 et
3054 5327 3121 5382 ad
3170 5326 3522 5396 honestatem,
3569 5334 3637 5375 ac

2048 5395 2497 5470 pulchritudinem
2536 5411 2737 5472 natura:
2767 5399 3174 5472 convenientem
3200 5406 3321 5465 post
3356 5395 3498 5447 hunc
3519 5400 3634 5472 Sta-

2049 5469 2159 5525 tum
2189 5472 2434 5525 traducit.
2469 5472 2545 5525 Ad
2576 5471 2626 5525 id
2666 5485 2913 5539 namque,
2945 5469 3085 5539 quod
3115 5479 3328 5539 natune
3363 5469 3631 5528 convenit,

2046 5540 2363 5596 deducimur
2390 5583 2405 5603 ,
2436 5551 2490 5595 et
2518 5541 2583 5614 ad
2614 5539 2777 5614 divini
2808 5535 3035 5614 Spiritus
3063 5535 3493 5614 communionem
3520 5572 3540 5613 _,
3563 5548 3625 5585 ac

2048 5628 2335 5683 perennem
2375 5627 2492 5666 cum
2529 5612 2636 5666 Deo
2668 5603 2865 5679 vitam;
2893 5610 3014 5665 dum
3048 5608 3115 5663 de
3140 5608 3203 5664 iis
3230 5606 3386 5663 rebus
3406 5603 3627 5659 dimica-
