4030 6136
452 249 583 306 10⁵11

455 382 593 421 tuus.
627 364 979 421 Attendamus
1032 365 1187 420 nobis
1214 366 1365 434 ipsis,
1406 379 1585 434 neque
1607 379 1672 419 ex
1723 373 2033 434 contemptu

457 450 593 505 opus
623 436 780 502 hujus
805 436 999 491 divina:
1025 436 1387 491 similitudinis
1407 435 1746 492 destruamus
1765 476 1780 498 ,
1803 449 1871 490 eo
1895 434 2039 505 quod

460 504 665 562 moram
693 507 850 561 faciat
875 506 1058 561 venire
1084 506 1340 561 Dominus
1385 524 1398 559 :
1428 522 1499 561 ne
1528 505 1669 560 inani
1710 520 1809 560 nos
1847 504 2038 560 fiducia

459 575 723 641 fallamus,
744 585 803 647 ut
833 577 1040 631 Domini
1067 586 1331 647 prmccpta
1357 577 1651 647 violemus,
1683 590 1816 647 neve
1841 575 2038 644 despe-

462 656 642 701 rantes
670 646 808 701 istud
841 662 939 701 nos
966 647 1222 716 ceusequi
1251 661 1424 715 posse,
1473 646 1876 701 similitudinem
1903 685 1917 706 ,
1949 646 2037 699 in-

460 732 640 786 quam,
677 716 794 779 Dei,
827 728 1098 772 certamen
1125 717 1436 772 deseramus
1469 732 1694 771 :verum
1721 716 1857 770 adsit
1887 717 2040 770 nobis

459 801 583 857 spes
619 796 841 857 propter
883 803 1026 850 cum,
1052 786 1142 857 qui
1169 787 1438 856 prmcepit.
1482 796 1535 842 et
1562 787 1628 843 ad
1654 786 1706 841 id
1734 787 1873 855 quod
1905 801 2042 854 prae-

459 865 673 926 ceptum
710 867 794 912 est
829 857 1250 927 exsequendum,
1277 860 1462 923 robur,
1495 858 1742 927 viresque
1771 857 2037 924 largitur:

459 934 816 998 contemptus
840 936 1040 992 autem,
1081 936 1136 981 et
1179 928 1381 982 incuria
1408 928 1568 993 absit,
1596 927 1739 998 quod
1766 928 2040 997 graviores

463 1012 647 1066 pinnas
673 998 747 1051 ob
771 997 893 1066 ejus
918 998 1370 1067 longanimitatem
1399 997 1771 1067 exSpectemus
1791 1013 1810 1050 :
1840 1006 2038 1065 quanto

462 1067 604 1123 enim
623 1075 902 1124 cunctatur
925 1067 1123 1123 diutius
1140 1068 1475 1136 longanimis,
1501 1069 1926 1124 emendationem
1953 1081 2040 1120 re-

460 1138 700 1206 quirens,
735 1147 882 1192 tanto
908 1140 1121 1208 gravius
1148 1139 1526 1208 indignabitur,
1558 1139 1602 1193 si
1649 1154 1752 1192 non
1783 1136 2041 1191 emende—

466 1224 607 1273 tnur,
627 1217 691 1279 et
715 1209 767 1263 in
795 1223 894 1263 nos
922 1217 979 1263 ut
1005 1210 1289 1264 violatores
1311 1209 1496 1279 gratia:
1520 1223 1631 1262 sua:
1655 1208 1855 1262 acriter
1875 1209 2044 1276 impe-

464 1288 575 1333 tum
616 1278 792 1335 faciet.
837 1279 1259 1334 Contemnantur
1296 1278 1473 1333 autem
1510 1294 1541 1333 a
1568 1278 1719 1333 vobis
1753 1279 1927 1348 potius
1951 1290 2039 1333 res

466 1350 624 1417 hujus
643 1349 823 1404 stcculi
845 1365 1052 1416 omnes,
1074 1364 1233 1418 quam
1250 1349 1485 1403 divinum
1515 1348 1853 1404 mandatum:
1876 1349 2041 1402 multa

463 1419 728 1488 siquidem
757 1428 898 1484 sunt,
927 1435 1047 1489 quae
1085 1419 1237 1475 facile
1256 1419 1706 1474 excandescentes
1731 1420 1796 1473 ad
1826 1420 2040 1473 iracun-

464 1489 606 1544 diam
646 1489 944 1558 impellunt.
984 1489 1085 1556 Qui
1116 1504 1244 1543 vero
1278 1490 1538 1544 tremendi
1569 1490 1710 1559 regis
1734 1490 2040 1543 mandatum

468 1568 701 1624 veretur,
731 1576 800 1614 no
820 1560 1039 1613 omnino
1059 1561 1352 1614 irascamur
1372 1560 1724 1628 prohibentis,
1751 1573 1938 1613 omnes
1967 1561 2044 1613 fa-

465 1630 572 1684 cile
596 1638 945 1694 contemnet,
976 1631 1063 1700 qui
1093 1630 1263 1699 ipsum
1305 1630 1569 1685 voluerint
1600 1630 1832 1700 irritare.
1864 1628 2043 1683 Facile

467 1714 628 1768 porro
651 1714 744 1755 eos
771 1699 1035 1760 tolerabit,
1066 1716 1094 1753 a
1116 1700 1309 1768 quibus
1336 1699 1926 1755 sermoneoﬂ'enditttr:
1959 1714 2045 1767 pa-

469 1772 663 1832 tienter
680 1779 857 1823 autem
885 1784 1073 1824 eorum
1098 1769 1229 1824 feret
1247 1769 1488 1837 injurias.
1517 1785 1546 1823 a
1568 1769 1761 1838 quibus
1788 1768 1939 1823 factis
1967 1770 2043 1837 ip-
2068 1768 2073 1773 ‘

467 1841 541 1894 sis
569 1839 823 1904 hrdetur;
859 1848 913 1894 et
938 1839 1254 1911 percutienti
1297 1841 1563 1894 maxillam
1591 1840 1849 1911 praebebit
1872 1850 1928 1894 et
1959 1841 2043 1894 al-

471 1922 660 1974 teram,
682 1909 1010 1979 verbumque
1034 1919 1190 1979 turpe
1217 1911 1555 1965 contumeliae
1583 1924 1741 1964 causa
1757 1909 2041 1978 jacientem

505 1985 730 2034 enerose
754 1994 817 2034 ac
842 1979 1049 2035 fortiter
1080 1981 1234 2044 feret.
1263 1980 1558 2035 admirabili
1585 1980 1831 2034 nimirum
1857 1995 2045 2034 conso-

489 2050 667 2103 atione
694 2060 984 2115 recreatus,
1022 2066 1090 2105 ex
1127 2065 1192 2104 eo
1217 2050 1358 2118 quod
1388 2051 1571 2106 beatus
1601 2050 1918 2119 praedicetur
1941 2091 1955 2113 ,
1980 2065 2044 2105 ac

473 2121 698 2190 Domino
716 2120 969 2190 obedicns
999 2121 1296 2190 reperiatur
1326 2137 1342 2171 :
1371 2120 1633 2190 simulque
1662 2120 1915 2190 reprimat
1937 2121 2044 2174 ira-

471 2189 718 2244 cundiam
745 2192 796 2243 in
827 2189 1514 2249 fratrem.etdennntiatum
1538 2189 1797 2260 ejusmodi
1828 2199 2044 2258 peccato

470 2260 786 2328 supplicium
808 2262 987 2315 evitet.
1018 2260 1127 2315 Hac
1162 2262 1358 2314 etenim
1380 2261 1445 2315 de
1465 2274 1623 2314 causa
1652 2275 1750 2315 nos
1791 2260 2044 2315 Dominus

470 2276 533 2314 su
575 2276 786 2328 puctuut
808 2276 987 2315 evitet.
1018 2276 1127 2315 nae
1162 2276 1358 2314 etenim
1380 2276 1445 2315 ue
1465 2276 1623 2314 causa
1652 2276 1750 2315 nos
1791 2276 2043 2315 Dominus

470 2276 804 2391 cogortatur,
824 2340 880 2383 ut
900 2345 998 2386 nos
1017 2331 1094 2384 ah
1108 2331 1263 2384 omni
1277 2329 1751 2399 perturbationum,
1769 2330 1962 2400 quibus
1976 2331 2043 2385 ad

470 2414 664 2479 corpus
701 2401 983 2479 afficiuntur,
1039 2402 1363 2479 emitagione
1384 2400 1732 2479 vindicetnus,
1763 2410 1820 2456 et
1869 2401 2045 2479 avari-

475 2470 599 2525 tiam
625 2469 908 2540 fugiamus,
933 2472 1221 2542 gloriaeque
1246 2469 1593 2542 cupiditatem
1607 2485 1934 2542 aversemur,
1966 2478 2046 2525 at-

453 2555 579 2608 .que
595 2543 831 2605 onmiuo,
864 2551 919 2594 ut
937 2541 1002 2596 ne
1027 2542 1280 2610 voluptati
1303 2542 1477 2595 locum
1493 2541 1555 2594 in
1571 2541 1722 2594 nobis
1738 2543 1947 2600 demus,
1978 2557 2043 2596 ne

472 2610 600 2680 quid
627 2626 692 2665 ex
737 2611 853 2665 istis
876 2613 1105 2665 animam
1132 2621 1369 2665 nostram
1398 2611 1534 2664 male
1563 2611 1804 2664 aﬂ‘ectam
1829 2610 2038 2678 reddat,

473 2688 529 2735 ct
559 2696 626 2735 ne
648 2680 808 2734 alieni
833 2696 861 2734 a
883 2681 1085 2749 Spiritu
1102 2694 1287 2734 sancto
1317 2680 1620 2735 reddantur.
1652 2680 1750 2746 Qui
1778 2682 1919 2735 enim
1950 2697 2044 2748 pe-

475 2750 659 2805 cunias
687 2760 1031 2806 contemnere
1057 2751 1277 2805 edoctus
1305 2761 1407 2810 est.
1426 2750 1693 2817 quomodo
1722 2760 1937 2820 propter
1952 2766 2045 2820 pe-

474 2822 659 2875 cunias
711 2821 1004 2874 irritabitur
1057 2835 1327 2890 umquam,
1387 2821 1512 2876 licet
1551 2822 1639 2883 sit,
1667 2822 1753 2890 qui
1787 2834 1879 2875 eas
1915 2821 2044 2876 velit

475 2890 717 2959 abripere
739 2890 764 2944 ?
785 2891 848 2944 Et
876 2892 964 2959 qui
991 2891 1213 2961 gloriam
1244 2906 1350 2945 non
1388 2892 1606 2960 appetit,
1637 2891 1905 2961 quomodo
1924 2891 2044 2960 glo-

476 2962 573 3015 ria:
601 2976 759 3016 causa
781 2960 1172 3017 excandescet?
1212 2961 1360 3016 Exue
1403 2962 1579 3030 itaque
1610 2960 1930 3016 mundanum
1973 2962 2045 3014 in-

473 3029 785 3086 dumentum
808 3071 826 3096 ,
868 3041 922 3085 et
969 3030 1241 3101 spirituule
1288 3032 1444 3086 indue
1466 3029 1649 3088 :oexne
1672 3042 1903 3086 veterem
1934 3031 2047 3084 hu—

476 3102 673 3156 minem
695 3143 710 3164 ,
741 3111 798 3155 ut
842 3116 1033 3157 novum
1075 3102 1262 3155 induas
1295 3121 1308 3156 :
1339 3112 1623 3171 capropter
1651 3101 1907 3170 siquidem
1953 3117 2041 3156 re-

473 3173 747 3241 generatio
764 3172 977 3238 dicitur,
1003 3179 1059 3227 et
1084 3172 1137 3225 in
1160 3173 1326 3227 sacris
1343 3172 1537 3227 Literis
1559 3173 1872 3240 appellatur.
1911 3171 2041 3227 Nam

478 3242 669 3312 prioris
713 3251 885 3296 status
911 3243 1203 3312 mutatione
1229 3243 1427 3312 indiget
1456 3242 1600 3297 salus
1635 3251 1834 3306 nostra,
1860 3252 1917 3296 ut
1955 3242 2042 3297 alii

475 3311 545 3365 ab
568 3328 633 3364 eo
659 3312 799 3382 quod
829 3327 1012 3367 sumus
1036 3311 1244 3379 fiamus,
1276 3321 1332 3365 ut
1350 3311 1489 3381 quod
1520 3326 1723 3375 sumus,
1755 3326 1875 3367 esse
1903 3312 2047 3367 desi—

474 3395 681 3444 ttamus,
694 3381 851 3435 aliam
864 3392 1038 3436 autem
1052 3383 1210 3436 vitam
1227 3382 1553 3445 inchoamus,
1570 3397 1727 3451 quam
1740 3389 2046 3436 antetrans-

470 3453 798 3519 gressionem
821 3452 1171 3507 sectabamur.
1187 3451 1301 3506 Non
1325 3456 1466 3507 enim
1496 3452 1610 3507 talis
1622 3467 1679 3506 es
1693 3454 1831 3520 apud
1854 3452 2039 3518 Deum,

472 3520 645 3599 qualis
664 3537 692 3574 a
718 3522 939 3599 pueritia
961 3521 1103 3576 fuisti
1128 3538 1142 3575 :
1171 3536 1342 3599 neque
1362 3521 1491 3599 tales
1507 3536 1575 3577 ex
1590 3523 1859 3577 creatione
1887 3537 1917 3599 τι
1936 3523 2043 3579 Deo

473 3590 608 3644 facta
634 3607 812 3646 mores
839 3591 1081 3655 haberes,
1109 3590 1293 3658 quales
1321 3607 1387 3646 ex
1417 3591 1643 3646 lnnnana
1672 3594 2037 3658 generatione.

474 3660 799 3733 Audiitaque
816 3661 1406 3733 jurantemDomiuum,
1424 3669 1480 3715 et
1500 3662 1645 3728 time,
1659 3660 1818 3733 Amen
1833 3664 2036 3733 quippe,

471 3729 659 3798 inquit.
691 3732 823 3800 dico
848 3732 1004 3794 vobis,
1051 3731 1150 3785 nisi
1170 3732 1281 3800 quis
1318 3741 1467 3785 natus
1495 3733 1644 3800 fuerit
1681 3729 2043 3800 destruent—ton

470 3809 631 3874 potest
673 3799 882 3874 introire
915 3800 968 3874 iu
994 3799 1203 3874 regnum
1229 3802 1468 3874 animum
1497 3799 1678 3874 '(Joau.
1710 3804 1763 3856 3.
1792 3799 1869 3874 3).
1899 3799 2043 3874 Quo-

469 3870 612 3924 circa
639 3885 839 3941 nuvam
858 3869 1058 3925 inchoa’
1078 3871 1259 3941 vitam,
1289 3869 1595 3939 derelintjue
1629 3872 1680 3925 in
1711 3869 1938 3941 peccatis
1959 3873 2039 3926 in-

469 3948 763 3994 vetcratam
795 3940 953 4011 vitam
980 3940 1111 4011 ;,qui
1141 3939 1258 4011 heri
1286 3941 1573 4011 fornicator
1599 3939 1732 4007 erat,
1756 3941 1915 3997 hodie
1946 3958 2039 3997 ca-

465 4021 578 4083 stus
607 4010 693 4064 fiat
716 4028 739 4083 ε
763 4009 856 4079 qui
884 4010 1000 4083 heri
1018 4009 1366 4083 immoderate
1392 4010 1743 4083 helluabatur,
1775 4013 1931 4068 hodie
1950 4013 2031 4083 je-

463 4079 678 4146 junator
706 4081 795 4135 fiat
819 4099 831 4135 :
863 4081 1002 4150 quod
1029 4081 1171 4135 male
1195 4082 1524 4147 coutraxisti,
1555 4084 1817 4151 posterius
1841 4079 2035 4151 abjice,

467 4159 525 4204 ιιι
541 4151 690 4222 quod
722 4160 920 4222 rectea
944 4151 1205 4222 principio
1228 4151 1409 4205 datum
1433 4160 1535 4215 est,
1560 4167 1863 4221 recuperes.
1905 4151 2037 4208 Per-

463 4221 710 4279 exiauum
736 4232 818 4277 est
842 4221 960 4276 sine
981 4223 1379 4292 perturbatione
1403 4236 1466 4277 ac
1490 4223 1605 4277 sine
1630 4222 1894 4278 iracundia
1919 4240 2040 4295 per-

460 4303 699 4345 manere.

532 4357 784 4415 Hortatur
806 4362 874 4414 ad
897 4362 1198 4432 injuriarum
1239 4363 1602 4417 remissionem.
1622 4391 1695 4402 —
1720 4360 1819 4429 Qui
1848 4377 2035 4418 secun-

459 4428 588 4484 dutn
618 4431 899 4503 imaginem
943 4428 1034 4486 Dei
1063 4435 1240 4488 vivere
1264 4434 1432 4503 cupit,
1462 4434 1507 4488 is
1530 4433 1600 4487 ab
1623 4428 1872 4489 omnibus
1907 4448 2037 4488 con-

463 4502 650 4567 temni,
682 4502 888 4570 despui,
918 4517 982 4556 ac
1026 4503 1292 4557 tlocciiicri
1323 4504 1502 4568 debet,
1547 4517 1669 4557 cum
1694 4504 1890 4570 verbis,
1923 4513 2033 4559 tum

462 4572 631 4625 factis.
649 4570 780 4625 Nam
825 4581 879 4641 et
916 4572 1123 4625 idcirco
1169 4587 1341 4641 neque
1378 4588 1471 4641 par
1507 4573 1705 4628 referre
1733 4574 1932 4628 malum
1955 4576 2032 4641 ei,

498 4641 553 4713 ui
581 4641 770 4709 injuria
796 4640 1065 4713 affecerat,
1083 4640 1267 4710 jussit,
1292 4658 1358 4696 ne
1380 4640 1427 4697 si
1458 4643 1528 4707 ei,
1552 4643 1642 4713 qui
1674 4643 1863 4711 injuria
1890 4653 1943 4698 te
1963 4640 2035 4699 af-

545 4712 604 4778 it,
629 4727 724 4780 par
753 4711 1018 4770 retuleris.
1046 4709 1423 4766 humanitatem
1449 4752 1463 4773 ,
1486 4709 1606 4780 qua:
1630 4709 1920 4768 secundum
1948 4730 2037 4770 na-

459 4791 633 4837 turam
660 4790 764 4848 est,
794 4781 1107 4850 perdideris.
1125 4781 1242 4835 Noli
1257 4797 1385 4851 ergo
1407 4782 1544 4851 apud
1572 4791 1623 4838 te
1642 4783 1874 4852 prudens
1887 4799 2028 4850 esse,

458 4864 646 4922 utpote
670 4854 758 4922 qui
786 4852 978 4907 merito
991 4865 1135 4914 eum,
1159 4866 1188 4905 a
1215 4865 1322 4921 quo
1347 4852 1507 4922 liesus
1533 4852 1714 4919 fueris,
1732 4854 2027 4911 ulciscaris.

455 4921 761 4978 Recordare
818 4936 1091 4976 sacrorum
1144 4922 1289 4976 Pauli
1336 4921 1800 4986 documentorum,
1856 4923 2033 4979 Nolite

453 5009 563 5048 esse
615 4994 883 5062 prudentes
903 4993 1063 5064 upud
1102 4993 1423 5064 vosmetipsos
1441 5035 1455 5056 ,
1486 5009 1654 5064 itaque
1697 4996 1888 5048 malum
1939 5012 2031 5064 pro

454 5067 588 5120 malo
608 5064 873 5119 reddattes
889 5063 1068 5135 (Rom.
1102 5063 1189 5135 l2.
1219 5062 1305 5118 16.
1336 5064 1450 5135 i7).
1480 5062 1594 5117 Non
1622 5063 1922 5127 honestum,
1940 5062 2029 5117 'ul-

452 5144 625 5189 torem
645 5149 785 5202 esse,
811 5132 908 5189 aut
928 5135 1008 5188 sui
1038 5132 1203 5204 ipsius
1230 5133 1518 5188 vindictam
1545 5148 1784 5202 qumrere
1805 5152 1819 5187 :
1844 5148 2026 5204 verum

453 5205 656 5274 projtce
704 5207 883 5271 potius
923 5203 1068 5259 tuam
1094 5204 1381 5260 vindictam
1422 5204 1478 5258 in
1523 5204 1709 5274 Deum,
1740 5204 1829 5273 qui
1872 5203 2028 5258 ultio-

450 5273 585 5347 nem.
750 5276 1021 5331 iracundia
1044 5276 1097 5331 in
1125 5290 1239 5340 eos,
1270 5289 1300 5347 a
1327 5275 1518 5345 quibus
1548 5273 1693 5347 fuisti
1718 5275 1899 5347 laesus,
1927 5274 2031 5347 de;

450 5346 625 5417 mittet.
680 5344 795 5401 Non
820 5348 1147 5417 nosmetipsos
1187 5344 1500 5417 ulciscentes,
1550 5345 1739 5416 inquit,
1784 5344 1873 5400 sed
1913 5346 2028 5399 date

451 5415 615 5470 latuit
641 5419 749 5471 irae.
781 5415 1043 5487 Scriptum
1084 5426 1158 5470 est
1199 5418 1351 5482 enim,
1383 5416 1515 5471 Μϋιὲ
1542 5415 1803 5481 vindicta;
1831 5431 1922 5486 ego
1949 5432 2027 5469 re-

451 5487 691 5561 tribuam,
713 5488 1109 5561 dicituDominus
1135 5486 1243 5561 (Ib.
1265 5503 1314 5561 ρ.
1348 5487 1457 5561 i9)f
1475 5487 1552 5542 Ne
1576 5488 1743 5561 dicas,
1774 5489 2025 5561 Deusure-

458 5557 641 5612 tribuit
666 5595 679 5621 ,
722 5558 1009 5614 retribuam
1039 5568 1092 5614 et
1112 5556 1230 5628 ego.
1262 5556 1551 5614 Considera
1582 5558 1710 5629 quid
1749 5558 1842 5614 tibi
1870 5556 2025 5612 Chri-

1944 248 2207 307 SPURIA.

3574 253 3694 313 1079

2151 374 2265 419 stus
2292 363 2609 429 ostenderit,
2637 379 2760 420 cum
2789 364 2841 418 in
2873 364 3127 419 mundum
3158 367 3406 431 venisset,
3428 376 3486 423 ut
3512 373 3688 427 saluta-

2146 450 2259 490 rem
2288 437 2407 517 vitat
2445 434 2673 517 formam
2710 444 3037 517 monstraret
3064 453 3081 489 :
3106 444 3264 517 atque
3310 438 3447 494 hunc
3483 441 3690 508 imitare,

2147 515 2203 559 ut
2232 506 2412 560 salvus
2442 505 2555 559 fias.
2586 505 2698 559 Non
2725 506 2864 560 enim
2899 506 3064 569 venit,
3098 517 3155 560 ut
3169 505 3331 574 judex
3351 519 3509 572 esset,
3536 524 3617 568 aut
3645 505 3693 570 ut

2146 591 2259 652 eos,
2283 577 2376 652 qui
2394 576 2492 652 sibi
2522 575 2957 652 adversabantur.
2987 577 3369 652 ulcisceretur:
3395 595 3693 652 quamquam

2148 648 2261 714 ipse
2289 647 2503 719 quidem
2531 661 2655 719 non
2702 646 2753 699 id
2783 646 3025 719 agebat,
3048 655 3116 719 ut
3136 646 3347 717 aliquod
3374 646 3435 719 ex
3467 646 3692 719 patientia

2147 714 2349 771 lucrum
2402 717 2651 782 ambiret,
2706 714 2800 770 sed
2852 725 2908 769 ut
2953 716 3177 771 salutem
3226 714 3428 772 mundo
3470 714 3691 780 'aﬂ'erret.

2145 789 2340 842 Christi
2372 802 2604 857 namque
2645 787 2894 857 patientia
2926 786 3133 857 diaboli
3155 787 3311 856 fregit
3338 789 3620 857 audaciam,
3648 805 3696 849 et

2147 858 2442 926 benignitas
2468 855 2677 930 Domini
2700 855 3087 930 ferocem‘mali
3116 855 3347 930 furorem
3379 855 3696 930 expugnavit:

2145 936 2200 1000 et
2242 921 2299 982 tu
2328 942 2454 998 ergo
2482 921 2705 1000 formam
2738 925 2875 1000 hanc
2898 927 2993 982 tibi
3024 927 3089 982 ad
3119 927 3433 1000 imitandum
3451 921 3694 1000 propone.

2145 997 2261 1052 Non
2289 997 2594 1054 succensuit
2620 999 2684 1053 iis
2707 1013 2736 1049 a
2766 998 2956 1067 quibus
2975 999 3318 1068 contumeliis
3344 997 3695 1068 proscindeba-

2147 1079 2231 1123 tur
2260 1087 2276 1124 :
2304 1069 2398 1124 sed
2449 1068 2813 1139 Samaritanus
2859 1077 2929 1139 et
2955 1067 3221 1139 daemonio
3267 1067 3539 1139 correptus
3587 1087 3692 1128 cum

2145 1139 2525 1210 appellaretur,
2554 1138 2782 1210 benigne
2800 1152 2864 1192 ac
2886 1138 3091 1207 placide
3116 1138 3182 1193 iis
3197 1138 3300 1210 qui
3324 1137 3689 1202 hoc—dicebant.

2146 1208 2503 1277 respondebat
2530 1226 2544 1263 :
2595 1209 2702 1279 Ego
2725 1208 3030 1261 da’monium
3058 1223 3157 1279 non
3183 1209 3341 1263 habeo
3368 1250 3383 1275 ,
3408 1211 3495 1263 sed
3504 1212 3697 1279 honori-

2146 1280 2478 1350 [icoPatrem
2506 1278 2671 1351 meum
2699 1294 2719 1343 ,'
2761 1295 2848 1333 vos
2885 1294 3000 1332 vero
3023 1278 3343 1351 inhonorati:
3363 1293 3461 1333 me.
3493 1278 3596 1351 Ego
3618 1299 3698 1335 au-

2145 1360 2242 1406 tent
2263 1367 2370 1422 non
2392 1367 2563 1422 qurere
2584 1350 3004 1422 gloriam_mcam,
3030 1357 3100 1402 est
3123 1350 3210 1418 qui
3236 1357 3476 1422 quierat,
3496 1350 3549 1404 et
3562 1352 3696 1422 judi-

2145 1432 2222 1475 cet
2251 1418 2429 1489 (Joan'.
2459 1421 2510 1476 8.
2544 1422 2633 1490 49.
2664 1419 2777 1490 50).
2806 1418 2988 1489 Itaque
3016 1426 3072 1490 et
3097 1426 3151 1473 tu
3170 1420 3288 1490 noli
3327 1429 3380 1474 te
3426 1418 3588 1490 ipsum
3629 1422 3696 1476 ul.

2145 1493 2272 1547 cisci
2297 1533 2311 1558 ,
2340 1500 2594 1560 exspecta
2612 1488 2867 1559 judicent.
2903 1489 2958 1544 Si
2989 1488 3130 1542 cnim
3154 1489 3325 1557 judex
3348 1488 3498 1560 ipse,
3521 1506 3631 1546 cum
3650 1492 3695 1547 iu

2148 1562 2375 1616 humana
2416 1562 2585 1615 forma
2611 1560 2962 1631 apparuisset,
2996 1574 3113 1631 non
3131 1560 3396 1631 retribuit,
3438 1576 3555 1615 cum
3589 1577 3699 1630 pos-

2147 1641 2249 1695 set,
2275 1633 2366 1687 sed
2400 1632 2495 1686 Dei
2521 1629 2778 1700 judicium
2806 1629 3183 1698 exspectavit:
3211 1630 3339 1684 Cum
3378 1631 3521 1686 enim
3559 1629 3700 1687 male-

2147 1704 2394 1756 diceretur
2416 1744 2431 1768 ,
2473 1718 2574 1755 non
2604 1700 2928 1771 maledic-eoat
2952 1715 2973 1754 :
2998 1716 3110 1771 cum
3137 1709 3393 1771 pateretur
3416 1742 3434 1768 ,
3461 1717 3558 1755 non
3579 1718 3699 1756 cout-

2145 1772 2475 1837 minabatur;
2505 1770 2731 1826 tradebat
2777 1784 2943 1841 autem
2963 1769 3221 1841 judicattti
3280 1774 3419 1841 iuste
3485 1772 3535 1840 (1
3570 1771 3697 1827 Pelr.

2147 1844 2202 1899 2.
2232 1842 2348 1907 εδ).
2390 1843 2457 1896 Ει
2497 1851 2551 1897 ιιι
2577 1855 2705 1911 ergo
2752 1841 2823 1895 ita
2855 1839 3032 1906 facito,
3063 1855 3127 1894 ac
3177 1839 3459 1911 Dominum
3490 1842 3697 1910 imitare,

2147 1916 2234 1984 qui
2265 1913 2565 1984 ad‘crucem
2588 1910 2759 1984 _uSque
2781 1911 3022 1984 injuriam
3053 1910 3543 1984 pergulitimpiam,
3560 1922 3702 1982 atque

2146 1980 2308 2040 exitio
2334 1983 2508 2052 dignis
2527 1980 2751 2052 salutem
2780 1981 3113 2052 procurahat.
3141 1980 3230 2035 Sic
3254 1980 3397 2036 enim
3427 1983 3491 2034 ad
3508 1980 3699 2037 Patrem

2146 2055 2342 2116 aiebat,
2391 2050 2601 2105 Dimitte
2625 2050 2735 2121 illis
2771 2050 2866 2104 hoc
2905 2062 3183 2121 peccatum,
3221 2068 3321 2105 non
3364 2052 3499 2105 enim
3533 2054 3700 2121 sciunt,

2146 2068 2342 2116 aiebat,
2391 2068 2601 2105 lnmtue
2625 2068 2729 2105 una
2771 2068 2866 2104 uoc
2940 2068 3183 2117 eccatum,
3221 2068 3321 2105 non
3364 2068 3499 2105 enim
3533 2068 3699 2121 sciunt,

2145 2125 2269 2194 quid
2295 2124 2486 2195 faciunt
2513 2121 2662 2195 (Luc.
2712 2120 2802 2195 23.
2853 2068 2968 2195 3r).
2995 2120 3188 2191 lnjuria
3229 2131 3281 2176 te
3321 2121 3487 2195 frater
3521 2121 3699 2195 affecit,

2145 2190 2305 2248 visus
2332 2201 2414 2248 est
2458 2190 2705 2263 indignus
2741 2190 3068 2263 fraternitate
3112 2199 3221 2263 :Aat
3247 2199 3302 2245 tu
3332 2191 3703 2263 fraternitatem

2148 2279 2251 2319 non
2278 2263 2513 2319 destrue.
2537 2260 2726 2317 Frater
2751 2270 2872 2316 tuus
2891 2261 3107 2331 Josephi
3136 2260 3326 2317 fratres
3355 2262 3588 2316 imitatus
3608 2272 3701 2330 est,

2146 2335 2320 2390 fratris
2345 2332 2543 2389 caedem
2575 2333 2904 2387 machinatus
2922 2341 3002 2387 est
3020 2372 3036 2396 ,
3063 2331 3332 2387 inimicum
3353 2347 3417 2388 se
3439 2346 3531 2399 pro
3560 2332 3706 2389 fratre

2146 2404 2415 2471 ostendit,
2468 2411 2626 2474 teque
2654 2419 2748 2474 per
2774 2417 3039 2474 summum
3068 2403 3244 2474 scelus
3274 2403 3545 2474 impetiiti.
3575 2405 3701 2457 nulla

2145 2484 2465 2547 provocatus
2507 2471 2781 2547 iojuria_te
2810 2472 2943 2547 laesit
2959 2490 2992 2547 _:_
3011 2480 3067 2526 at
3093 2471 3261 2547 tujac
3284 2473 3627 2547 contrarium,
3652 2484 3704 2527 ut

2146 2541 2201 2601 et
2230 2555 2284 2599 ιιι
2314 2560 2434 2599 cum
2463 2541 2678 2599 cantare
2706 2542 2905 2612 Davidre
2941 2542 3108 2604 dicas,
3138 2541 3264 2598 Cum
3289 2543 3370 2596 his
3401 2545 3489 2612 qui
3511 2544 3706 2596 oderunt

2146 2632 2321 2687 pacem
2352 2656 2367 2679 ,
2394 2631 2529 2669 cram
2554 2614 2796 2687 paciﬁcus
2826 2611 2993 2687 (Psal_.
3028 2612 3151 2687 119.
3181 2611 3459 2687 7_)._V’ince
3501 2613 3549 2687 in
3578 2614 3706 2668 bono

2146 2682 2342 2740 malum
2375 2704 2389 2741 :
2418 2682 2642 2754 proveca
2662 2682 2855 2754 ipsum,
2882 2693 2936 2754 et
2966 2683 3125 2737 incita
3151 2683 3215 2754 ad
3261 2682 3483 2747 bonum,
3512 2683 3705 2737 iracun-

2147 2754 2287 2810 diam
2318 2752 2496 2824 frange
2515 2753 2839 2824 benignitate
2868 2752 2993 2824 :7fac
3020 2753 3277 2823 intelligat
3296 2769 3356 2809 se
3390 2754 3577 2823 injuria
3603 2770 3705 2822 per-

2146 2828 2294 2895 sequi
2321 2823 2591 2880 Christum
2614 2823 2664 2895 in
2696 2833 2766 2895 te,
2798 2834 2851 2895 et
2877 2823 3093 2893 dignum
3117 2838 3219 2877 non
3241 2838 3361 2878 esse
3393 2834 3464 2889 te,
3486 2824 3579 2895 qui
3602 2838 3707 2891 per-

2147 2894 2514 2965 sequutionem
2548 2894 2782 2964 patiaris,
2813 2894 3073 2965 declares.
3106 2896 3173 2948 At
3193 2895 3335 2965 enim
3358 2894 3595 2964 pertinax
3611 2902 3702 2959 Osi,

2146 2963 2319 3035 neque
2339 2963 2829 3035 emendaripotest,
2860 2973 2960 3035 aut
2986 2964 3190 3035 illatua
3214 2963 3543 3035 benignitate
3566 2978 3703 3035 com-

2146 3033 2349 3092 moveri
2396 3051 2411 3089 :
2441 3051 2503 3090 ac
2531 3034 2720 3090 bellum
2748 3034 2962 3103 quidem
2989 3034 3055 3089 ad
3082 3033 3359 3088 hominum
3388 3033 3702 3088 familiarita-

2148 3114 2252 3160 tem
2295 3106 2501 3160 cicures
2555 3105 2709 3160 factze
2748 3105 3113 3166 traducuntur,
3144 3103 3232 3159 ille
3271 3118 3403 3158 vero
3443 3104 3705 3157 immanior

2145 3176 2337 3231 belluis
2362 3186 2441 3230 est
2468 3175 2635 3230 factus
2664 3192 2682 3229 :
2710 3190 2776 3229 ne
2803 3175 3002 3230 idcirco
3030 3176 3162 3230 velis
3186 3189 3305 3228 cum
3328 3174 3588 3243 ejusmodi
3618 3172 3701 3226 ho-

2147 3247 2289 3301 mine
2330 3246 2511 3316 rixari,
2562 3260 2700 3300 neve
2745 3245 3071 3300 iracundiam
3116 3259 3236 3300 cum
3267 3244 3538 3316 iracundia
3566 3257 3698 3297 com-

2145 3316 2344 3371 mittas.
2361 3314 2516 3385 Fuge
2537 3316 2733 3385 potius,
2766 3325 2822 3368 ut
2850 3316 3174 3385 periculosas
3193 3324 3377 3385 cautes
3388 3314 3600 3385 sapiens
3614 3328 3702 3385 gu-

2144 3386 2397 3442 bernator
2428 3384 2694 3444 {observa
2729 3384 2907 3440 autem
2937 3387 3075 3440 sicut
3101 3384 3245 3455 aspis
3267 3384 3455 3448 surda,
3483 3394 3536 3440 ct
3557 3386 3701 3438 obtu-

2144 3471 2269 3512 rans
2298 3472 2454 3511 aures
2481 3470 2625 3523 suas,
2650 3471 2769 3523 quae
2795 3470 2899 3510 non
2928 3455 3175 3511 exaudiet
3201 3468 3391 3511 vocem
3440 3455 3702 3509 incantan-

2148 3527 2214 3582 tis
2241 3525 2411 3595 (Psal.
2459 3526 2547 3581 57.
2577 3527 2629 3581 5.
2656 3524 2736 3587 6).
2780 3525 3004 3581 Redime
3054 3534 3264 3594 tempus
3284 3567 3299 3591 ,
3333 3524 3587 3590 Quoniam
3607 3524 3703 3578 dies

2144 3597 2268 3652 mali
2303 3606 2417 3670 sunt
2465 3596 2626 3670 (Eph.
2665 3596 2865 3670 5._16).
2891 3596 2947 3650 ln
2991 3595 3250 3670 sapientia
3274 3595 3514 3660 ambula,
3539 3595 3700 3670 sciens

2147 3664 2484 3738 peregrinum
2507 3664 2560 3723 et
2591 3664 2850 3738 hospitem
2878 3680 2997 3738 esse
3024 3664 3073 3738 te
3098 3665 3337 3738 interm,
3365 3664 3702 3738 quemadmo-

2143 3734 2298 3792 dum'
2319 3747 2373 3792 et
2396 3746 2574 3807 patres
2596 3738 2668 3791 tui
2688 3734 2860 3793 Tuere
2891 3735 3072 3808 (Lavit.
3101 3734 3191 3791 19.
3220 3734 3333 3808 δελ.
3367 3734 3498 3790 Ovis
3522 3734 3575 3789 in
3603 3748 3702 3808 me-

2142 3805 2558 3878 diumluporum
2608 3808 2802 3862 missus
2830 3805 2971 3861 es'tu
2999 3820 3211 3878 quoque
3234 3847 3250 3872 ,
3277 3805 3423 3878 sicut
3438 3805 3653 3878 apostpli
3681 3818 3698 3862 :

2144 3880 2251 3932 noli
2283 3874 2394 3934 fieri
2425 3893 2520 3948 pro
2548 3893 2647 3933 ove
2673 3877 2847 3948 lupus,
2876 3892 2996 3931 cum
3018 3874 3166 3945 lupis
3189 3874 3546 3948 contendens.
3574 3874 3702 3929 Cave

2143 3957 2393 4016 quantum
2428 3946 2606 4017 potes,
2653 3963 2720 4002 ne
2743 3947 3049 4002 thesaurum
3073 3946 3292 4015 jnstitize
3322 3946 3517 4014 perdas
3538 3959 3703 4017 {cave

2144 4013 2236 4072 tibi
2282 4034 2312 4071 a
2349 4013 2706 4087 direptoribus
2733 4035 2748 4082 ;
2777 4016 3009 4085 prudens
3036 4013 3098 4071 ut
3121 4013 3343 4083 serpens
3371 4030 3504 4087 eave
3530 4013 3701 4087 tibi__ab

2146 4088 2374 4144 insidiis.
2402 4089 2457 4144 Si
2470 4084 2606 4165 ivero
2634 4084 2791 4143 laudat
2812 4088 2973 4142 etiam
2994 4095 3047 4165 te
3070 4087 3246 4156 lupus,
3268 4087 3313 4140 si
3343 4086 3583 4165 membra
3604 4084 3702 4165 dis:

2147 4171 2425 4230 cerpturus
2445 4158 2531 4223 sit,
2565 4173 2798 4230 praapara
2827 4166 2898 4223 te,
2927 4166 2988 4211 ut
3011 4156 3183 4230 feras,
3209 4169 3423 4230 memor
3444 4156 3699 4230 ιιι-ἱρῇ.ςυὶ

2139 4224 2284 4291 dicit,
2317 4227 2464 4283 Facti
2507 4224 2688 4282 sumus
2715 4229 2843 4281 sicut
2882 4243 2997 4280 oves
3028 4227 3292 4281 occisionis
3320 4224 3447 4296 (Ps.
3478 4226 3568 4280 43.
3592 4224 3696 4296 εἷς

2139 4297 2291 4353 Rom.
2340 4300 2394 4354 8.
2426 4298 2516 4367 36)
2552 4297 2882 4365 :respiciens
2919 4297 2970 4351 in
2999 4296 3171 4366 ipsum
3201 4291 3507 4361 Dominum,
3528 4300 3615 4364 qui
3640 4291 3701 4348 Ut

2137 4370 2243 4422 ovis
2275 4369 2342 4423 ad
2374 4367 2737 4422 immolandum
2764 4367 2944 4420 ductus
2964 4375 3038 4420 est
3060 4408 3076 4428 ,
3128 4375 3174 4420 et
3198 4367 3325 4420 sicut
3350 4381 3518 4433 agnus
3541 4379 3696 4433 coram

2134 4440 2378 4496 tondente
2406 4454 2483 4501 se,
2516 4447 2696 4518 mutus
2726 4434 2866 4518 (Ιεα.
2916 4436 3006 4492 53.
3035 4436 3255 4518 7;_A_ct.
3376 4431 3494 4503 32).
3529 4431 3703 4518 veniet

2132 4518 2186 4566 et
2211 4520 2315 4564 tute
2334 4517 2547 4578 tempus
2559 4503 2824 4578 victoriae,
2855 4522 3002 4578 cum,
3021 4503 3209 4578 multis
3225 4506 3392 4578 malis
3413 4503 3703 4578 cumChri—

2134 4589 2220 4636 sto
2243 4574 2509 4643 toleratis,
2539 4576 2829 4633 deviceris.
2855 4575 2987 4631 Nam
3009 4585 3063 4631 et
3086 4575 3348 4631 Dominus
3373 4590 3485 4628 non
3512 4574 3702 4626 rixatus

2136 4657 2236 4713 est,
2291 4664 2394 4703 non
2447 4648 2764 4702 vociferatus
2812 4654 2914 4708 est,
2954 4659 3129 4713 neque
3170 4644 3371 4713 audivit
3417 4644 3472 4695 in
3521 4644 3697 4713 plateis

2134 4708 2428 4794 quisquam
2451 4731 2635 4773 vocem
2673 4718 2789 4794 ejus
2820 4708 3310 4794 :_ut_@postolus_iu
3342 4708 3697 4794 promptuha-

2138 4782 2352 4858 here'se
2381 4790 2493 4854 ait,
2522 4782 2736 4842 omnem
2763 4782 3177 4858 inobedientiain
3200 4782 3575 4858 uicisci_,_cuiu
3600 4782 3698 4858 im:

2140 4859 2278 4926 pleta
2310 4848 2689 4913 fuerit'eorum
2735 4855 3035 4926 obedientia
3066 4852 3190 4926 (2.-
3221 4851 3338 4906 Cor.
3381 4851 3473 4906 10.
3505 4851 3537 4906 6
3560 4848 3600 4926 ),
3620 4848 3701 4917 qui

2132 4921 2407 4983 obediunt.
2440 4929 2570 4981 Dum
2599 4942 2725 4983 vero
2750 4925 2892 4980 Deus
2907 4921 3222 4993 longanimis
3242 4930 3344 4987 est,
3374 4932 3443 4993 et
3481 4929 3537 4993 iu
3564 4921 3693 4986 long-

2134 5000 2326 5053 auimis
2355 5007 2472 5052 esto
2500 5015 2513 5051 :
2542 4997 2669 5052 dum
2701 4995 2860 5067 hodie
2892 4988 3103 5067 quoque
3130 4988 3627 5067 patitur.(_3h_ris_tus,
3654 4998 3701 5067 te

2133 5070 2389 5136 patiente,
2418 5077 2639 5138 pr0pter
2679 5059 2961 5138 Christum
2992 5059 3220 5119 tolerare
3241 5059 3701 5138 _et_Cltristi_mi_ni-

2130 5130 2298 5192 suum
2325 5130 2556 5209 oportei.
2578 5138 2766 5209 Clama
2792 5136 2858 5209 ad
2913 5136 3081 5200 illum,
3111 5142 3167 5188 et
3186 5130 3496 5186 vindictam
3535 5130 3697 5209 faciet,

2130 5209 2236 5262 cito
2263 5198 2649 5265 consummabit
2679 5207 3007 5277 iniquitatem
3046 5198 3409 5277 peccatorum,
3440 5211 3495 5255 et
3523 5198 3699 5277 diriget

2125 5278 2327 5347 justum
2359 5280 2497 5333 Deus
2536 5279 2699 5348 judex
2739 5268 2917 5348 justus
2959 5268 3248 5348 etu'potens
3293 5280 3346 5326 et
3389 5268 3698 5348 longanimis

2132 5343 2352 5424 (Parim.
2381 5351 2433 5424 7.
2467 5343 2579 5415 12};
2610 5343 2927 5420 longanimis
2950 5343 3090 5400 enim
3121 5343 3695 5424 est_et.cunctatur,'ut

2129 5406 2229 5546 iAtos
2272 5420 2340 5476 ad
2382 5406 3015 5492 ipsuui'coni‘ertamur:
3063 5415 3149 5470 cui
3183 5408 3349 5486 gloria
3378 5411 3437 5466 iu
3488 5406 3694 5465 saecula.

2178 5506 2321 5546 men.
