4030 6136
1397 258 1480 311 DE
1522 255 1865 314 FUGIENDA
1911 254 2256 314 SIMUI..\TA
2298 253 2559 311 SPECIE.
3477 249 3573 306 107

2462 451 3367 480 ..ο-...πηνα-κ-ο--Μ-ιισο--ν-...ος
3380 446 3601 473 ῥ--Ξ

748 474 2457 499 ww

1778 628 2179 690 MONITUM.

359 845 417 888 ut
460 842 587 888 sunt
618 826 1031 900 ὲπιμορφάζειν,
1065 820 1385 886 ἀτονιάζειν,
1427 832 1482 877 et
1521 821 1625 877 alia
1672 838 1791 891 quae
1840 831 1917 875 stu

2024 836 2117 873 sus
2164 816 2341 887 quivis
2367 816 2736 887 Chrysostomi
2793 818 2959 871 lector
2989 816 3398 873 animadvertat.
3447 821 3608 880 atque

360 926 504 979 inter
555 922 737 993 spuria
786 921 927 973 hanc
977 913 1257 968 bomiliam
1312 912 1506 966 merito
1544 913 1727 981 jacere
1768 928 1876 965 non
1911 910 2121 965 inficias
2164 908 2283 963 ibit.

429 1012 804 1083 lnterpretatio
843 1011 1030 1065 Latina
1056 1020 1138 1064 est
1166 1009 1456 1063 Frontonis
1494 1008 1694 1063 Ducrei.

391 1203 3483 1234 Wd—

771 1444 866 1497 DE
899 1440 1277 1497 FUGIENDA
1321 1438 1694 1493 SIMULATA
1741 1436 2036 1498 Sl‘IL'CIE,
2084 1433 2170 1488 AC
2216 1434 2515 1489 HINIME
2565 1434 2740 1488 VIL'RA
2771 1477 2784 1501 ,
2831 1434 3177 1492 IIOJIILIA.

422 1833 625 1890 Rursus
678 1836 982 1905 evangelica
1039 1837 1191 1893 nobis
1234 1838 1288 1893 in
1342 1852 1530 1892 manus
1561 1836 1817 1892 sumenda
1845 1848 1924 1893 est

342 1904 491 1971 tuba,
524 1915 575 1959 et
604 1904 991 1961 Domini’vobis
1015 1908 1308 1962 admonitio
1335 1908 1650 1963 enarranda.
1675 1909 1928 1963 Attendite

342 1975 507 2058 enim,
537 1975 785 2058 inquitta
815 1978 961 2058 falsis
992 1979 1283 2058 prophetis,
1314 1980 1400 2049 qui
1442 1981 1651 2058 veniunt
1669 1979 1736 2031 ad
1762 1996 1847 2033 vos
1873 1980 1926 2032 in

340 2046 647 2119 vestimeatis
669 2046 859 2113 ovium,
883 2046 1181 2102 intrinsecus
1206 2046 1374 2103 autem
1393 2061 1509 2119 sunt
1524 2050 1651 2119 lupi
1677 2066 1887 2119 rapaces
1906 2065 1926 2103 :

340 2132 385 2188 ςιΔ
421 2118 667 2185 fructibus
715 2135 887 2172 eorum
938 2120 1245 2188 cognoscetis
1293 2136 1378 2172 eos
1426 2118 1446 2188 (
1479 2118 1668 2172 Matth.
1700 2120 1750 2172 7.
1782 2121 1850 2174 15
1881 2120 1922 2182 ).

340 2184 475 2260 Nam
504 2188 686 2260 exiis,
724 2189 927 2260 qua:_in
954 2184 1068 2243 dies
1086 2197 1373 2260 geruntur,
1402 2184 1597 2260 ubique
1622 2191 1831 2260 species
1850 2191 1924 2244 si-

341 2257 539 2310 mulata
565 2257 999 2330 deprehenditur.
1053 2257 1312 2330 siquidem
1349 2274 1379 2312 a
1431 2257 1721 2330 voluntate
1747 2261 1922 2314 dima-

341 2328 735 2399 nant_actiones
760 2345 773 2387 :
804 2328 1132 2399 voluntatem
1159 2344 1319 2399 porro
1345 2330 1683 2383 venerandus
1712 2329 1924 2385 habitus

340 2411 445 2469 non
478 2397 740 2453 immutat.
776 2400 994 2454 Frustra
1022 2397 1179 2469 igitur
1205 2400 1415 2453 labores
1458 2401 1678 2469 suscipit
1723 2401 1804 2453 vir
1829 2400 1925 2453 do-

338 2467 484 2523 losus
508 2469 647 2539 apttd
676 2470 961 2539 sapientes,
990 2467 1079 2539 qui
1107 2486 1227 2524 eum
1257 2486 1321 2523 ex
1371 2467 1626 2524 fructibus
1670 2470 1923 2540 indagare

341 2548 600 2605 possunt,
647 2551 700 2594 et
726 2541 968 2610 qui.~nam
1000 2541 1068 2594 sit
1100 2554 1424 2609 cognoscere
1451 2540 1729 2609 qualisque
1755 2541 1925 2594 videa-

340 2617 450 2662 tur.
504 2610 641 2676 Quid
675 2610 833 2679 igitur
868 2611 1091 2679 teipsqu
1123 2611 1173 2664 in
1201 2612 1378 2665 alieno
1416 2610 1600 2663 habitu
1631 2612 1870 2665 occultas
1898 2612 1920 2664 ’ἒ

337 2679 475 2745 Quid
502 2681 656 2735 ovina
692 2682 828 2747 pelle
856 2684 1034 2749 lupum
1063 2681 1391 2734 abscondis?
1423 2681 1587 2736 Paulo
1616 2693 1732 2751 post
1764 2698 1919 2736 nam-

337 2766 444 2823 que
478 2760 529 2805 te
574 2752 772 2823 veritas
813 2750 1112 2823 patefaciet,
1142 2760 1195 2805 et
1232 2751 1355 2805 dum
1404 2750 1864 2823 veritatemfugis,
1891 2769 1920 2807 a

337 2821 560 2876 veritate
590 2822 1022 2891 deprehenderis.
1045 2821 1155 2876 Cur
1179 2837 1454 2877 sermones
1485 2838 1591 2885 pra:
1617 2834 1666 2877 te
1686 2821 1790 2877 fers
1824 2824 1918 2877 hu.

339 2892 631 2957 Inauitatis,
664 2908 883 2958 asperos
905 2908 1083 2946 mores
1118 2893 1441 2947 occultans?
1469 2892 1585 2945 Non
1614 2894 1797 2947 latebit
1829 2909 1919 2947 as—

375 2962 537 3015 eritas
563 2972 671 3026 tua,
704 2962 824 3017 licet
853 2964 1140 3017 admodum
1179 2963 1358 3017 suavis
1384 2978 1506 3017 esse
1544 2964 1784 3019 simules.
1815 2964 1922 3019 Cur

358 3032 573 3085 lubitum
599 3033 773 3087 induis
789 3035 1054 3097 amicitim,
1074 3050 1193 3087 eum
1218 3035 1290 3087 sis
1314 3034 1523 3086 hllSltS?
1552 3034 1666 3087 Non
1695 3036 1919 3089 vivimus

335 3102 389 3173 in
422 3103 688 3158 tenebris:
713 3106 965 3173 pateﬁunt
987 3105 1270 3167 occulta,et
1303 3105 1441 3173 quod
1470 3105 1832 3160 abscondebas
1856 3121 1917 3159 o-

337 3172 485 3225 dium
518 3172 864 3241 comperitur.
900 3175 1007 3229 Cur
1043 3172 1332 3228 amicitiam
1361 3174 1622 3227 simulas?
1654 3174 1759 3228 Cur
1785 3176 1918 3230 adu—

340 3243 469 3297 laris
492 3260 612 3297 cum
643 3261 748 3298 non
781 3261 929 3298 ames
955 3246 978 3295 Ἰ
1007 3245 1195 3297 Odium
1242 3243 1425 3297 istha-c
1468 3246 1556 3297 tibi
1588 3247 1755 3313 pariet
1784 3246 1918 3298 adu-

334 3313 480 3375 latio,
512 3323 779 3382 tamquam
807 3316 873 3369 ab
901 3315 1114 3368 inimico
1144 3330 1334 3367 noxam
1362 3315 1613 3376 inferens,
1645 3332 1750 3369 non
1771 3332 1919 3369 eom-

336 3384 555 3437 tnodum
598 3394 656 3437 ut
697 3386 765 3437 ab
794 3385 986 3438 amico.
1036 3384 1248 3438 Laudas
1290 3386 1486 3437 etenim
1513 3385 1671 3439 etiam
1702 3402 1764 3440 ea
1800 3403 1918 3452 qua:

336 3470 494 3521 prava
524 3464 644 3507 sunt
671 3455 1049 3509 asseutalionis
1073 3470 1233 3509 causa
1267 3472 1280 3507 :
1313 3470 1418 3509 non
1448 3465 1530 3508 est
1570 3468 1747 3510 autem
1780 3457 1916 3509 adeo

334 3523 579 3591 stupidus
610 3525 679 3587 is,
731 3527 813 3580 cui
865 3525 1137 3590 adulat-is;
1187 3525 1312 3594 quin
1345 3526 1521 3594 potius
1551 3525 1726 3580 odisse
1759 3526 1920 3581 debet

334 3610 479 3679 cuin,
499 3610 531 3649 a
552 3610 657 3679 quo
689 3605 906 3679 prupter
936 3604 1148 3665 peccata
1161 3597 1444 3679 laudetur.
1472 3596 1728 3679 Ctirjusti
1756 3605 1917 3679 atqtte

338 3667 685 3734 temperantis
712 3666 804 3720 tibi
854 3666 1074 3736 ﬁguram
1122 3667 1353 3736 afliugis,
1389 3682 1510 3719 cum
1539 3667 1592 3721 itt
1623 3667 1917 3722 sceleribus

336 3750 400 3789 ac
446 3736 678 3791 lasciviis
710 3735 1063 3806 perseveres?
1109 3735 1219 3792 Cur
1261 3735 1621 3807 arrogantiam
1669 3739 1812 3792 cultu
1853 3751 1917 3791 ac

339 3820 586 3861 sermone
620 3807 935 3862 humilitatis
967 3808 1204 3874 obvelas,
1230 3817 1282 3862 et
1303 3808 1642 3863 observantia
1668 3808 1917 3863 invidiam

336 3874 683 3947 dissimulas?
714 3876 865 3931 Nihil
902 3878 1035 3931 enim
1063 3888 1135 3933 est
1171 3887 1399 3947 opertum
1423 3920 1437 3941 ,
1460 3878 1596 3947 quod
1638 3896 1739 3932 non
1778 3895 1917 3933 reve-

338 3945 522 4021 labitur
542 3964 561 4001 .'
582 3957 627 4002 et
657 3949 946 4021 occultum,
968 3949 1102 4021 quod
1128 3945 1231 4003 nou
1253 3950 1438 4021 scietur
1453 3945 1677 4021 (Matth.
1691 3949 1780 4021 1ο.
1798 3947 1915 4020 26).

408 4015 606 4102 Italum
622 4028 704 4097 est
724 4018 955 4102 hominis
976 4015 1228 4102 probrum
1250 4015 1627 4102 mendacium:
1654 4015 1916 4102 fugi-auus

336 4086 407 4139 ob
450 4088 784 4158 mendacium
817 4086 1079 4157 objectam
1109 4090 1561 4154 criminationem,
1594 4104 1662 4144 ne
1693 4086 1784 4144 tibi
1816 4090 1917 4158 ipsi

335 4156 479 4225 apud
509 4158 738 4212 amicutn
764 4156 922 4213 ﬁdem
948 4160 1195 4231 deroges,
1222 4171 1284 4231 ut
1318 4176 1387 4215 ne
1417 4170 1527 4214 tum
1554 4176 1766 4231 quoque
1794 4156 1915 4215 cum

341 4240 463 4301 vera
507 4241 713 4301 narras,
746 4245 849 4301 nou
886 4230 1117 4301 amplius
1167 4230 1297 4285 ﬁdes
1342 4232 1641 4286 habeatur:
1681 4230 1802 4285 itam
1829 4232 1917 4301 qui

339 4297 391 4349 in
412 4310 526 4371 uno
545 4296 774 4371 mendax
804 4296 1169 4371 deprehensus
1199 4309 1300 4366 est,
1335 4316 1439 4355 non
1467 4302 1698 4371 amplius
1724 4296 1915 4371 dignus

335 4365 549 4442 cst_cui,
582 4366 709 4421 licet
736 4383 860 4423 vera
876 4365 1084 4442 dicenti
1103 4411 1119 4435 ,
1148 4365 1416 4442 credatur.
1436 4365 1808 4442 _L0q'uijusta',
1838 4373 1919 4425 in-

336 4436 474 4511 quit,
501 4446 548 4491 et
594 4453 819 4511 ueracem
864 4455 988 4511 esse,
1023 4440 1209 4511 plagita
1257 4450 1374 4493 sunt
1422 4436 1551 4494 Deo'
1578 4436 1739 4511 utagis
1764 4460 1917 4511 quam

337 4507 889 4581 hgstiartuusauguid
925 4507 1078 4563 Prov.
1108 4510 1200 4581 21.
1238 4511 1273 4565 5
1300 4511 1339 4579 ).
1368 4512 1594 4581 Donum
1636 4507 1916 4581 acceptum

335 4575 532 4633 oneres
554 4579 663 4634 Deo
690 4620 706 4646 ,
733 4575 895 4634 iidem
924 4596 986 4635 ac
1016 4575 1314 4636 veritatem.
1338 4580 1514 4637 Facile
1546 4581 1639 4634 tibi
1666 4593 1748 4637 est
1768 4575 1918 4637 "alio-

334 4648 462 4717 quin
485 4657 544 4702 ut
571 4664 680 4717 res,
713 4650 786 4704 uti
809 4660 954 4715 sunt,
980 4651 1268 4721 eloquaris,
1291 4667 1397 4706 non
1423 4660 1482 4706 ut
1507 4666 1620 4717 eas,
1645 4668 1763 4721 qua:
1789 4669 1917 4707 nus-

333 4734 497 4788 quam
526 4728 672 4786 sunt,
695 4721 1159 4777 comminiscaris:
1194 4738 1301 4776 non
1331 4723 1475 4778 enim
1504 4722 1770 4778 laborabis
1789 4738 1919 4777 con-

336 4789 557 4864 niteudo
584 4800 768 4864 utpro
794 4791 1016 4848 veritate
1037 4793 1369 4847 mendacium
1397 4792 1725 4864 admittatur,
1746 4809 1917 4864 neque

336 4859 445 4934 ulla
473 4861 614 4934 inure
636 4861 857 4934 fatisces
881 4865 1150 4919 contraria
1182 4864 1275 4919 tibi
1303 4864 1402 4934 ipsi
1435 4863 1701 4934 loquendo
1746 4880 1760 4917 :
1806 4859 1913 4919 non

332 4931 490 5004 euim
505 4932 604 4987 sibi
630 4933 730 5002 ipsi
756 4949 1025 4989 consonus
1051 4945 1133 4989 est
1159 4931 1341 4990 sermo
1362 4931 1609 4989 mendax.
1629 4934 1743 4987 Non
1772 4936 1914 5004 quod

333 5001 795 5076 aliisjtnposueris
815 5005 1098 5076 erubesces
1125 5014 1201 5071 tu,
1229 5007 1316 5076 qui
1346 5006 1620 5060 veritatem
1646 5001 1911 5061 custodis:

299 5070 681 5145 jurejurando
726 5073 830 5129 fide
879 5075 1179 5145 digniorem
1226 5070 1382 5130 amici
1434 5085 1579 5130 tuam
1618 5076 1914 5131 orationem

332 5142 649 5216 censebunt,
676 5160 745 5216 ac
796 5142 1099 5216 testimonio
1125 5146 1313 5216 quovis
1334 5145 1681 5216 jurejurando
1706 5146 1916 5201 ﬁrmato

332 5214 533 5287 certius
563 5214 688 5268 illud
710 5215 860 5287 quod
903 5216 1118 5280 dixeris,
1143 5214 1420 5287 tamquam
1444 5214 1647 5285 justum
1674 5226 1727 5270 et
1756 5218 1911 5270 indu-

335 5283 563 5356 bitatum
603 5285 964 5339 testimonium
1012 5297 1161 5341 tuum
1191 5283 1508 5341 adtitittent:
1541 5287 1906 5356 quandocum-

332 5354 529 5425 quead
562 5356 923 5409 testimonium
957 5356 1242 5411 dicendum
1270 5354 1574 5425 prodieris,
1603 5358 1910 5425 prmclaram

330 5423 549 5494 quidem
580 5425 668 5478 tibi
696 5426 916 5495 gloriam
944 5423 1339 5493 ob,veritateiu,
1372 5423 1707 5482 versantibus
1736 5441 1912 5483 autem

331 5496 386 5549 in
425 5496 660 5568 periequ
686 5497 797 5568 reis
817 5498 1042 5551 salutem
1069 5539 1086 5564 ,
1113 5508 1167 5551 et
1196 5499 1385 5567 injuria
1430 5499 1701 5568 oppressis
1728 5500 1894 5554 utilila

335 5577 442 5620 tem
473 5567 524 5620 in
547 5567 746 5640 judicio
774 5569 1104 5623 coaciliabis.
1130 5569 1288 5622 Labia
1308 5567 1526 5635 veracia,
1555 5571 1746 5640 inquit,
1779 5569 1912 5623 diri-

334 5649 464 5712 gunt
480 5638 1009 5712 gstimouium‘seram
1039 5655 1058 5694 :
1084 5641 1221 5693 testis
1247 5651 1415 5695 autem
1436 5638 1740 5712 iniustorum
1761 5641 1909 5694 dolo-

339 5705 423 5761 sas
445 5705 629 5776 (Prov.
667 5708 752 5763 12.
775 5709 866 5780 19)
898 5728 909 5763 ;
942 5711 1171 5782 benigno
1197 5714 1338 5767 vultu
1386 5723 1437 5769 te
1464 5705 1801 5768 contuebitur
1821 5712 1910 5783 ju-

1944 1648 2013 1659 —

2032 1837 2135 1912 de:
2163 1880 2179 1904 ,
2213 1850 2369 1909 teque
2420 1840 2565 1895 omni
2602 1840 2882 1910 judiciaria
2938 1842 3307 1912 disquisitione
3353 1844 3617 1903 liberabit.

2033 1911 2509 1982 Verumeuimvero
2541 1912 2694 1966 laude
2719 1913 2877 1978 digna
2917 1911 3054 1967 sunt
3082 1915 3220 1982 apud
3257 1915 3421 1970 Deum
3444 1914 3619 1969 humi-

2032 1980 2197 2053 litatis
2238 1992 2383 2053 recte
2426 1984 2584 2045 facta,
2631 1982 2893 2049 siquidem
2945 1980 3162 2053 exsequi
3210 2000 3271 2038 ea
3327 1986 3612 2053 possimus.

2033 2051 2245 2124 Etenim
2284 2052 2432 2105 inulti
2476 2068 2597 2105 cum
2647 2052 2846 2121 aliquid
2899 2053 3022 2107 boui
3051 2051 3277 2123 egerint,
3308 2051 3612 2124 deprimere

2030 2122 2348 2193 semetipsos
2377 2130 2637 2193 conantur
2663 2132 2855 2189 praeter
2870 2124 3037 2193 ipsam
3067 2122 3361 2190 veritatem,
3382 2122 3436 2179 et
3458 2140 3609 2178 men-

2029 2192 2115 2246 tiri
2147 2201 2331 2246 contra
2359 2192 2565 2260 seipsos
2597 2193 2814 2246 malunt.
2842 2192 2909 2247 At
2931 2210 3030 2262 ego
3061 2194 3151 2248 tibi
3177 2194 3407 2256 dico,mi
3429 2194 3618 2260 homo,

2036 2272 2090 2315 tu
2121 2262 2397 2335 humiliter
2420 2276 2515 2335 pro
2544 2262 2619 2335 rei
2647 2263 2871 2335 veritate
2913 2263 2980 2317 de
3017 2272 3069 2318 te
3118 2268 3253 2318 senti
3298 2282 3327 2335 :7
3350 2265 3497 2335 apud
3519 2264 3612 2320 Dei

2028 2346 2190 2402 aures
2207 2331 2425 2402 humilia
2453 2332 2520 2384 de
2546 2333 2716 2400 teipso
2747 2333 2988 2402 loquere,
3011 2335 3147 2389 sicut
3174 2331 3440 2389 Abraham
3466 2333 3615 2390 dice-

2030 2401 2472 2474 imLuEgoautem
2498 2418 2609 2474 sum
2649 2411 2782 2455 terra
2821 2401 2868 2455 et
2882 2403 3017 2474 cinis
3044 2405 3061 2473 (
3084 2402 3211 2458 Gen.
3245 2404 3331 2458 18.
3361 2405 3431 2457 27
3459 2405 3518 2474 ):
3555 2414 3614 2458 ut

2029 2472 2222 2526 Paulus
2248 2472 2477 2543 dicebat,
2508 2469 2620 2541 Ego
2658 2489 2771 2543 sum
2818 2469 3059 2527 minimus
3107 2469 3496 2542 apostolorum,
3520 2475 3607 2543 qui

2028 2559 2129 2614 uon
2147 2559 2266 2614 sum
2292 2542 2485 2614 dignus
2505 2542 2675 2614 vocari
2703 2544 2985 2614 apostolus,
3006 2544 3123 2610 quia
3154 2553 3479 2614 persequutus
3500 2542 3614 2597 sum

2028 2612 2309 2667 Ecclesium
2344 2611 2437 2665 Dei
2468 2613 2486 2681 (
2512 2614 2560 2665 l.
2586 2612 2705 2666 Cor.
2740 2611 2827 2666 15.
2857 2612 2913 2668 9.
2946 2614 3033 2677 10)
3061 2632 3074 2668 :
3104 2611 3290 2669 rursus
3309 2611 3489 2668 autem
3518 2629 3610 2668 ve-

2027 2686 2237 2738 ritatem
2274 2684 2623 2751 proloquutus
2643 2683 2871 2751 adjecit,
2906 2682 3087 2737 Gratia
3113 2694 3280 2737 autent
3314 2682 3407 2736 Dei
3426 2700 3538 2738 sum
3559 2684 3613 2737 id

2024 2754 2178 2825 quod
2203 2770 2336 2807 sum.
2368 2752 2459 2825 llis
2490 2755 2667 2823 itaque
2695 2754 2774 2807 sic
2802 2753 2868 2808 ad
2897 2754 3192 2808 doetriuam
3216 2764 3449 2825 nostram
3482 2769 3609 2822 pro-

2028 2824 2233 2893 positis,
2266 2824 2565 2877 simulatam
2596 2827 2827 2891 Speciem
2875 2825 3017 2877 omui
3055 2840 3118 2879 ex
3151 2834 3300 2893 parte
3326 2824 3608 2894 fugiamus.

2026 2897 2133 2949 Cur
2172 2894 2567 2964 nobismetipsis
2601 2894 2773 2947 larvas
2826 2896 3309 2964 circumprmimus,
3332 2895 3612 2964 cumtales

2026 2980 2130 3019 nun
2162 2966 2326 3018 simus
2351 2963 2535 3032 quales
2560 2980 2656 3016 nos
2680 2963 3170 3030 0steutamus,dutu
3191 2972 3368 3018 vestes
3394 2963 3605 3032 quidem

2024 3036 2090 3089 ad
2116 3046 2309 3089 terram
2353 3032 2610 3087 trahimus
2665 3034 2715 3086 iu
2761 3034 2941 3087 habitu
2985 3044 3287 3087 sanctorum
3317 3074 3332 3097 ,
3376 3034 3613 3087 uici-ibus

2023 3116 2200 3160 autem
2224 3104 2426 3160 efferati
2458 3146 2470 3166 ,
2518 3119 2766 3158 sermone
2813 3106 3024 3173 quidem
3066 3116 3119 3159 et
3169 3103 3604 3173 amictu'saucti,

2022 3177 2203 3230 animo
2230 3191 2357 3229 vero
2396 3184 2450 3228 et
2498 3174 2749 3242 operibus
2798 3172 3120 3227 iuhuinani?
3161 3174 3276 3227 Non
3305 3172 3534 3242 vestitus
3554 3173 3605 3225 iu

2024 3262 2247 3315 regnum
2277 3241 2848 3315 caelorumintroducit
2872 3286 2885 3309 ,
2914 3246 3006 3299 sed
3050 3259 3209 3315 opera
3228 3243 3471 3315 justitiai.
3491 3241 3606 3315 Non

2024 3312 2108 3369 ita'
2126 3315 2345 3382 aspiciet
2392 3314 2550 3368 homo
2574 3356 2589 3379 ,
2625 3322 2682 3367 ut
2724 3315 2945 3381 ειειιίρὶθι
2976 3312 3118 3369 Deus
3149 3331 3160 3366 :
3196 3313 3357 3367 homo
3387 3312 3601 3382 quidem

2024 3388 2076 3439 in
2109 3385 2294 3439 faciem
2321 3386 2572 3454 aspiciet:
2604 3386 2742 3439 Deus
2767 3394 2943 3439 autem
2969 3385 3189 3451 aspiciet
3208 3384 3274 3454 aid
3298 3398 3410 3454 cor.
3442 3382 3606 3454 Scru-

2026 3466 2141 3510 tans
2169 3456 2335 3517 enim,
2366 3450 2553 3524 inquit,
2587 3456 2740 3508 corda
2769 3466 2815 3508 et
2854 3472 2998 3509 renes
3027 3450 3165 3508 Deus
3189 3452 3362 3521 (Psul.
3392 3453 3443 3507 7.
3474 3450 3601 3524 10),:

2023 3535 2081 3581 et
2108 3535 2325 3596 propter
2351 3523 2471 3596 emit
2500 3526 2589 3594 qui
2620 3528 2783 3589 venit,
2818 3535 2875 3579 ut
2898 3527 3109 3593 colligat
3148 3525 3426 3596 hominum
3455 3523 3603 3596 cogi-

2024 3592 2252 3650 tationes
2281 3615 2293 3649 :
2320 3592 2679 3650 Omniaﬁeuim
2711 3597 2849 3649 nuda
2873 3606 2990 3649 sunt
3019 3592 3065 3649 et
3087 3606 3271 3665 aperta,
3292 3592 3455 3665 oculis
3474 3593 3605 3665 ejus.

2025 3666 2147 3736 Non
2175 3677 2246 3720 est
2294 3668 2377 3735 qui
2432 3683 2483 3736 se
2511 3665 2787 3720 abscondat
2810 3667 3038 3721 ιιι-αλονε
3065 3663 3173 3736 ejus
3201 3664 3385 3734 (Hebr.
3411 3665 3466 3717 4.
3492 3663 3561 3717 15
3590 3678 3606 3727 ;

2027 3735 2170 3791 Psal.
2206 3737 2292 3792 18.
2312 3737 2391 3807 7).
2417 3735 2605 3792 Veniet
2637 3746 2845 3805 tempus
2869 3753 2997 3807 cum
3026 3735 3123 3790 hac
3147 3737 3355 3803 abjecta
3381 3747 3606 3807 persona

2023 3809 2197 3863 nudus
2228 3806 2547 3876 reperieris,
2574 3817 2793 3877 tumque
2824 3817 2883 3861 ut
2924 3806 3097 3877 Adam
3146 3818 3267 3876 post
3320 3806 3524 3875 lapsum
3552 3806 3604 3859 iu

2021 3888 2316 3947 conspectu
2348 3877 2439 3932 Dei
2468 3876 2726 3946 apparere
2766 3888 2823 3947 te
2871 3876 3146 3947 pudebit;
3194 3877 3471 3947 illicienim
3499 3891 3604 3947 non

2017 3948 2129 4018 jam
2157 3945 2370 4003 habitus
2396 3945 2653 4014 quairitur
2677 3987 2691 4010 ,
2732 3946 2827 4018 sed
2850 3945 3051 4018 opera.
3091 3945 3223 4018 Nam
3251 3946 3361 4018 ubic
3388 3945 3605 4018 quidem

2021 4015 2392 4089 si-penumero
2417 4018 2671 4089 fallimus,
2694 4026 2744 4070 et
2777 4016 3027 4071 iudicium
3054 4016 3294 4089 erimiuis
3316 4015 3601 4081 evitamus,

2021 4100 2077 4145 et
2101 4085 2386 4144 venerandi
2420 4088 2628 4157 habitus
2645 4101 2803 4140 causa
2822 4096 3088 4157 tamquam
3111 4085 3240 4157 justi
3261 4100 3604 4155 apparentes,

2022 4174 2088 4215 ac
2111 4172 2481 4228 smpeuumero
2506 4155 2688 4211 felices
2715 4155 3072 4228 prmdicaiuur
3099 4172 3112 4208 ε
3148 4156 3255 4210 illic
3282 4165 3461 4209 autem
3491 4171 3599 4209 non

2019 4231 2128 4299 jam
2157 4226 2389 4303 amplius
2414 4228 2542 4303 iicet
2566 4226 2842 4303 imponere
2872 4245 2885 4282 :
2920 4226 3030 4303 iilic
3054 4241 3217 4295 opera
3236 4235 3549 4303 qia-uruntur
3576 4265 3595 4291 ,

2022 4295 2128 4355 non
2151 4295 2264 4368 jani
2305 4298 2517 4353 habitus
2556 4295 2910 4368 venerabilis;
2940 4298 3047 4351 imo
3084 4311 3212 4351 vero
3240 4295 3429 4368 tiiajori
3472 4309 3601 4368 sup-

2022 4365 2181 4440 plicio
2205 4384 2269 4425 ac
2293 4369 2631 4440 damnatione
2658 4367 2975 4436 plectemur,
3021 4368 3066 4421 si
3098 4365 3456 4440 venerabilem
3481 4366 3599 4434 qui-

2021 4438 2143 4496 dem
2164 4438 2819 4509 honestumquehabitum
2849 4438 3260 4509 gestaverituus,
3292 4450 3390 4509 uec
3419 4443 3598 4489 tamen

2022 4511 2232 4567 habitus
2258 4525 2421 4579 Opera
2454 4506 3019 4578 perfecerimuszudi
3046 4507 3113 4562 de
3141 4506 3342 4562 ludatis
3370 4506 3598 4575 loquen-

2025 4592 2130 4638 tem
2153 4582 2503 4643 Salvatorem,
2532 4580 2625 4635 sed
2652 4580 2951 4634 doctrinam
2981 4593 3100 4649 qure
3126 4592 3224 4649 nos
3244 4585 3449 4649 spectat
3480 4592 3603 4649 pro-

2020 4653 2281 4707 ferentem
2315 4668 2329 4705 :
2373 4650 2603 4705 Dilataut
2623 4650 2764 4705 enim
2793 4650 2961 4719 inquit
2988 4645 3014 4716 ,’
3033 4645 3303 4719 ﬁmbrias]
3330 4657 3378 4719 et
3405 4645 3601 4719 iu_plu_-

2024 4724 2116 4777 teis
2136 4732 2285 4797 orant
2304 4731 2370 4797 _ut
2394 4721 2685 4797 hontinibus
2702 4721 2831 4797 justi
2855 4715 3159 4797 uideantur}
3190 4716 3378 4771 Matth.
3409 4715 3513 4797 .23.
3544 4715 3599 4770 5.

2020 4805 2065 4847 et
2094 4811 2139 4847 ο.
2169 4795 2223 4849 6.
2252 4793 2322 4864 5)
2355 4792 2445 4864 :bi
2472 4808 2599 4846 vero
2619 4792 2883 4864 accipient
2901 4791 3296 4864 damnationem
3319 4791 3599 4864 majorem.

2022 4856 2312 4919 Desideras
2330 4863 2565 4917 habitum
2592 4856 2976 4929 venerandum,
3003 4870 3058 4915 et
3083 4856 3474 4913 Cbristianismi
3506 4872 3602 4910 no-

2021 4952 2142 4989 men
2170 4933 2440 5003 expetisti.
2471 4934 2547 4988 Ne
2579 4933 2665 4988 hic
2708 4942 2912 4987 tantum
2939 4928 3223 5003 consistas,
3251 4928 3345 4984 sed
3376 4942 3599 5003 operum

2020 4998 2347 5060 exhibitione
2368 5004 2450 5058 fac
2476 5017 2767 5074 appareant
2790 5003 3073 5072 promissa,
3087 5000 3276 5070 quibus
3296 4998 3601 5074 t_e__ob_strin-

2020 5076 2167 5129 xisti.
2198 5076 2305 5131 Cur
2328 5074 2393 5129 ad
2428 5068 2746 5143 promissum
2776 5068 2835 5128 es
2867 5068 3124 5142 praaeeps,
3148 5084 3272 5125 cum
3311 5068 3444 5125 illud
3470 5083 3599 5137 ope-

2025 5146 2174 5201 ribus
2221 5162 2325 5200 uon
2363 5142 2698 5200 confirmes?
2736 5144 2958 5211 Oportet
2978 5142 3138 5212 igitur
3181 5150 3236 5212 et
3282 5148 3440 5212 caute
3474 5146 3596 5193 vota

2020 5231 2330 5285 nuncupare
2361 5256 2377 5281 ,
2408 5224 2463 5270 et
2516 5209 2799 5286 diligenter
2846 5209 3079 5286 debitum
3124 5211 3233 5265 voti
3267 5209 3593 5286 persolvere.

2029 5278 2215 5341 Voveté
2229 5278 2455 5355 namque
2475 5295 2519 5339 et
2540 5278 2732 5339 reddite
2749 5284 2968 5337 Domino
2997 5281 3105 5355 Deo
3127 5278 3288 5355 vestra
3311 5278 3594 5355 (Psal._75.

2022 5358 2087 5412 t2
2116 5361 2132 5429 )
2170 5376 2183 5413 :
2214 5349 2395 5412 sancta
2421 5357 2828 5429 conversatione
2854 5370 2973 5429 cum
3007 5353 3095 5407 illo
3119 5349 3461 5429 conjungere,
3490 5349 3592 5429 hoc

2016 5420 2351 5494 est'corpore
2406 5438 2460 5481 et
2486 5428 2696 5495 spiritu,
2730 5437 2784 5481 et
2834 5428 3008 5479 anima
3057 5442 3087 5495 :7
3122 5423 3253 5476 nihil
3307 5420 3589 5495 subtrahas

2016 5500 2084 5554 de
2117 5492 2603 5567 promissione.'ne
2631 5499 2817 5553 eadem
2855 5497 2946 5550 tibi
2985 5494 3257 5567 accidant,
3287 5492 3587 5567 qua:_Ana-

2019 5562 2130 5625 nine
2153 5578 2206 5622 et
2254 5567 2551 5637 Sapphirre.
2604 5569 2679 5622 Illi
2708 5569 2848 5623 enim
2880 5582 3000 5622 cum
3025 5565 3094 5619 de
3124 5564 3297 5634 pretio
3325 5562 3436 5632 agri
3461 5577 3583 5630 pro-

2019 5641 2164 5695 missi
2208 5638 2577 5703 fraudassent,
2612 5648 2782 5694 morte
2814 5638 2978 5707 puniti
3009 5644 3155 5700 sunt,
3182 5643 3357 5707 etunos
3383 5641 3589 5707 oportet

2018 5712 2116 5766 ista
2135 5708 2501 5766 reformidare.
2521 5702 2974 5765 Seiendutn'enim
3003 5717 3085 5763 est
3111 5720 3207 5762 nec
3244 5702 3588 5776 iguoraudum
