4030 6136
228 252 361 306 1077

223 369 354 424 dixit
376 367 504 422 Jcsu
552 383 569 419 τ
615 364 736 419 Non
775 381 888 420 sum
931 364 1114 433 dignus
1167 373 1220 416 ut
1276 363 1434 416 intres
1481 361 1571 415 sub
1601 369 1804 433 tectum

223 455 426 501 meum;
452 437 540 490 sed
565 437 647 489 die
677 438 961 495 verbum,et
983 429 1241 488 iiunabitur
1273 449 1398 502 puer
1424 448 1562 485 meus
1589 429 1804 502 (Matth.

221 511 278 565 8.
307 509 407 578 8)?
435 508 502 561 Et
530 506 824 561 admiratus
862 506 1018 578 Jcsus
1057 505 1187 578 dicit
1216 523 1242 578 εΔ
1259 501 1416 578 Amen
1429 518 1645 578 _,__an_ten
1695 501 1808 578 dico

224 569 382 644 vobis,
410 595 509 632 non
537 579 701 632 inveni
723 587 914 629 tantam
940 575 1092 644 ﬁdem
1130 575 1182 628 in
1217 573 1383 644 Israel
1420 571 1664 644 (Ibidtv.

227 655 307 702 An
338 642 521 703 nocuit
546 648 622 702 illi
652 648 879 700 militia?
907 642 1011 700 Sed
1043 647 1160 715 quis
1188 661 1248 700 es
1277 643 1370 698 tu?
1391 660 1457 697 an
1500 642 1714 711 opifex?
1744 643 1810 695 Et

231 721 423 774 Paulus
451 729 582 780 erat,
636 719 725 786 qui
759 726 1035 786 postquam
1075 716 1343 770 Ecclesias
1395 715 1804 786 devastaverat2

226 794 320 844 t'uit
348 781 669 858 prmdicator
691 781 1060 857 ctapostolus.
1088 786 1218 858 (Sed
1249 786 1364 854 quis
1391 785 1488 839 es?
1517 797 1583 836 an
1609 783 1759 858 dives
1785 781 1809 835 ?

227 853 496 914 Abraham
545 873 756 928 quoque
793 853 943 913 dives
967 899 982 920 ,
1011 857 1100 927 qui
1131 853 1314 928 habuit
1341 871 1560 909 uxorem
1593 863 1647 907 et
1675 853 1810 907 libe-

227 945 336 985 ros.
373 929 442 983 Et
472 926 708 994 credidit,
751 929 944 998 inquit,
977 929 1234 981 Abraham
1260 926 1399 989 Deo,
1437 936 1484 998 et
1522 932 1811 998 reputatum

226 1012 297 1054 est
337 1002 414 1054 illi
456 1003 524 1053 ad
554 1001 810 1071 justitiam
828 994 861 1070 ’(
883 999 1010 1071 Gen.
1045 1001 1132 1054 15.
1161 998 1239 1071 ti),
1283 1005 1338 1052 et
1359 996 1561 1049 amicus
1588 994 1677 1071 Dei
1718 1009 1812 1071 vo:

226 1080 378 1126 catus
404 1079 506 1126 est.
538 1064 618 1124 Ᾰιι
667 1064 951 1125 obfuerunt
979 1070 1052 1124 illi
1089 1064 1306 1130 divitire,
1337 1083 1470 1120 uxor
1495 1074 1585 1118 aut
1616 1064 1811 1118 liberi?

226 1141 365 1196 Num
417 1142 704 1196 exeusandi
758 1142 929 1195 locum
980 1139 1188 1194 habes?
1217 1139 1356 1194 Ecce
1405 1138 1502 1190 tria
1557 1136 1643 1188 illa
1691 1151 1812 1202 quae

229 1212 520 1282 pra-tendis
550 1213 636 1265 ille
661 1211 843 1265 habuit
871 1229 885 1278 ;
915 1226 1134 1265 uxorem
1156 1223 1358 1282 nempe
1386 1248 1401 1273 ,
1433 1207 1569 1282 ii‘lios
1595 1214 1649 1259 et
1679 1205 1814 1258 divi-

229 1278 348 1336 iias.
381 1287 449 1336 At
487 1284 606 1350 quis
635 1298 692 1336 es
721 1285 813 1335 tu?
841 1299 905 1334 an
946 1281 1172 1336 servus?
1200 1280 1266 1334 Et
1314 1278 1596 1350 Onesimus
1626 1289 1813 1350 servus

233 1363 352 1406 erat
395 1345 787 1421 :scribensque
832 1353 1027 1406 Paulus
1067 1349 1365 1406 Philemoni
1405 1349 1536 1402 dicit
1561 1365 1590 1421 _:
1617 1345 1808 1421 ,θηρᾷ-τ

229 1440 388 1482 mum,
419 1426 504 1487 qui
535 1424 655 1476 olim
682 1414 875 1476 inutilis
905 1433 1042 1487 erat,
1073 1438 1205 1475 nunc
1227 1431 1395 1473 autem
1430 1429 1475 1472 et
1504 1416 1628 1470 mihi
1655 1427 1698 1469 et
1726 1414 1814 1487 tibi

229 1494 370 1546 utilis
392 1485 636 1554 (Philem.
670 1495 783 1563 il).
816 1494 946 1559 Quis
973 1485 1183 1562 inquam
1212 1490 1306 1563 es?
1333 1507 1472 1563 nunt
1487 1488 1620 1563 rex?
1648 1485 1813 1541 David

229 1566 391 1619 etiam
422 1580 510 1617 rex
562 1575 679 1618 erat
709 1559 812 1617 :ct
855 1559 1126 1632 ingressus
1167 1562 1231 1615 ad
1272 1559 1814 1632 eum_N:itban__pro-

231 1635 412 1704 pheta,
454 1634 628 1702 arguit
672 1650 792 1688 cum
843 1626 1159 1702 de'peccato
1197 1631 1338 1702 quod
1390 1629 1612 1704 fecerat.
1647 1626 1816 1704 Num-3

230 1696 357 1773 quid
401 1696 748 1774 tyrannidem
793 1705 844 1758 iu
877 1696 1024 1758 illum
1075 1719 1168 1758 rex
1215 1696 1503 1757 exercuit?
1549 1696 1815 1774 Numquid

231 1769 415 1828 etintra
435 1769 759 1844 prophetam
792 1777 1108 1829 sententiam
1138 1774 1393 1844 protulit?
1425 1773 1613 1844 Anuo_n
1645 1769 1728 1844 vel
1761 1769 1814 1844 in

233 1860 397 1915 regno
437 1839 649 1899 servum
680 1860 737 1899 se
769 1844 1032 1898 fatebatur
1056 1839 1283 1915 dic-eus,
1318 1843 1526 1915 Peccavi
1553 1841 1769 1915 potuine
1791 1839 1817 1893 ?

231 1910 583 1985 Et'propheta
617 1915 803 1971 videns
835 1916 1196 1984 paenitentiam
1241 1914 1373 1982 ejus,
1404 1913 1538 1985 dixit
1562 1913 1675 1985 illi:
1701 1910 1814 1985 l_)_o-

231 1981 396 2038 minus
424 1981 678 2039 transtulit
703 1981 960 2055 peccatum
1003 1995 1144 2038 tuum
1171 1986 1240 2054 (‘2.
1272 1981 1400 2051 Reg.
1446 1983 1530 2037 1‘2.
1715 1981 1819 2035 Vc-

232 2056 317 2109 lox
365 2053 711 2125 paenitentia,
737 2057 969 2111 velocior
983 2053 1322 2110 comlonatio.
1352 2053 1615 2122 Numquid
1634 2066 1816 2106 secum

232 2127 494 2195 reputavit
517 2142 577 2181 se
606 2142 785 2195 regem
808 2142 950 2193 esse,
981 2142 1043 2180 ac
1072 2127 1204 2180 dixit
1237 2142 1252 2179 ε
1285 2125 1397 2178 Rex
1419 2140 1558 2188 sum,
1585 2136 1814 2192 purpura

234 2197 451 2252 indutus
477 2239 494 2263 ,
538 2212 603 2252 ac
649 2197 954 2252 diademate
1007 2197 1330 2251 redimitus:
1362 2208 1526 2264 penes
1564 2209 1650 2247 me
1692 2201 1817 2246 sunt

234 2283 412 2332 arcus,
465 2269 692 2336 sagittze,
734 2277 906 2332 scuta,
957 2268 1143 2337 galea},
1171 2268 1384 2330 milites,
1437 2265 1733 2337 satellites;
1763 2271 1818 2316 et

233 2339 374 2391 hunc
401 2334 684 2406 pauperem
717 2339 933 2400 timebo,
959 2334 1056 2392 nec
1077 2338 1313 2391 occidam
1333 2351 1478 2401 eum,
1509 2335 1615 2388 imo
1641 2334 1814 2402 ipsum

233 2406 440 2461 feram?
477 2408 615 2462 Nihil
662 2407 853 2462 horum
884 2409 1058 2462 dixit:
1091 2409 1183 2461 sed
1237 2407 1446 2460 etiamsi
1499 2421 1593 2459 rex
1635 2411 1811 2466 esset,

233 2479 438 2532 sciebat
484 2495 543 2533 se
571 2495 841 2548 peccasse,
870 2479 1098 2548 ideoque
1125 2477 1490 2548 pmnitentiam
1518 2471 1816 2548 egit,_quod

230 2563 392 2616 grave
419 2543 689 2617 peccatum
708 2550 855 2603 novit
878 2564 935 2603 se
956 2543 1166 2603 fecisse.
1195 2547 1460 2616 Numquid
1483 2546 1534 2617 ci
1562 2543 1704 2612 regia
1731 2543 1816 2617 di:

232 2610 404 2690 gnitas
419 2610 814 2690 impedimento
855 2619 990 2690 fuit?
1038 2618 1141 2673 Sed
1172 2619 1288 2688 quis
1312 2610 1366 2670 tu
1400 2616 1498 2672 es?
1542 2610 1816 2690 aii—puer?

233 2684 362 2742 Erat
382 2684 592 2759 quoque
622 2705 754 2759 puer
781 2689 986 2756 Daniel,
1018 2691 1109 2759 qui
1136 2684 1351 2743 leonum
1382 2702 1475 2742 ora
1505 2684 1774 2759 obturavit
1797 2723 1813 2747 ,

231 2755 520 2815 draconem
572 2755 802 2831 disrupit
828 2801 843 2825 ,
892 2769 946 2814 et
974 2755 1086 2814 ’B'el
1136 2759 1415 2821 subvertit,
1448 2759 1535 2826 qui
1575 2755 1818 2831 seniores

229 2832 635 2894 condemnavit,
663 2828 1048 2886 et'Susaunam
1088 2830 1369 2884 liberavit:
1404 2839 1669 2897 tantazque
1704 2828 1812 2883 vir-

231 2902 330 2953 tuti
356 2901 663 2971 impcrfccta
694 2914 824 2956 anas
869 2919 975 2954 non
1020 2903 1208 2956 obfuit.
1239 2904 1306 2954 At
1336 2901 1457 2970 quid
1489 2901 1589 2954 es?
1617 2914 1682 2951 an
1707 2899 1814 2971 fra-

232 2982 370 3024 trum
399 2968 648 3025 ainator?
675 2973 820 3026 Talis
849 2983 902 3027 et
929 2971 1128 3042 Josepb
1155 2971 1270 3036 fuit,
1299 2968 1387 3041 qui
1419 2979 1671 3042 quantam
1699 2968 1818 3042 phif

230 3042 528 3110 losopliiam
560 3041 832 3108 exhibuit,
867 3055 921 3098 et
966 3038 1214 3110 quantam
1247 3038 1627 3095 continentiam
1675 3038 1816 3107 apud

229 3111 578 3183 [Egyptian]?
613 3113 822 3168 Vestem
873 3129 1023 3168 suam
1051 3113 1230 3177 scidit,
1260 3113 1353 3166 sed
1383 3112 1542 3183 iidem
1570 3126 1674 3164 non
1702 3111 1814 3183 vio-

230 3181 379 3246 lavit,
428 3183 809 3252 impudentiam
847 3184 1087 3238 mulieris
1124 3184 1268 3246 vicit,
1323 3181 1813 3249 concupiscentiam

231 3269 336 3306 non
363 3253 594 3307 satiavit.
623 3255 705 3307 An
733 3255 886 3309 vidua
909 3253 1000 3310 es?
1029 3255 1152 3307 Erat
1174 3263 1229 3307 ct
1257 3253 1474 3306 Sidonia
1495 3252 1670 3315 vidua,
1695 3265 1814 3320 qua:

231 3323 432 3377 lleliam
461 3324 770 3392 prophetam
795 3326 1048 3390 suscepit,
1078 3334 1131 3376 et
1155 3324 1297 3391 pavit
1327 3339 1460 3391 pane
1501 3332 1552 3375 et
1575 3338 1732 3390 aqua,
1761 3329 1815 3392 et

228 3391 501 3448 auctorem
532 3391 689 3448 famis
718 3410 823 3448 non
854 3393 1102 3448 labefecit
1125 3394 1309 3448 fames.
1339 3397 1420 3446 An
1445 3394 1692 3446 meretrix
1723 3391 1813 3446 es?

232 3465 357 3519 Erat
386 3476 438 3518 et
465 3464 672 3530 ltahab,
711 3480 830 3534 quae
867 3466 1232 3533 exploratores
1261 3463 1564 3528 occultavit,
1595 3471 1650 3516 et
1691 3477 1813 3516 cum

232 3536 323 3590 lilii
368 3535 527 3589 Israel
561 3543 757 3588 terram
801 3535 1172 3606 promissionis
1217 3534 1574 3606 accepissent,
1603 3542 1812 3606 servata

230 3617 312 3659 cst
355 3606 468 3675 ipsa
514 3622 633 3658 cum
665 3604 825 3659 domo
867 3614 922 3659 et
948 3621 1143 3674 genere
1173 3620 1288 3658 suo.
1321 3604 1424 3659 Sed
1451 3605 1578 3673 quid
1608 3605 1706 3657 es?
1744 3619 1810 3675 an

229 3674 469 3744 pauper?
517 3677 724 3746 Pauper
765 3692 975 3745 quoque
1027 3676 1283 3730 Lazarus.
1339 3675 1406 3729 Et
1443 3686 1694 3744 quantam
1725 3674 1813 3730 illc

229 3746 618 3815 philosophiam
662 3756 715 3799 et
743 3748 1047 3815 patientiam
1079 3746 1338 3806 exhibuit,
1373 3761 1468 3799 nec
1497 3755 1691 3798 tantam
1721 3761 1814 3799 ne-

226 3819 526 3870 ccssi-atcm
585 3817 799 3886 indigne
864 3818 1021 3871 tulit?
1066 3817 1170 3870 Sed
1199 3817 1360 3886 quid?
1402 3819 1480 3869 Au
1531 3816 1811 3870 mulierum

224 3903 411 3940 amans
448 3888 547 3942 es?
586 3889 730 3942 'l‘alis
757 3897 870 3942 erat
904 3898 958 3942 ct
1012 3888 1297 3955 Sampson.
1351 3886 1450 3954 Qui
1482 3887 1656 3940 liccta
1689 3902 1810 3940 mu-

227 3958 360 4010 liere
393 3961 629 4026 proditus
674 3960 762 4021 sit,
793 3959 887 4014 sed
919 3961 1019 4014 hoc
1049 3959 1120 4012 illi
1156 3959 1298 4012 Deus
1321 3957 1609 4022 concessit,
1640 3966 1698 4008 ut
1743 3971 1804 4012 se

224 4028 295 4081 de
337 4029 647 4098 alienigenis
671 4029 1038 4083 ulcisceretur.
1093 4029 1198 4083 Sed
1243 4029 1369 4098 quid
1396 4031 1579 4082 eslan
1624 4042 1812 4082 amans

224 4099 454 4172 liliorum
474 4097 672 4172 ?Talis_
689 4111 804 4172 erat
829 4111 883 4154 et
910 4097 1527 4172 Jacob.i[Scditentaris,
1555 4099 1800 4172 tentaba-f

224 4179 312 4241 tur
335 4179 390 4223 et
412 4169 525 4241 Joh
549 4168 675 4241 (a).‘]
708 4171 861 4224 \‘ides
887 4180 1017 4240 quot
1043 4168 1266 4225 salutem
1295 4171 1607 4241 consequuti
1648 4169 1810 4222 sunt?

225 4239 408 4293 Ilabes
460 4239 672 4292 fidem?
709 4239 911 4293 omnia
939 4241 1103 4294 habes
1135 4258 1148 4293 :
1178 4257 1286 4294 non
1329 4241 1495 4294 habes
1544 4239 1700 4293 fidem
1755 4249 1810 4293 et

222 4325 444 4379 regnum
490 4310 735 4362 obtines?
790 4309 928 4363 Niltil
1001 4320 1054 4363 te
1108 4309 1259 4378 juvat
1307 4324 1549 4379 regnum.
1615 4309 1808 4364 Verum

223 4378 330 4434 non
385 4395 502 4432 sum
565 4378 810 4448 promissi
890 4381 1190 4432 immemor.
1258 4378 1474 4435 Vocatus
1526 4388 1597 4433 est
1650 4381 1810 4449 igitur

221 4449 375 4504 Jesus
407 4451 475 4502 ad
504 4449 725 4518 nuptias.
757 4450 885 4503 Cum
927 4449 1229 4503 advenisset
1252 4459 1428 4503 autem
1448 4490 1464 4512 ,
1493 4451 1671 4503 vinum
1701 4466 1807 4504 non

229 4521 519 4575 habebant.
578 4519 713 4574 Dicit
763 4521 810 4573 ci
845 4519 1008 4573 Mater
1051 4520 1167 4586 ejus
1193 4561 1208 4586 ,
1269 4518 1451 4573 Vinum
1479 4536 1578 4572 non
1605 4521 1804 4573 habent.

224 4591 358 4644 Dicit
408 4593 452 4643 ei
494 4589 645 4645 Jesns
676 4606 694 4643 :
733 4589 910 4655 Vade,
965 4589 1164 4654 mulier,
1218 4591 1440 4643 nondum
1496 4591 1626 4642 venit
1682 4592 1808 4645 liora

220 4680 352 4714 mea.
413 4661 482 4715 Et
537 4678 657 4732 cum
700 4660 804 4716 hoc
839 4661 1063 4715 dixisset
1086 4659 1244 4732 ,Iesus
1273 4663 1349 4715 ait
1394 4658 1659 4732 :_Implcte
1712 4663 1809 4732 Ity-

220 4733 362 4786 drias
382 4750 513 4802 aqua
542 4731 742 4804 (Joan.
776 4732 831 4785 2.
865 4733 918 4786 '5.
945 4748 1050 4801 sqq.
1083 4728 1156 4804 );_
1183 4740 1238 4786 et
1303 4730 1659 4804 impleverunt
1707 4728 1808 4804 hir-

219 4805 367 4857 drias
419 4801 586 4872 aqua,
639 4812 693 4856 ct
721 4803 839 4856 fecit
889 4801 1089 4872 aquam
1109 4801 1310 4856 vinum.
1357 4801 1463 4856 Cur
1487 4801 1619 4854 dixit
1651 4820 1663 4856 :
1698 4801 1808 4856 Im-

219 4875 351 4943 plete
405 4874 610 4944 hydrias
643 4875 815 4941 aqua?
857 4876 936 4926 An
981 4873 1025 4927 is
1087 4873 1177 4942 qui
1217 4873 1597 4944 verbocmlum
1644 4872 1804 4937 fecit,

215 4955 270 4999 et
302 4943 496 4997 terram
525 4944 760 4997 fundavit
781 4985 794 5003 ,
824 4955 878 4998 et
906 4944 1081 4997 omnia
1112 4959 1233 5013 quae
1269 4946 1320 4997 in
1352 4943 1430 4998 eis
1467 4953 1623 5004 sunt;
1655 4945 1806 5011 cujus

214 5025 466 5084 aspectus
490 5013 711 5086 arefacit
734 5015 957 5086 abyssos
975 5056 989 5080 ,
1021 5029 1182 5084 quem
1204 5017 1360 5086 timet
1385 5030 1452 5086 ac
1478 5014 1656 5086 tremit
1685 5030 1806 5068 om-

215 5087 302 5141 nis
331 5096 572 5140 crcatura
611 5084 900 5139 cadestium
927 5127 942 5152 ,
977 5085 1306 5139 terrestrium
1351 5095 1404 5139 et
1441 5084 1801 5152 inferuerunt,

214 5171 323 5213 non
355 5165 568 5224 poterat
606 5157 820 5226 hydrias
848 5157 1012 5209 verbo
1039 5156 1302 5226 implere?
1327 5155 1430 5210 Sed
1457 5156 1586 5210 dicit
1620 5173 1634 5208 :
1665 5156 1806 5210 Hau.

213 5230 318 5282 rite
355 5243 568 5296 aquam.
609 5225 981 5296 Quare?Ego
1020 5225 1192 5280 dicam
1239 5243 1252 5280 :
1298 5235 1355 5292 ut
1396 5226 1442 5280 si
1488 5237 1801 5296 negassent,

215 5295 452 5368 ipsorum
476 5313 683 5360 manus,
707 5312 823 5366 qua:
846 5295 1152 5368 hauserant,
1176 5305 1230 5350 et
1248 5295 1481 5368 humeri,
1500 5295 1590 5366 qui
1610 5313 1802 5367 aquam

212 5365 552 5452 gestaverant
576 5409 590 5432 ,
634 5365 778 5452 ipsas
817 5366 1216 5452 redarguerem.
1245 5365 1382 5452 Nam
1417 5365 1804 5452 idipsuimgfecit

213 5437 268 5494 in
299 5439 502 5494 Lazaro
530 5457 542 5488 :
567 5449 848 5506 antequam
891 5438 943 5490 in
984 5441 1157 5492 locum
1197 5437 1530 5505 advenisset,
1559 5438 1692 5493 dixit
1720 5439 1802 5492 di-

212 5511 432 5580 ecipulis
458 5526 470 5562 :
496 5507 720 5562 Lazarus
745 5509 937 5561 amicus
966 5518 1130 5561 noster
1157 5509 1339 5580 dormit
1365 5507 1539 5578 (Joan.
1572 5510 1656 5564 Η.
1687 5511 1794 5580 Η).

216 5582 499 5650 Postquam
525 5587 704 5633 autem
730 5586 990 5650 venerunt
1014 5593 1228 5650 sorores
1250 5579 1455 5650 Lazari,
1479 5589 1530 5634 et
1553 5579 1802 5635 dixerunt

212 5653 284 5715 ei,
317 5647 544 5703 Lazarus
571 5659 798 5703 mrtuus
825 5658 897 5703 est
926 5647 1030 5720 (Ib.
1062 5666 1108 5703 υ.
1140 5649 1229 5703 21.
1257 5649 1371 5720 52),
1401 5649 1532 5706 dixit
1557 5653 1632 5709 cis
1658 5671 1669 5706 :
1702 5651 1798 5708 Ubi

277 5742 352 5808 (a)
383 5751 497 5804 Qum
520 5743 708 5795 uncinis
729 5741 1015 5795 clauduntur
1037 5742 1217 5795 desunt
1238 5745 1287 5793 in
1305 5750 1482 5795 Graeco.

1075 246 1351 302 CONTRA
1392 243 1701 310 JUDIEOS,
1742 243 2085 302 GENTILES
2125 245 2213 300 ΕΤ
2256 243 2689 301 ΙΙιΕΒΕΤΙΩΟΒ.

3373 242 3512 298 1078

1917 361 2156 430 posuistis
2176 361 2329 414 eum?
2347 361 2534 414 Dicunt
2550 361 2596 412 ci
2621 379 2632 411 :
2670 357 2792 413 Veni
2811 370 2857 414 et
2876 360 2985 413 vide
3015 358 3193 430 (Joan.
3215 359 3304 430 Η.
3331 357 3441 428 54).
3466 361 3530 419 0,

1916 429 2057 485 nova
2085 441 2140 485 et
2169 432 2438 500 inopinata
2469 431 2665 499 opera!
2698 431 2862 484 Paulo
2887 441 3009 485 ante
3027 429 3248 484 dixeras
3274 429 3508 496 discipu-

1914 502 1980 556 lis
2008 519 2021 555 :
2053 502 2282 556 Lazarus
2312 512 2553 556 mortuus
2581 513 2682 567 est,
2715 511 2767 555 et
2793 517 2934 556 nunc
2961 501 3113 567 dicis,
3148 500 3244 554 Ubi
3276 502 3512 571 posuistis

1913 575 2064 626 eum?
2092 573 2310 626 Mortem
2336 574 2659 641 pra-nuntias
2681 573 2952 641 discipulis
2975 573 3096 637 tuis,
3125 581 3178 626 et
3202 571 3374 626 locum
3405 585 3508 624 non

1915 643 2094 696 nosti?
2118 643 2330 698 Sciebat
2360 643 2560 712 utique,
2592 643 2683 697 sed
2713 651 2929 713 propter
2953 643 3187 706 Judazos,
3219 650 3401 710 utpote
3430 642 3512 713 in-

1917 714 2059 770 scios
2080 723 2134 768 et
2162 715 2415 782 ingratos,
2444 716 2520 767 sic
2543 712 2878 783 loquebatur.
2908 713 3348 780 Quandoquidem
3375 721 3428 764 et
3457 712 3510 783 in

1915 784 2163 853 paradiso
2193 781 2433 846 dicebat,
2466 781 2630 837 Adoni
2652 827 2666 846 ,
2700 783 2904 850 Adam,
2934 784 3017 838 ubi
3053 801 3105 839 es
3136 783 3290 851 (Gen.
3321 783 3375 853 5.
3406 783 3465 850 9)
3485 781 3511 835 Υ

1916 852 1996 908 An
2041 856 2318 925 ignorabat
2361 855 2449 908 ubi
2495 856 2676 909 esset?
2709 854 2902 910 Verum
2940 855 3061 925 quia
3103 855 3232 922 ipsis
3265 852 3511 908 diabolus

1914 926 2154 990 dixerat,
2192 925 2260 978 In
2288 941 2601 996 quacumque
2639 926 2721 980 die
2763 925 3077 980 comederitis
3106 925 3169 978 de
3205 925 3344 996 ligno
3382 925 3514 989 hoc,

1914 997 2052 1049 eritis
2077 998 2205 1049 sicut
2233 997 2304 1049 dii
2335 996 2441 1065 (Ib.
2474 994 2523 1048 υ.
2554 997 2631 1065 5),
2675 997 3082 1064 suspicabantur
3112 996 3188 1049 illi
3217 1010 3277 1050 se
3304 994 3510 1048 futuros

1914 1081 2036 1120 esse
2065 1067 2196 1121 deos
2221 1083 2232 1120 :
2264 1067 2385 1121 ideo
2414 1067 2625 1121 diccbat
2664 1067 2736 1120 illi
2771 1068 2936 1131 Deus,
2967 1067 3163 1131 Adam,
3193 1066 3277 1119 ubi
3314 1081 3366 1119 cs
3385 1065 3411 1117 1’
3439 1080 3506 1118 ex

1914 1152 2021 1206 quo
2069 1137 2384 1199 comedisd,
2429 1138 2669 1192 mansisti
2717 1149 2891 1191 tamen
2939 1139 3099 1190 homo
3128 1155 3141 1190 :
3173 1151 3236 1190 ea
3282 1149 3409 1190 vero
3443 1135 3511 1188 de

1914 1224 2072 1260 causa
2097 1208 2229 1261 dixit
2260 1208 2335 1261 illi
2366 1209 2520 1270 Deus,
2553 1209 2738 1272 Adam,
2768 1210 2853 1261 ubi
2877 1209 2970 1261 es?
2991 1207 3078 1262 Sic
3101 1216 3155 1262 et
3179 1207 3320 1261 circa
3348 1206 3514 1260 Laza-

1918 1293 2033 1331 rum
2064 1277 2206 1333 fecit.
2237 1277 2546 1333 Utacccssit
2574 1279 2638 1333 ad
2668 1288 3090 1340 nimiunn-iitum,
3122 1278 3254 1332 dixit
3273 1277 3469 1331 Judmis
3495 1294 3510 1331 :

1917 1346 2103 1402 Tollite
2127 1349 2351 1418 lapidem
2380 1351 2441 1403 de
2469 1360 2789 1402 monumento
2819 1347 3031 1414 (Joann.
3068 1351 3154 1402 Η.
3183 1350 3272 1410 59)
3298 1365 3312 1412 ;
3341 1357 3395 1401 et
3424 1356 3512 1400 tu-

1919 1417 2111 1472 lerunt.
2147 1417 2287 1490 Dicit
2311 1421 2358 1473 ei
2389 1435 2542 1474 soror
2573 1420 2776 1482 Lazari,
2806 1419 3042 1483 Domine,
3065 1420 3178 1489 jam
3210 1423 3366 1490 fwtet,
3397 1427 3515 1490 erat

1918 1491 2059 1544 enim
2083 1489 2484 1560 quatriduanus.
2519 1490 2581 1543 Et
2612 1491 2839 1560 clamans
2863 1507 2977 1544 voce
3007 1487 3191 1560 magna
3210 1487 3341 1542 dixit
3370 1504 3388 1541 :
3412 1487 3514 1541 La-

1918 1577 2056 1632 _zare,
2085 1559 2196 1614 ueni
2223 1563 2362 1632 [oras
2390 1561 2493 1631 (Ib.
2522 1578 2570 1614 υ.
2597 1559 2712 1632 45).
2741 1563 2804 1614 Et
2825 1562 2950 1614 exiit
2975 1559 3167 1632 ligatus
3189 1560 3404 1614 institis.
3430 1562 3512 1612 An

1921 1630 1996 1694 is,
2029 1633 2116 1700 qui
2159 1630 2412 1685 transfert
2452 1630 2749 1685 inontes'in
2793 1647 2888 1686 cor
2926 1631 3088 1685 maris
3112 1671 3127 1695 ,
3165 1647 3269 1684 non
3307 1639 3516 1698 poterat

1919 1716 2170 1756 amovere
2201 1703 2425 1772 lapidem
2449 1703 2471 1755 ‘i
2498 1703 2596 1768 Qui
2627 1702 2870 1756 stimulos
2900 1703 3086 1756 mortis
3112 1701 3392 1770 confregit,
3421 1703 3512 1768 qui

1960 1782 2103 1826 ortas
2130 1771 2317 1828 inferni
2344 1774 2613 1838 contrivit,
2639 1788 2742 1826 non
2770 1783 2973 1838 poterat
3003 1773 3210 1827 institas
3231 1771 3514 1836 rumpere?

1971 1843 2066 1896 ixit
2094 1843 2200 1898 illis
2224 1885 2240 1910 ,
2286 1844 2477 1898 Solvite
2520 1845 2664 1897 illuni
2704 1842 2818 1914 (Ib.
2865 1859 2914 1896 υ.
2955 1841 3084 1912 AM).
3114 1842 3330 1914 Quare?
3363 1840 3431 1896 Ut
3469 1842 3514 1895 si

1921 1923 2210 1982 negarent,
2238 1925 2291 1968 et
2322 1930 2510 1968 manus
2547 1923 2600 1968 et
2639 1911 2779 1968 oculi
2821 1911 3056 1982 ipsorum
3091 1927 3186 1968 eos
3225 1911 3515 1981 redargue-

1921 1995 2062 2038 rent.
2092 1985 2216 2039 Ideo
2243 1984 2394 2048 dixit,
2427 1985 2620 2038 Solvite
2648 1985 2810 2037 illum.
2843 1984 2921 2053 [In
2947 1984 3132 2053 primis
3155 1993 3332 2037 autem
3359 1997 3514 2053 soror

1923 2053 2107 2124 Lazari
2155 2055 2515 2110 testimonium
2562 2055 2748 2118 dedit,
2792 2049 3020 2109 dicens:
3052 2054 3171 2107 .Iant
3217 2058 3352 2124 [celet
3390 2049 3514 2124 (a).]

1925 2123 2153 2194 Idipsum
2184 2127 2236 2180 in
2271 2127 2466 2194 nuptiis
2507 2124 2634 2180 fecit
2669 2125 2853 2180 dicens
2883 2125 2987 2179 illis
3018 2143 3031 2179 :
3063 2123 3278 2194 Implele
3305 2123 3514 2193 hydrias

1920 2211 2072 2267 aqua.
2107 2197 2172 2251 Et
2200 2197 2555 2264 impleverunt
2584 2195 2820 2267 hydrias,
2849 2205 2904 2250 et
2933 2195 3060 2250 fecit
3085 2211 3275 2264 aquam
3306 2195 3512 2267 vinum.

1922 2265 2210 2335 Pr0pterea
2243 2268 2374 2320 nihil
2419 2283 2522 2320 non
2557 2264 2746 2334 agebat
2775 2276 2832 2320 ut
2861 2266 3004 2334 ipsos
3029 2267 3287 2320 certiores
3318 2264 3512 2319 redde-

1921 2345 2022 2390 ret.
2051 2337 2275 2404 Semper
2314 2341 2456 2392 enim
2498 2336 2670 2392 Judaei
2710 2335 2967 2392 increduli
3013 2337 3228 2391 fuerunt
3253 2346 3304 2390 et
3336 2335 3512 2404 impu-

1920 2405 2130 2461 dentes.
2167 2406 2340 2462 Vultis
2375 2408 2582 2463 discerc
2619 2415 2813 2476 quanta
2854 2408 2960 2461 illis
2997 2407 3302 2478 praestiterit
3333 2407 3472 2460 Deus
3496 2445 3512 2470 ,

1921 2491 2147 2545 quorum
2191 2479 2407 2532 iuet-unt
2444 2478 2830 2532 immemores?
2867 2478 3090 2543 Discite,
3131 2477 3225 2532 sed
3247 2517 3262 2542 ,
3295 2491 3509 2546 quaiso,

1920 2548 2157 2618 animum
2201 2549 2482 2614 adhibete,
2522 2557 2576 2603 et
2622 2549 2717 2615 iis,
2749 2563 2868 2618 qua:
2911 2549 3192 2610 dicuntur,
3232 2547 3510 2602 attendite.

1925 2616 2056 2673 Volo
2080 2619 2276 2689 quippe
2301 2620 2671 2674 demonstrare
2702 2616 2869 2684 vobis,
2898 2618 3114 2674 Judaros
3142 2618 3210 2673 ab
3250 2619 3402 2672 initio
3429 2619 3517 2689 in-

1920 2688 2111 2757 gratos
2133 2688 2317 2760 fuisse.
2353 2690 2697 2760 Septuaginta
2727 2691 2963 2760 quinque
3001 2691 3192 2744 animae
3219 2688 3514 2743 descende-

1922 2769 2045 2814 runt
2074 2759 2465 2832 inf/Egyptum,
2495 2773 2549 2832 et
2577 2759 2924 2832 adisexcenta
2952 2761 3310 2832 usquemillia
3340 2768 3512 2832 auctae

1921 2840 2067 2889 sunt.
2098 2826 2336 2886 Mortuus
2366 2826 2456 2886 est
2486 2831 2684 2900 .loseph
2708 2872 2726 2897 ,
2757 2841 2812 2886 et
2838 2826 3070 2886 surrexit
3098 2826 3233 2885 alius
3259 2847 3350 2886 rex
3377 2873 3392 2896 ,
3421 2829 3512 2899 qui

1921 2915 2129 2956 memor
2156 2901 2272 2970 ejus
2302 2919 2406 2955 non
2435 2901 2552 2957 fuit.
2583 2901 2632 2956 Is
2671 2902 2809 2956 filios
2849 2903 3008 2956 Israel
3042 2901 3386 2956 vehementer
3410 2916 3510 2969 op-

1921 2972 2134 3042 pressit.
2156 2971 2467 3027 Clamarunt
2493 2973 2650 3042 igitur
2676 2973 2748 3026 illi
2775 2973 2840 3026 ad
2873 2973 3151 3026 Dominum
3175 3012 3191 3038 ,
3221 2973 3462 3026 dicentes
3491 2987 3506 3024 :

1923 3043 2166 3109 Domine,
2197 3052 2253 3097 tu
2287 3044 2478 3113 jurasti
2511 3043 2746 3113 patribus
2772 3044 2992 3106 nostris,
3026 3044 3171 3096 Dabo
3195 3043 3383 3096 semini
3414 3057 3508 3095 ve-

1920 3122 2032 3168 stro
2060 3125 2256 3168 terram
2285 3113 2538 3168 liuentem
2580 3113 2662 3167 lac
2691 3123 2745 3167 et
2781 3114 2905 3168 mel.
2939 3114 3007 3168 Et
3037 3128 3178 3167 nunc
3198 3154 3212 3177 ,
3249 3113 3472 3166 Domine
3492 3152 3509 3176 ,

1865 3186 1867 3188 ’
1920 3193 2190 3239 memento
2218 3185 2519 3239 testamenti
2551 3184 2658 3245 tui,
2689 3184 2828 3252 quod
2869 3184 3087 3253 posuisti
3130 3185 3367 3251 patribus
3409 3197 3510 3236 no-

1918 3256 2044 3308 stris
2074 3273 2087 3308 :
2118 3264 2172 3310 et
2196 3270 2324 3310 erue
2362 3271 2460 3310 nos
2489 3255 2558 3310 de
2585 3269 2745 3308 manu
2779 3254 3071 3308 Pharaonis
3101 3254 3240 3322 regis
3269 3253 3507 3322 Aﬂgypti,

1917 3337 1972 3379 et
2017 3326 2085 3382 de
2123 3327 2380 3382 servitute
2415 3325 2852 3396 Egyptiorum...
2901 3325 3116 3396 Audivit
3164 3324 3323 3396 igitur
3369 3324 3507 3396 Deus

1918 3411 2102 3450 vocem
2145 3412 2365 3461 eorum,
2399 3408 2455 3452 et
2489 3395 2632 3450 misit
2666 3395 2733 3449 ad
2770 3410 2867 3450 eos
2907 3395 3166 3464 Moysem.
3209 3395 3306 3450 llic
3344 3395 3507 3459 mihi,

1917 3482 2101 3534 quaeso
2123 3509 2139 3533 ,
2173 3476 2407 3522 mentem
2435 3466 2704 3520 adhibete.
2738 3466 2872 3520 Dicit
2910 3466 3075 3536 Moysi
3117 3465 3294 3520 Deus:
3325 3465 3510 3533 Accipe

1916 3554 2104 3608 agnum
2130 3539 2529 3603 immaculatum,
2560 3537 2874 3602 anniculunt,
2903 3537 3307 3606 primogenitum,
3335 3546 3380 3588 et
3407 3536 3506 3588 int-

1918 3609 2073 3674 mota,
2089 3618 2134 3662 et
2154 3611 2400 3680 sanguine
2422 3610 2531 3678 ejus
2551 3609 2888 3680 unusquisque
2912 3608 3051 3680 liniet
3067 3608 3307 3676 januam,
3327 3618 3378 3680 ut
3396 3623 3511 3680 cum

1919 3684 2103 3732 venerit
2130 3677 2339 3749 angelus
2378 3677 2563 3733 habens
2607 3678 2833 3748 gladium
2871 3679 3188 3749 evaginatum
3213 3719 3226 3739 ,
3256 3687 3303 3730 et
3333 3677 3511 3730 viderit

1916 3752 2050 3819 quod
2072 3752 2318 3820 sanguine
2347 3751 2492 3803 linita
2519 3751 2583 3803 sit
2613 3750 2810 3813 domus,
2838 3749 3037 3803 recedat
3059 3764 3078 3812 ;
3102 3749 3180 3802 sin
3206 3749 3508 3820 viderit__uon

1916 3817 2092 3874 adesse
2118 3817 2433 3891 sanguinem,
2463 3822 2697 3874 introeat.
2731 3836 2998 3890 omnesque
3023 3821 3332 3874 exter-minet.
3365 3817 3510 3891 Fecit

1915 3891 2068 3973 igitur
2099 3889 2301 3972 Mog—ses
2329 3892 2431 3973 sic,
2451 3903 2496 3944 et
2526 3891 2734 3943 tradidit
2766 3889 2974 3973 pppulo,
3002 3900 3060 3973 et
3069 3891 3376 3973 accipientes
3403 3889 3503 3973 illi,

1917 3963 2150 4032 linierunt
2188 3960 2374 4032 singuli
2401 3963 2595 4031 januas
2623 3977 2746 4032 suas
2769 3960 2962 4032 (Exod.
2997 3960 3106 4032 12).
3140 3960 3204 4012 Et
3237 3960 3506 4032 ingredie-

1916 4031 2071 4086 hatur
2097 4029 2315 4102 angelus
2335 4073 2351 4098 ,
2382 4029 2624 4086 strictum
2666 4029 2870 4102 habens
2895 4030 3158 4102 gladium,
3207 4038 3262 4082 et
3291 4029 3504 4084 videbat

1915 4099 2229 4172 sanguinein
2269 4103 2321 4157 in
2364 4102 2579 4170 januis,
2623 4111 2677 4155 et
2719 4099 3155 4172 recedebat;_u_bi
3190 4108 3366 4172 autem
3397 4115 3504 4153 non

1914 4169 2148 4235 videbat,
2182 4169 2597 4243 ingrediebantur,
2620 4181 2673 4225 et
2696 4185 2885 4225 omnes
2908 4170 3201 4243 occidebat.
3222 4169 3502 4243 lla-epor-

1914 4259 1976 4297 ro
2005 4245 2183 4298 omnia
2220 4237 2325 4297 non
2356 4252 2558 4297 temere
2599 4243 2730 4296 facta
2761 4250 2884 4295 sunt
2909 4258 2923 4295 :
2952 4241 3045 4294 sed
3074 4240 3324 4309 quoniam
3355 4237 3502 4293 futu.

1916 4330 2032 4368 rum
2056 4323 2174 4368 erat
2197 4323 2256 4368 ut
2286 4329 2380 4382 per
2407 4312 2718 4382 sanguinem
2745 4322 2798 4366 et
2829 4312 3025 4382 lignum
3055 4312 3277 4364 salutem
3305 4324 3503 4382 conse-

1912 4401 2233 4454 queremur,
2276 4381 2396 4438 ideo
2436 4381 2570 4437 dixit
2613 4383 2750 4454 Deus
2781 4381 3204 4454 {Unusquisque
3243 4381 3501 4454 sanguine

1913 4452 2064 4508 linict
2085 4455 2297 4524 jauuas.
2328 4455 2437 4509 Cur
2465 4468 2568 4508 non
2598 4452 2753 4517 dixit,
2787 4452 2880 4507 lini
2913 4452 3170 4520 sanguine
3204 4452 3500 4524 parietem?

1912 4526 2044 4593 Quia
2075 4522 2283 4580 i'iciinisi
2311 4541 2406 4594 per
2431 4525 2629 4593 lignum
2660 4522 3293 4594 saltiteutconsequuturi
3321 4534 3496 4594 erant.

1912 4592 2110 4651 Eduxit
2153 4592 2326 4666 igitur
2347 4610 2442 4650 eos
2477 4592 2808 4666 ’Moysesiex
2842 4592 3104 4666 Egypto,
3134 4602 3190 4648 et
3231 4593 3406 4666 intulit
3444 4593 3500 4649 in

1911 4662 2225 4721 desertum':
2257 4662 2608 4735 dixeruntque
2651 4665 2724 4719 illi
2763 4662 2933 4734 Moysi
2963 4682 2978 4718 :
3011 4662 3088 4716 Eo
3113 4663 3248 4732 quod
3288 4680 3387 4717 non
3415 4680 3496 4717 es-

1909 4749 2018 4792 sent
2053 4738 2287 4807 sepulcra
2326 4738 2376 4790 in
2421 4734 2652 4807 Egypto
2675 4778 2690 4801 ,
2728 4736 2895 4807 intulit
2937 4753 3027 4789 nos
3052 4736 3116 4807 Ain
3158 4735 3405 4807 desertum
3443 4742 3500 4807 ut

1909 4805 2152 4861 occideret
2198 4808 2406 4876 (Exod.
2452 4805 2545 4860 14.
2569 4805 2645 4860 ⁷11
2672 4809 2711 4876 ).
2752 4805 2939 4859 Nonne
2976 4805 3117 4858 nobis
3155 4805 3275 4859 bene
3311 4815 3414 4857 erat
3444 4805 3498 4860 in

1908 4878 2163 4947 /Eggpto,
2195 4895 2308 4932 cum
2337 4878 2705 4930 comederemus
2734 4893 3038 4942 cucunzeres,
3071 4891 3309 4944 pepones,
3338 4884 3384 4927 et
3411 4876 3494 4947 σιτ

1908 4945 2003 5019 lia,
2023 4945 2070 5002 et
2096 4965 2231 5019 ca'pe
2259 4947 2460 5019 (Num.
2480 4949 2565 5002 Η.
2596 4952 2650 5015 5)
2673 4950 2696 5000 ?
2721 4948 2906 5019 "\"ideu’
2932 4949 3190 5019 ingratum
3221 4945 3499 5019 animum?

1909 5018 1987 5072 Illi
2035 5015 2196 5074 Deum
2241 5018 2672 5088 alloquebantur,
2718 5018 2882 5072 Deum
2925 5016 3316 5088 precabantur,
3347 5015 3497 5070 Educ

1909 5105 2008 5161 nos
2028 5091 2094 5144 de
2117 5103 2253 5144 terra
2277 5087 2515 5161 IEgypti,
2539 5100 2728 5161 etcum
2757 5089 2807 5141 in
2834 5090 3104 5142 desertum
3133 5087 3491 5161 advenissent,

1909 5160 2114 5230 ingrate
2150 5157 2398 5230 agebant:
2421 5157 2671 5214 'Vidistin’
2707 5161 2967 5230 ingratum
3008 5172 3191 5230 eorum
3220 5157 3497 5230 animum?

1908 5226 2014 5286 Sed
2037 5226 2226 5286 discite
2247 5247 2359 5286 rem
2383 5230 2639 5299 majorem
2667 5226 3114 5298 singularemque.
3139 5226 3496 5295 Quadraginta

1908 5303 2061 5357 annis
2092 5302 2304 5357 fuerunt
2331 5303 2383 5356 in
2413 5299 2627 5355 deserto
2657 5319 2668 5352 :
2699 5299 2919 5368 capillus
2949 5312 3133 5368 eorum
3165 5311 3274 5352 non
3299 5299 3490 5362 crevit,

1907 5389 2013 5427 non
2053 5375 2243 5442 unguis
2281 5374 2439 5436 item,
2480 5371 2644 5424 vestis
2679 5367 2783 5426 non
2818 5367 3096 5442 sordidata
3131 5379 3247 5434 est,
3290 5368 3495 5442 adces-

1906 5437 2151 5499 mentuni
2186 5458 2292 5496 non
2335 5442 2586 5496 detritum
2621 5457 2633 5493 :
2669 5456 2775 5494 non
2817 5439 3154 5502 laborarunt,
3194 5454 3297 5491 non
3343 5437 3493 5492 fode-

1905 5525 2057 5580 runt,
2090 5514 2252 5567 boves
2287 5527 2391 5566 non
2425 5513 2749 5579 junxerunt,
2781 5520 3012 5564 aratrum
3044 5525 3150 5563 non
3183 5519 3490 5576 traxerunt,

1904 5587 2081 5642 sulcos
2103 5599 2207 5639 non
2234 5593 2577 5654 aperuerunt,
2609 5584 2790 5653 spinas
2815 5596 2922 5637 non
2949 5583 3275 5648 avulserunt,
3305 5596 3489 5636 semen

1979 5744 2055 5809 (a)
2076 5751 2183 5794 Haec
2205 5741 2384 5794 desunt
2408 5742 2457 5790 in
2477 5747 2654 5794 Grato.
