4030 6136
443 283 584 342 1088

442 409 638 452 nomen
669 387 840 464 fugis?
866 391 961 448 Dic
987 391 1222 462 periuro,
1241 388 1454 464 periure
1473 405 1487 442 :
1505 395 1560 444 et
1585 401 1682 464 pro
1711 384 2028 464 contumelia

449 465 663 520 habebit
687 459 904 517 suorum
919 459 1138 530 operum
1152 459 1584 530 appellationem.
1601 459 1688 530 Sit?
1715 467 1899 530 natura
1918 460 2031 530 ipsa

445 536 640 590 clamat
658 533 794 602 quod
824 527 1018 586 malum
1043 527 1357 585 sitali'e’nnm
1388 529 1454 583 ab
1476 545 1636 602 opere
1663 529 1776 583 Dei.
1805 528 1870 602 Et
1891 527 2032 602 quod

448 604 571 658 fecit
598 599 756 664 Deus,
787 603 982 656 bonum
1010 610 1112 663 est,
1140 611 1194 655 et
1222 602 1416 654 bonum
1444 599 1618 660 valde,
1647 607 1808 668 atque
1836 599 1903 652 ita
1936 599 2034 650 ho-

448 689 599 737 num,
617 680 677 726 ut
701 681 756 726 et
771 672 922 726 malis
942 671 1324 735 immisceatur,
1349 679 1403 725 et
1427 669 1494 723 de
1516 669 1711 722 malitia
1730 669 2032 722 erubescat.

449 743 547 812 Dic
567 751 734 803 casto,
761 753 938 812 caste:
963 752 1015 794 ct
1035 741 1218 812 qui_de
1245 755 1407 812 opere
1429 739 1742 812 delectatur,
1765 739 1831 794 de
1854 741 2039 808 appel-

451 811 650 868 latione
677 825 782 866 non
808 810 1095 867 erubescit.
1126 810 1268 865 Voca
1281 810 1512 879 justum,
1539 810 1736 878 justum
1763 818 1849 862 τοι
1872 823 2035 875 opere

451 890 755 946 coronatur,
777 890 830 936 et
853 881 1207 950 appellatione
1226 881 1539 935 bonestatnr
1563 897 1577 933 :
1603 880 1723 934 licet
1748 879 1890 950 enim
1916 895 2036 932 mo-

1943 271 2216 329 Si’UlllA.

3543 277 3660 334 l08i

2137 397 2294 456 atque
2318 386 2623 460 celestem?
2643 385 2926 460 Formatus
2945 393 3039 460 est
3051 385 3210 455 igitur
3231 385 3392 460 Adam
3413 403 3590 460 pauper
3607 392 3663 450 de

2137 468 2278 512 terra
2307 475 2321 509 :
2350 459 2567 526 pulvere
2589 459 2731 511 enim
2755 468 2995 525 accepto,
3018 457 3153 511 Deus
3172 471 3295 512 eum
3314 457 3438 512 form
3448 457 3555 514 avu.
3575 462 3664 518 Sed

2139 529 2359 582 nescivit
2391 527 2557 582 Adam
2585 528 2850 596 quomodo
2893 527 3151 581 formatus
3179 527 3280 586 sit,
3323 536 3376 580 ut
3400 540 3514 583 ante
3544 532 3665 595 dixi;

2137 613 2241 669 non
2281 599 2422 653 enim
2465 598 2908 669 oportebatreum
2941 605 3130 669 testem
3164 596 3357 669 adesse
3370 613 3547 669 eorum
3570 619 3668 669 qua:

2137 668 2351 731 fiebant,
2377 676 2433 721 ut
2455 666 2520 722 ne
2539 676 2722 722 contra
2751 667 2919 723 Demn
2939 666 3306 720 extolleretnr.
3327 666 3381 722 Si
3400 670 3528 723 enim
3548 666 3671 728 tan'a

2135 739 2493 794 circumdatus
2521 738 2720 791 vilitate
2741 737 2948 808 ignorat
2966 752 3088 808 eum
3114 739 3202 806 qui
3228 751 3286 791 se
3310 741 3502 793 creavit
3527 782 3542 803 ,
3568 744 3667 808 opi-

2138 809 2396 879 flccmqne
2421 807 2716 862 contemnit
2733 805 2834 879 _:'si
2863 805 2987 877 quid
3006 805 3173 879 supra
3207 815 3444 879 naturain
3469 805 3672 878 accepis-

2137 888 2238 942 set,
2268 876 2388 948 quis
2415 879 2680 948 ingentem
2697 877 2812 948 ejus
2837 876 3142 948 superbiam
3169 876 3406 932 tulisset?
3429 876 3674 947 Proptérea

451 953 636 1007 deSlitB
676 951 840 1022 gratia
873 947 1062 1005 nomen
1093 952 1287 1019 fugiat,
1319 951 1532 1022 laudem
1561 958 1735 1002 tamen
1777 949 1828 1002 in
1860 951 2096 1022 anitu-t"
2141 947 2419 1004 Deus’cum
2439 947 2605 1022 _finxi_t
2634 947 2933 1022 hominem,
2968 947 3217 1022 figmento
3242 963 3454 1022 magnas
3488 951 3674 1006 virtutes

451 1037 547 1077 sua
595 1018 804 1090 accipit.
845 1022 1028 1090 Cogita
1084 1018 1336 1089 quantum
1381 1021 1642 1090 malorum
1691 1028 1932 1074 versetur
1983 1018 2034 1090 in

453 1092 654 1146 mundo
677 1108 692 1150 ;
716 1089 777 1145 et
805 1089 1083 1161 personam
1116 1107 1220 1144 non
1247 1090 1406 1145 habet
1431 1089 1628 1143 malum
1656 1098 1749 1161 :_et
1772 1089 2038 1161 quomodo

455 1176 734 1284 personam
761 1157 866 1214 non
899 1161 1098 1215 habet?
1118 1161 1172 1215 Si
1200 1161 1496 1215 minutatim
1513 1157 1814 1222 examines,
1840 1157 2037 1212 nullam

477 1231 692 1284 nvenies
723 1231 975 1284 malitiam
1029 1232 1080 1284 in
1125 1246 1217 1284 sua
1262 1239 1604 1284 apparentem
1638 1243 1898 1284 ocrstma:
1932 1244 2036 1282 non

477 1231 692 1285 nvenies
723 1231 975 1284 malitiam
1029 1232 1080 1284 in
1125 1246 1217 1285 sua
1262 1239 1604 1300 apparentem
1638 1243 1898 1298 perstma;
1932 1244 2036 1300 non

454 1301 596 1356 enim
619 1301 757 1366 ,nisi
805 1315 1085 1370 personam
1132 1299 1369 1356 assumat
1414 1299 1620 1354 virtutis
1646 1341 1660 1364 ,
1692 1307 1951 1370 apparetu
1974 1299 2041 1370 Et

456 1373 746 1440 quomodo,
775 1367 896 1424 audi
917 1388 930 1422 :
951 1371 1037 1436 qui
1065 1372 1338 1440 mentitur,
1359 1385 1461 1440 non
1493 1370 1684 1440 fatetur
1711 1383 1770 1423 se
1793 1367 2035 1432 mentiri,

456 1439 551 1495 sed
578 1440 1133 1510 veritatemsimulans
1160 1439 1375 1510 decipit.
1406 1439 1505 1507 Qui
1533 1439 1726 1510 injuste
1754 1439 1862 1508 agit
1886 1477 1903 1503 ,
1933 1453 2037 1491 non

459 1510 713 1580 prmdicat
735 1509 874 1577 quod
902 1518 1004 1577 est,
1036 1508 1296 1580 sedquod
1327 1526 1431 1564 non
1459 1519 1541 1564 est
1565 1508 1810 1573 simulat,
1838 1519 1890 1560 et
1917 1518 2040 1580 tuuc

458 1579 1083 1649 injustitiamroperatur.
1116 1578 1370 1634 Similiter
1403 1580 1619 1634 dolosns
1659 1594 1763 1632 non
1805 1578 2041 1633 ostendit

457 1649 634 1702 dolmn
660 1689 675 1711 ,
708 1647 802 1703 sed
849 1647 1073 1702 assumit
1107 1651 1354 1704 amicitiae
1397 1665 1674 1718 personam
1696 1690 1710 1713 ,
1744 1659 1796 1702 et
1822 1649 1898 1702 sic
1925 1664 2036 1702 rem

459 1719 586 1774 facit
612 1719 826 1789 malam.
846 1719 1068 1773 Adulter
1086 1735 1190 1774 non
1219 1720 1549 1789 iilegitimum
1573 1719 1888 1773 adulterium
1912 1733 2043 1773 con-

457 1790 649 1854 fessus,
679 1788 730 1842 in
759 1789 902 1843 mdes
933 1789 1186 1858 impetum
1220 1788 1342 1844 facit
1369 1809 1382 1842 :
1409 1789 1502 1844 sed
1529 1791 1833 1858 figmentum
1865 1790 2040 1842 conti-

461 1858 654 1912 nentia:
678 1873 771 1912 ore
795 1867 1114 1929 prmtexens,
1143 1859 1318 1914 divina
1345 1859 1460 1927 jura
1496 1861 1675 1914 violat.
1712 1859 1869 1913 Vides
1897 1858 2041 1928 quod

459 1929 726 1996 propriam
763 1942 1044 1997 personam
1092 1945 1196 1984 non
1225 1931 1414 1984 habeat
1444 1930 1682 1986 malitia?
1708 1929 1961 1984 Similiter
1987 1937 2044 1984 et

461 1997 834 2061 calumniator,
860 1999 1072 2068 quando
1099 2000 1394 2055 ingreditur
1415 2001 1468 2054 in
1491 1999 1769 2068 judicium,
1800 2016 1905 2053 non
1939 2001 2040 2054 hoc

459 2068 745 2139 confitetur
793 2068 933 2139 quod
975 2077 1087 2130 est,
1121 2071 1214 2124 sed
1263 2071 1460 2126 larvam
1505 2071 1729 2125 assumit
1765 2071 2038 2139 veritatis,

463 2137 626 2209 quasi
645 2139 695 2193 ei
736 2137 1055 2209 patrocinari
1083 2141 1242 2206 velit,
1265 2155 1492 2209 eamque
1521 2155 1584 2196 ex
1617 2141 1893 2194 mendacio
1917 2137 2044 2209 facit

459 2207 680 2262 malitiae
697 2207 909 2279 testem.
931 2208 1020 2279 Sic
1040 2210 1236 2263 malitia
1266 2207 1492 2279 persona
1519 2210 1726 2278 propria
1749 2220 1913 2269 caret,
1941 2208 2042 2264 nisi

535 2291 746 2332 rsonam
770 2278 980 2332 virtutis
1005 2278 1494 2334 assumat.idcirco
1523 2279 1764 2335 Salvator
1791 2279 2038 2334 dicebat:

516 2347 680 2402 enicat
702 2348 772 2400 ad
797 2364 882 2401 vos
906 2349 959 2402 in
982 2350 1282 2404 uestimentis
1311 2352 1474 2404 ovium
1502 2390 1517 2413 ,
1547 2351 1849 2404 intrinsecus
1875 2358 2041 2403 autem

461 2427 584 2492 situt
622 2418 731 2487 lupi
767 2435 977 2488 rapaces
1014 2419 1226 2491 (Matth.
1259 2421 1313 2475 7.
1343 2421 1455 2492 15).
1481 2419 1587 2476 Sed
1631 2419 1699 2476 ad
1747 2419 2044 2477 institutum

461 2487 764 2544 redeamus.

535 2557 592 2630 2.
634 2557 726 2612 Vis
756 2557 938 2613 videre
961 2600 977 2625 ,
1006 2559 1192 2626 frater,
1214 2568 1470 2630 quantum
1498 2560 1670 2614 valeat
1709 2561 1887 2630 innata
1915 2560 2045 2615 lex?

463 2629 652 2698 Anima
695 2643 906 2698 quoque
944 2639 1121 2682 nostra
1148 2671 1164 2693 ,
1195 2629 1434 2698 quamvis
1476 2639 1584 2684 tota
1628 2631 1780 2684 malis
1806 2629 2044 2686 fermen-

467 2707 572 2752 tata
601 2697 670 2752 sit
693 2739 708 2758 ,
733 2697 924 2752 nomen
958 2707 1135 2770 tamen
1162 2697 1363 2770 bunum
1406 2700 1756 2769 amplexatur.
1784 2700 2044 2770 Sarpenu-

467 2783 617 2821 mero
646 2777 889 2842 potentes
913 2769 1000 2837 qui
1027 2769 1301 2842 avaritiam
1327 2771 1551 2842 spirant,
1582 2782 1634 2825 et
1664 2770 1805 2842 nihil
1820 2769 2044 2840 praeter-

466 2851 628 2911 quam
677 2838 1022 2911 rapinam__et
1071 2838 1382 2911 injustitiatn
1437 2841 1708 2911 cogitant,
1758 2838 2047 2897 vincuntur

463 2907 761 2986 aliquorum
775 2907 1032 2986 precibus
1047 2949 1063 2973 ,
1085 2918 1148 2986 _ut
1173 2907 1551 2986 im_m_iuentem_
1564 2912 1793 2986 pauperi
1808 2912 2046 2986 necessi-

466 2986 630 3051 tatem
673 2977 950 3051 sublevent
969 3018 986 3042 ,
1017 2978 1102 3033 vel
1127 2993 1194 3033 ex
1221 2979 1403 3051 debito
1427 2977 1696 3051 quidpiam
1744 2981 2042 3048 dimittant,

466 3047 551 3102 vel
581 3061 685 3101 non
713 3047 1037 3119 ulciscantur
1063 3063 1191 3114 eos,
1217 3049 1307 3119 qui
1338 3065 1398 3105 se
1427 3047 1696 3119 lieserunt,
1729 3052 1819 3109 vel
1846 3047 2047 3113 ltesisse

465 3117 862 3202 censentur.‘Et
900 3119 989 3202 qui
1026 3117 1492 3202 probe_legatione
1529 3117 1762 3202 fungitur
1796 3123 1935 3202 apud
1963 3123 2046 3179 vi-

467 3203 582 3242 rum
610 3197 876 3258 potentem
901 3229 916 3251 ,
941 3199 997 3260 et
1027 3189 1324 3260 improbum
1350 3233 1366 3257 ,
1398 3206 1504 3245 non
1547 3189 1724 3248 statim
1752 3208 1782 3248 a
1823 3189 2048 3251 veritate

465 3260 910 3330 exorditurmon
953 3259 1082 3314 dicit
1106 3259 1169 3314 ei
1219 3260 1270 3315 id
1317 3261 1458 3330 quod
1493 3271 1608 3325 est,
1641 3263 1734 3318 sed
1774 3277 1967 3318 nomen
1995 3263 2046 3318 ei

468 3329 678 3403 virtutis
727 3330 986 3403 attribuit.
1033 3331 1114 3384 An
1162 3329 1624 3403 nescis;_qualibus
1665 3347 1876 3403 semper
1912 3335 2047 3389 insi-

465 3411 595 3473 gnes
610 3398 766 3467 legati
785 3400 1052 3473 coloribus
1069 3401 1316 3454 utantur?
1339 3398 1432 3456 Vir
1450 3418 1530 3469 es,
1554 3398 1814 3473 inquiunt,
1843 3405 2043 3462 bonus:

465 3469 763 3522 celebratur
815 3469 1007 3538 ubique
1055 3484 1247 3524 nomen
1290 3479 1440 3526 tuum
1479 3490 1492 3525 :
1533 3469 1720 3529 omnes
1775 3485 1860 3529 tua
1908 3476 2048 3534 bona

465 3554 626 3605 opera
673 3538 954 3610 decantant
989 3540 1298 3610 :multaque
1341 3543 1463 3597 talia
1513 3543 1862 3600 exhortationi
1908 3546 2049 3602 inse-

468 3623 612 3686 ruttt,
637 3617 694 3665 ut
712 3608 952 3686 flectatur
974 3608 1238 3686 laudibus,
1265 3620 1324 3686 et
1340 3613 1454 3686 ipse
1481 3629 1509 3686 a
1539 3615 1770 3686 nequitia
1799 3617 2044 3686 refugiat.

469 3677 605 3730 Vide
635 3677 904 3746 quomodo
923 3679 1122 3733 malitia
1146 3677 1542 3736 virtutis'laude
1565 3677 1822 3739 vincatur.
1859 3677 2047 3742 Nullus

469 3748 641 3823 malus
660 3786 676 3810 ,
719 3747 1202 3823 malus_dioi_vult;
1234 3759 1422 3823 natura
1451 3753 1592 3806 enim
1621 3754 1761 3823 quod
1788 3769 1939 3810 suum
1967 3766 2052 3812 est

467 3815 822 3894 amplexatur,
849 3816 1330 3894 etiamsiuvoluntas
1359 3815 1843 3894 adversum'eligat.
1870 3827 2050 3882 Simus

467 3902 620 3960 ergo,
647 3885 847 3960 dilecti,
875 3886 1011 3960 oliva
1046 3887 1334 3960 fructifera,
1353 3901 1405 3944 et
1419 3893 1691 3960 operibus,
1715 3885 1970 3950 fructibus
1994 3906 2050 3952 et

474 3956 614 4010 foliis
638 3957 850 4020 ornati;
897 3957 1017 4011 folia
1047 3958 1398 4032 enim_nos_tra
1427 3956 1550 4016 sunt
1577 3956 1884 4032 sermones,
1937 3967 2050 4022 fru-

469 4035 586 4080 ctus
610 4035 785 4081 autem
814 4029 1167 4102 conversatio.
1192 4027 1273 4084 Sit
1301 4030 1460 4102 igitur
1486 4041 1539 4085 et
1565 4033 1818 4090 honestus
1845 4027 2042 4102 sermo,

470 4107 524 4177 et
548 4097 884 4177 conversatio
891 4097 1199 4177 _frt_t_ctuosa_.
1240 4100 1396 4177 Apud
1427 4102 1580 4177 pium
1611 4105 1948 4177 enimneque
1973 4097 2051 4161 fo;

467 4167 597 4243 lium
617 4166 847 4243 decidit;
880 4165 1085 4222 Folium
1109 4170 1250 4223 enim
1275 4165 1405 4243 ejus,
1425 4165 1593 4243 inquit
1615 4173 1776 4228 David
1797 4217 1812 4241 ,
1835 4165 1933 4230 n'on
1957 4179 2049 4230 de-

465 4239 608 4313 [lue_t_,
638 4246 686 4313 et
711 4239 880 4313 omnia
899 4253 1231 4313 quacumque
1243 4239 1403 4313 faciet
1429 4239 1854 4312 prbsperabuntar
1877 4246 2046 4313 (Psal.

466 4309 522 4382 tu.
553 4308 632 4369 5).
654 4306 757 4382 Sed
779 4306 1193 4382 o_mi_racui_uni!
1232 4306 1714 4382 Cogita'quo'modo
1744 4306 1912 4371 Adam
1953 4335 2051 4374 nu-

465 4377 566 4451 dus
589 4377 779 4451 exierit
798 4377 873 4451 de
900 4377 1177 4451 Paradiso,
1209 4390 1264 4435 et
1291 4377 1559 4451 quomodo
1588 4385 1752 4440 David
1782 4386 1971 4444 floreat
1992 4390 2045 4445 in

468 4446 631 4531 domo
658 4447 769 4502 Dei.
798 4447 892 4531 ille
915 4449 1129 4531 quidem
1154 4446 1324 4531 exivit
1341 4453 1766 4531 nudus__pr0pter
1793 4460 2046 4531 praevali-

466 4519 730 4601 cationem
755 4533 771 4571 :
799 4516 1086 4601 hicva'utem
1111 4516 1874 4601 iudutusjirtutiliusielamat
1891 4547 1917 4601 _:_
1933 4528 2047 4601 Ego

464 4597 632 4666 autem
654 4603 798 4666 quasi
840 4587 971 4666 oliuo
1001 4592 1261 4660 fructifera
1276 4591 1307 4666 _(
1328 4590 1469 4666 Psal.
1498 4593 1588 4666 5i.
1621 4595 1744 4666 10).
1784 4597 1922 4652 Nihil
1949 4587 2048 4656 nos

466 4656 538 4732 ita
573 4657 790 4727 spoliat,
819 4665 878 4711 ut
915 4656 1178 4732 fruutuum
1211 4656 1437 4732 priiatio
1469 4679 1484 4715 :
1519 4664 1650 4718 nihil
1679 4656 1748 4720 ita
1777 4669 1953 4732 vestit,
1986 4680 2045 4725 ut

461 4726 726 4808 bonorum
755 4742 977 4808 operum
991 4726 1262 4808 fertilitas.
1290 4731 1570 4788 Formatus
1589 4745 1671 4789 est
1691 4737 1856 4790 Adam
1881 4753 1896 4793 :
1920 4726 2048 4808 ope-

463 4813 537 4876 rzc
563 4797 786 4866 pretium
814 4798 956 4876 enim
987 4798 1145 4876 fuerit
1174 4810 1415 4876 repetere
1443 4819 1561 4876 qua:
1586 4816 1708 4860 ante
1738 4818 1859 4861 sunt
1880 4797 2041 4876 dic'ta;

464 4868 899 4938 houorumrcnim
923 4870 1188 4938 repetitio,
1211 4868 1504 4926 doctrinam
1530 4874 1582 4927 in
1609 4877 1884 4932 animabus
1911 4868 2045 4934 con-'-

467 4939 662 4992 firmat.
690 4937 839 4993 Sicut
862 4937 1003 4993 enim
1042 4940 1178 4994 lanae
1199 4942 1426 4997 subinde
1456 4945 1515 4999 in
1538 4945 1795 5000 tincturas
1825 4949 2066 5005 immer;

458 5018 676 5088 guntur,
690 5009 1009 5088 uttinctura:
1023 5011 1105 5064 vis
1120 5011 1430 5088 profundius
1446 5013 1800 5088 imprimatnr;
1826 5021 1893 5072 ita
1912 5035 2046 5088 opus

458 5087 560 5143 est,
578 5086 704 5132 utet
718 5079 908 5134 anima:
927 5079 1133 5135 nostra!
1146 5081 1449 5149 frequenter
1468 5079 1746 5141 in'divinos
1771 5079 2047 5145 sermones

458 5150 1158 5225 igttinganturmtabluamur
1169 5153 1384 5225 quidem
1404 5169 1432 5206 a
1450 5156 1612 5208 veteri
1635 5158 1939 5225 approbrio,
1963 5161 2043 5213 iu-

459 5219 688 5301 duamur
703 5230 877 5301 autem
895 5236 1028 5275 nova
1045 5219 1454 5292 pulchritudine.
1477 5219 1763 5301 Enimvero
1789 5219 2046 5301 lanteillae

456 5304 578 5343 cum
596 5297 887 5360 tinguntur,
901 5301 1102 5346 natura:
1117 5308 1227 5348 suae
1242 5310 1434 5350 nomen
1448 5297 1715 5362 amittunt,
1731 5309 1784 5352 et
1806 5299 2045 5356 tinctum

457 5374 654 5417 nomen
667 5363 932 5439 accipiunt
951 5372 1034 5416 :et
1049 5378 1151 5417 non
1168 5365 1312 5439 ultra
1323 5367 1691 5439 vocaslanam,
1713 5369 1805 5424 sed
1826 5371 1906 5424 vel
1924 5385 2049 5439 pur-

459 5445 670 5512 puram,
685 5431 770 5487 vel
789 5432 1086 5512 coccinum,
1099 5435 1182 5512 vel
1199 5437 1594 5512 prasinuvael
1610 5439 1742 5512 quid
1761 5431 1935 5512 simile
1949 5458 2046 5512 pro

458 5503 704 5554 tinctura:
731 5504 936 5557 ratione
961 5518 1023 5579 ac
1046 5503 1453 5579 pulchritudine.
1475 5509 1528 5562 Si
1554 5503 1710 5579 igitur
1739 5511 1922 5565 tinctio
1949 5503 2045 5566 na-

455 5579 590 5624 tum:
606 5586 796 5624 nomen
819 5571 1186 5628 transformat:
1206 5591 1301 5631 cur
1321 5576 1414 5632 Dei
1445 5571 1628 5634 natura
1659 5595 1764 5634 non
1789 5584 2048 5637 transfor-

459 5652 571 5719 mct
599 5639 999 5721 hominem,ita
1037 5652 1096 5698 ttt
1131 5645 1177 5699 is
1218 5647 1305 5721 qui
1345 5658 1469 5721 ante
1511 5659 1775 5705 terrenam
1830 5653 2048 5721 gerebat

466 5714 772 5784 imaginem,
807 5719 930 5782 post
951 5714 1542 5790 tincturam‘imaginem
1569 5731 1715 5792 gerat
1746 5714 1993 5795 fulgidam
2025 5763 2042 5792 ,

2138 1027 2192 1072 et
2219 1035 2320 1073 una
2347 1019 2541 1073 multas
2567 1017 2942 1072 humiliationis
2961 1032 3150 1071 causas
3172 1017 3377 1082 indidit,
3407 1029 3460 1072 ut
3488 1034 3571 1087 per
3588 1022 3676 1074 vir-

2140 1097 2303 1144 tutem
2337 1089 2544 1142 insitam
2593 1089 2759 1157 gratia
2801 1087 3006 1156 opificis
3051 1087 3102 1140 in
3143 1087 3489 1143 admiratione
3522 1101 3679 1144 esset:

2143 1170 2357 1228 propter
2385 1158 2803 1229 humiliationem
2836 1167 3010 1212 autem
3041 1157 3304 1229 humanus
3339 1159 3498 1212 fastus
3527 1159 3684 1229 depri-

2141 1238 2393 1283 ntert-tur.
2439 1229 2593 1282 Dedit
2632 1229 2680 1282 ei
2725 1228 2990 1298 linguam,
3029 1243 3146 1298 qua:
3176 1228 3495 1296 loqueretur,
3542 1228 3681 1284 Deum

2143 1299 2416 1362 laudaret,
2450 1299 2625 1354 divina
2655 1297 2903 1368 caneret,
2932 1297 3370 1368 pulchritudinem
3402 1310 3588 1352 natum
3613 1299 3682 1354 in-

2143 1378 2540 1439 tcrpretaretur.
2576 1369 2799 1422 Disserit
2846 1367 2914 1439 de
2936 1367 2941 1368 ⁷
2963 1367 3195 1439 celeret
3235 1368 3302 1422 de
3337 1379 3472 1439 terra
3495 1411 3510 1434 ,
3537 1371 3688 1426 carnis

2145 1437 2398 1510 particula
2421 1439 2619 1510 lingua,
2646 1453 2818 1510 neque
2843 1437 3069 1510 duorum
3097 1437 3377 1507 digitorum
3412 1438 3596 1492 habens
3617 1439 3684 1494 la-

2145 1509 2441 1566 titudinem.
2469 1509 2522 1563 et
2546 1509 2670 1576 quid
2697 1509 2910 1578 inquam
2931 1509 3250 1577 digitorum?
3272 1523 3443 1578 neque
3463 1512 3688 1564 extremi-

2147 1581 2269 1634 tatis
2297 1579 2506 1649 unguis.
2537 1579 2641 1634 Sed
2674 1579 2801 1632 illttd
2826 1578 2896 1633 ita
2928 1594 3167 1647 parvum,
3199 1587 3252 1632 et
3274 1581 3403 1644 vile,
3426 1579 3489 1633 de
3512 1579 3628 1633 ca-lo
3647 1589 3693 1636 et

2143 1659 2286 1704 terra
2323 1649 2576 1718 loquitur.
2625 1650 2691 1702 Et
2723 1657 2779 1702 ut
2821 1665 2888 1702 ne
2929 1657 3075 1717 putet
3119 1664 3177 1703 se
3206 1665 3450 1718 magnam
3492 1650 3691 1719 aliquam

2143 1736 2256 1776 rem
2287 1735 2406 1775 esse
2423 1760 2439 1784 ,
2481 1734 2613 1774 neve
2647 1719 2866 1773 extollat
2889 1734 2946 1772 se
2971 1732 3132 1788 super
3156 1728 3398 1772 naturam
3421 1761 3437 1783 ,
3467 1735 3597 1788 saepe
3623 1731 3696 1774 tu-

2143 1804 2322 1844 mores
2347 1799 2401 1844 et
2426 1789 2601 1844 ulcera
2642 1789 2694 1843 in
2720 1803 2783 1844 ea
2814 1788 2974 1852 fiunt,
3011 1787 3068 1842 ut
3095 1787 3265 1843 discat
3302 1789 3446 1859 quod
3484 1791 3693 1842 mortalis

2143 1861 2442 1922 exsistens,
2487 1860 2552 1914 de
2580 1859 2795 1914 aeternis
2837 1870 2891 1913 et
2933 1859 3320 1914 immortalibus
3366 1859 3620 1928 loquatur,
3650 1868 3696 1913 et

2144 1931 2279 1986 sciat
2310 1945 2428 2000 qua:-
2454 1931 2619 1984 virtus
2644 1931 2793 2000 ejus,
2820 1929 2962 2000 quod
2995 1929 3331 1998 prmdicatur,
3362 1939 3420 1982 et
3449 1928 3698 2000 infirmitas

2145 2001 2262 2066 ejus
2296 1999 2386 2068 qui
2417 2000 2693 2070 praedicat.
2723 1999 2875 2053 Dedit
2903 2001 2950 2053 ei
2980 2000 3190 2070 oculum
3228 2015 3459 2070 parvum
3479 1999 3594 2052 illud
3614 1999 3700 2052 nti-

2145 2072 2297 2126 lium.
2321 2069 2452 2124 Natn
2485 2071 2534 2124 id
2561 2069 2702 2139 quod
2732 2069 2875 2124 videt
2905 2071 2955 2123 in
2984 2069 3190 2138 pupillae
3218 2070 3398 2124 medio
3421 2069 3572 2123 situm
3599 2078 3699 2124 est:

2143 2153 2199 2198 et
2251 2151 2425 2196 tamen
2473 2155 2569 2212 per
2618 2155 2836 2212 parvum
2883 2139 3688 2212 illudumilium,videtomnem

2144 2209 2572 2266 creaturamfNe
2601 2226 2729 2266 vero
2751 2211 2869 2264 ideo
2889 2210 3192 2274 extollatur,
3223 2209 3365 2279 quod
3401 2210 3571 2264 videat
3598 2225 3698 2262 ont-

2148 2297 2268 2336 nem
2283 2289 2603 2347 creaturam;
2625 2294 2768 2348 srepe
2784 2280 3141 2350 lippitudines,
3163 2279 3436 2350 humores,
3460 2280 3704 2348 lacrymzr,

2146 2363 2199 2407 et
2225 2351 2418 2405 similia
2447 2352 2618 2406 visum
2646 2349 2962 2409 obscurant,
2991 2357 3048 2404 ut
3069 2349 3137 2404 ab
3159 2349 3466 2404 infirmitate
3490 2351 3700 2417 seipsum

2149 2431 2429 2491 agnoscat;
2461 2436 2492 2476 a
2523 2420 2837 2475 formatione
2865 2429 3038 2491 autem
3067 2419 3330 2491 opificem.
3376 2420 3529 2474 Dedit
3553 2419 3599 2473 ei
3625 2434 3706 2473 cor

2147 2489 2492 2556 ratiocinans,
2520 2491 2751 2546 radicem
2780 2489 3194 2555 ratiociniorum,
3224 2489 3428 2544 fontem
3451 2490 3705 2557 cogitatio-

2148 2579 2273 2618 num
2303 2578 2318 2619 :
2349 2562 2442 2616 sed
2471 2562 2522 2615 in
2553 2561 2738 2616 iisdem
2769 2560 2901 2616 locis
2930 2559 3052 2614 fecit
3079 2561 3306 2627 viscera,
3326 2576 3451 2630 qua:
3478 2559 3705 2630 stercori.

2150 2633 2248 2688 bus
2291 2632 2512 2702 aliisque
2544 2631 2796 2702 sordibus
2837 2630 3140 2702 opplentur,
3186 2645 3295 2702 per?
3323 2629 3451 2702 qure
3494 2629 3642 2702 homo
3663 2639 3710 2685 et

2149 2702 2400 2767 comedit,
2427 2700 2558 2757 utsi
2583 2700 2794 2772 quando
2819 2700 2920 2756 cor
2942 2701 3250 2762 extollatur,
3285 2701 3529 2756 bmniliet
3554 2701 3706 2772 ipsum

2147 2783 2352 2828 venter.
2390 2773 2563 2842 Atque
2592 2770 2663 2842 ita
2691 2780 2877 2827 venter
2905 2782 2958 2827 et
2983 2781 3189 2826 stercus
3217 2779 3420 2825 nostrae
3444 2770 3707 2826 eruditioni

2147 2845 2404 2898 serviunt.
2433 2841 2564 2896 Nam
2597 2841 2758 2896 homo
2783 2851 2986 2896 stercus
3005 2841 3408 2906 circumferens,
3433 2842 3614 2896 audeat
3640 2849 3708 2894 te-

2112 2907 2118 2922 “
2148 2913 2444 2967 meritatem
2473 2921 2764 2978 ostentare,
2791 2920 2846 2967 et
2875 2928 2979 2966 non
3005 2913 3177 2966 solum
3207 2919 3486 2966 ostentare
3516 2911 3710 2965 temeri-

2150 2993 2332 3044 tatem.
2380 2982 2472 3037 sed
2520 2990 2576 3038 et
2603 2992 2786 3037 contra
2815 2983 3001 3049 Deum,
3031 2983 3167 3037 sicut
3215 2981 3477 3036 barbarus
3519 2980 3710 3050 quidam

2149 3068 2241 3108 rex
2270 3069 2431 3107 ausus
2457 3052 2556 3124 fuit
2581 3053 2777 3124 dicere
2795 3070 2817 3124 :7
2855 3051 3046 3124 Supra
3067 3051 3238 3124 stellas
3266 3069 3478 3124 portant
3498 3051 3712 3105 thronum

2149 3140 2333 3184 meum.
2357 3132 2402 3178 et
2421 3123 2600 3177 similis
2617 3139 2702 3177 ero
2715 3121 2970 3177 Altissimo
2996 3121 3151 3193 (lsai.
3172 3121 3402 3193 μέμ).
3427 3121 3481 3177 Si
3507 3131 3710 3193 tanutm,

2152 3194 2388 3264 inquam,
2421 3194 2669 3250 stercoris
2697 3203 2751 3264 et
2779 3192 3110 3264 insuavitatis
3137 3192 3524 3248 circumferens
3546 3193 3616 3248 sic
3644 3192 3711 3245 lo-

2149 3263 2362 3333 quatur,
2388 3265 2431 3317 si
2465 3264 2618 3333 hujus
2643 3263 3017 3334 imbecillitatis
3046 3279 3237 3334 expers
3261 3273 3430 3329 esset,
3449 3264 3578 3334 quis
3602 3277 3711 3316 eum

2152 3335 2314 3389 ferret
2340 3333 2668 3389 exaltatum?
2697 3333 2804 3387 liae
2852 3333 2919 3388 de
2965 3333 3125 3389 causa
3171 3348 3401 3403 magnus
3446 3333 3600 3403 Isaias
3637 3348 3714 3385 su-

2150 3406 2330 3473 perbis
2355 3405 2483 3459 dicit
2514 3423 2528 3459 :
2563 3403 2697 3469 Quid
2737 3405 2957 3474 superbit
3003 3413 3134 3458 terra
3173 3414 3219 3458 et
3263 3402 3396 3474 cinis
3427 3402 3607 3474 (Eccli.
3639 3403 3712 3456 l0.

2152 3475 2252 3544 9)?
2304 3475 2498 3529 Verum
2553 3475 2743 3544 iterum
2791 3473 2856 3527 ad
2911 3475 3202 3528 institutum
3255 3473 3562 3529 redeamus.
3599 3474 3716 3528 Delta

2150 3543 2350 3600 creavit
2377 3544 2646 3599 hominem
2673 3543 2740 3600 de
2757 3545 2990 3614 pulvere,
3009 3545 3100 3599 sed
3131 3560 3234 3598 non
3263 3545 3397 3597 vidit
3423 3545 3578 3596 homo
3592 3558 3716 3614 gno-

2153 3616 2313 3670 modo
2341 3616 2512 3680 fieret,
2552 3623 2607 3670 et
2646 3612 2770 3668 ideo
2800 3615 3060 3683 ignoravit
3099 3629 3247 3668 suam
3275 3615 3558 3668 vilitatem.
3591 3612 3719 3666 Deus

2151 3687 2321 3750 enim,
2354 3694 2412 3739 nt
2437 3685 2676 3741 dicebam
2702 3726 2716 3745 ,
2743 3686 2973 3741 animam
3009 3685 3178 3738 noluit
3201 3699 3319 3740 esse
3349 3686 3581 3753 priorem
3606 3698 3715 3737 cor-

2152 3771 2303 3824 pore,
2326 3764 2384 3810 ut
2411 3769 2479 3810 ne
2507 3755 2709 3810 videret
2737 3755 3102 3812 form:ttioncm
3125 3771 3140 3820 ;
3173 3765 3572 3817 verumtamen,
3600 3769 3717 3824 quo-

2154 3822 2296 3880 niam
2337 3827 2554 3880 omnino
2580 3825 2833 3895 nescivit,
2861 3841 2924 3880 ex
2952 3839 3051 3895 qua
3085 3825 3382 3879 humilitate
3413 3822 3719 3895 surrexerit.

2151 3905 2207 3954 et
2243 3896 2380 3966 quod
2409 3911 2530 3952 eum
2558 3894 2732 3965 opifex
2763 3895 2831 3951 de
2867 3892 3008 3950 terra
3037 3895 3271 3956 tinxerit,
3300 3895 3512 3949 reducit
3534 3909 3646 3949 eum
3672 3892 3719 3945 in

2155 3977 2374 4031 terram,
2407 3981 2435 4018 a
2465 3981 2565 4035 qua
2597 3974 2836 4032 sumptus
2865 3975 2966 4028 est,
2997 3975 3054 4019 ut
3084 3968 3275 4020 iterum
3302 3980 3459 4018 suam
3485 3973 3718 4032 expertus

2155 4037 2538 4107 infirmitatem,
2561 4045 2812 4107 agnoscat
2836 4046 2889 4090 et
2907 4036 3226 4107 primaevam
3244 4035 3645 4107 beueficentiam
3669 4042 3718 4086 et

2152 4106 2382 4164 futuram
2426 4106 2839 4165 misericordiam
2865 4122 2879 4168 ;
2909 4104 3120 4174 quando
3146 4106 3285 4160 enim
3317 4104 3578 4160 formatus
3612 4111 3716 4166 est,

2155 4179 2375 4233 nescivit
2413 4177 2553 4246 quod
2578 4176 2645 4231 de
2684 4185 2824 4233 terra
2853 4176 3020 4230 factus
3046 4185 3209 4231 esset.
3252 4176 3489 4246 Attende
3514 4175 3720 4242 diligen-

2157 4259 2254 4312 ter,
2289 4263 2355 4304 ne
2375 4245 2614 4316 te'fugiat
2638 4247 2808 4301 latens
2823 4259 3029 4302 sensus.
3053 4246 3222 4301 Adam
3242 4245 3368 4300 dum
3391 4245 3718 4316 formaretur,

2155 4318 2430 4388 ignorabat
2455 4315 2594 4388 qucd
2635 4316 2703 4371 de
2726 4317 2944 4388 pulvere
2982 4327 3258 4388 surgeret:
3289 4315 3508 4388 quando
3549 4315 3602 4368 in
3642 4329 3721 4388 re-

2154 4382 2488 4464 surrectione
2505 4397 2703 4464 surget,
2727 4382 2866 4441 sciet
2898 4387 3037 4456 quod
3069 4382 3396 4464 resurgendo
3423 4393 3587 4464 eruat
3605 4382 3721 4464 pui-

2152 4475 2353 4514 verem.
2375 4457 2507 4512 Nam
2529 4456 2627 4512 etsi
2655 4468 2892 4511 mortuus
2921 4459 3275 4526 semetipsum
3302 4471 3409 4511 non
3435 4456 3635 4518 videat,
3655 4456 3724 4506 vi-

2151 4530 2243 4585 det
2262 4541 2437 4583 tamen
2461 4542 2582 4583 eum
2603 4528 2690 4597 qui
2717 4536 2841 4581 ante
2868 4541 2924 4580 se
2947 4536 3048 4581 est.
3075 4527 3325 4582 Videmus
3346 4541 3448 4582 nos
3468 4533 3718 4586 mortuos,

2151 4612 2205 4654 et
2230 4602 2282 4654 in
2314 4600 2606 4668 pulverem,
2627 4597 2926 4655 resolutos:
2958 4606 3012 4651 et
3038 4612 3131 4666 per
3155 4613 3272 4667 quas
3313 4597 3583 4660 videmus,
3605 4609 3724 4668 eru-

2150 4665 2346 4725 dimur.
2379 4669 2490 4724 Non
2525 4667 2701 4722 vidisti
2738 4683 2880 4736 sche
2905 4665 3134 4722 audaces
3174 4665 3320 4722 vires
3359 4679 3415 4723 et
3440 4665 3722 4736 superbos2

2152 4739 2418 4808 quomodo
2461 4737 2785 4793 consternati
2818 4731 2879 4792 ἐι
2907 4737 3165 4792 lmmiliati
3197 4748 3322 4794 sunt
3348 4739 3398 4791 in
3433 4731 3722 4808 mortibus?

2151 4807 2433 4865 Nuntiatur
2459 4824 2602 4862 mors
2620 4851 2635 4873 ,
2663 4817 2718 4862 et
2742 4808 2904 4862 corde
2945 4817 3178 4862 tremunt
3201 4821 3390 4864 omnes
3421 4807 3726 4872 animosque

2151 4881 2424 4949 dejiciunt.
2460 4879 2532 4932 ita
2563 4887 2616 4932 ct
2637 4879 2776 4949 circa
2799 4879 3038 4946 sepulcra
3064 4877 3529 4949 philosophamur,
3552 4875 3724 4930 viden—

2153 4948 2232 5004 tes
2262 4966 2381 5002 ossa
2423 4950 2560 5003 nuda
2587 4989 2600 5010 ,
2643 4958 2696 5003 et
2741 4948 3024 5002 humanam
3057 4948 3298 5002 naturam
3341 4961 3638 5005 corrosam.
3677 4951 3726 4998 et

2110 5065 2114 5068 .
2151 5021 2483 5084 dissolutam,
2506 5019 2684 5073 statim
2711 5019 2848 5072 inter
2869 5034 2966 5073 nos
2985 5019 3444 5087 philosophantur,
3469 5017 3721 5087 dicentes:

2151 5092 2309 5163 Ecce,
2334 5090 2457 5158 quid
2488 5090 2695 5163 tandem
2722 5104 2788 5144 ex
2815 5089 2968 5163 nobis
2989 5086 3086 5142 lit?
3113 5099 3170 5163 et
3187 5086 3291 5163 quo
3317 5086 3722 5163 abimus?_f_;ou-

2153 5156 2470 5221 fabulamur,
2516 5159 2819 5229 egredimur
2864 5159 2932 5214 de
2976 5156 3234 5228 sepulcris
3269 5171 3284 5212 :
3323 5166 3376 5211 et
3420 5156 3726 5229 humilitatis

2151 5243 2348 5286 nostrae
2387 5227 2766 5284 obliviscimur.
2797 5230 2948 5298 Apud
2977 5227 3219 5299 sepulcra
3258 5229 3328 5282 ita
3367 5227 3726 5296 unusquisque

2153 5303 2400 5375 proximo
2427 5301 2671 5375 loquitur
2702 5317 2714 5352 :
2747 5314 2780 5353 ο
2803 5300 3070 5375 miseriam
3091 5340 3116 5375 ,_
3138 5313 3171 5375 o
3214 5301 3465 5375 miseram
3499 5305 3723 5375 nostram

2151 5367 2313 5426 vitam
2339 5372 2353 5426 !
2388 5367 2522 5425 vide
2543 5371 2665 5440 quid
2697 5369 2905 5424 tandem
2936 5385 2999 5424 ex
3033 5372 3183 5424 nobis
3213 5371 3325 5424 fiat.
3353 5367 3614 5435 Quamvis
3643 5379 3727 5417 au-

2153 5453 2257 5499 tem
2286 5443 2362 5496 sic
2398 5442 2699 5510 loquamur,
2735 5441 2970 5510 rapimus
2997 5451 3169 5493 tamen
3202 5440 3298 5508 ipsi
3325 5451 3374 5492 et
3392 5441 3724 5510 clamamus,

2151 5523 2206 5568 et
2229 5509 2536 5586 injuriarum
2558 5510 2919 5586 recordamur.
2947 5511 3182 5586 Quisque
3204 5514 3272 5564 ita
3299 5509 3724 5586 pitiIoSOpltatur,

2151 5577 2300 5654 quasi
2337 5583 2550 5636 malitia:
2580 5577 3022 5636 renuntiaturus:
3054 5577 3108 5636 et
3133 5582 3275 5654 intus
3302 5577 3523 5654 quidem
3565 5577 3727 5654 philo-

2153 5647 2426 5723 sopitatnr,
2450 5654 2780 5708 extrinsecus
2795 5662 2970 5707 autem
2993 5653 3243 5723 operibus
3267 5647 3388 5723 ipsis
3419 5647 3724 5723 Dcoadver-

2154 5718 2319 5781 satur.
2348 5723 2643 5796 Eapmpter
2669 5723 2810 5779 Deus
2834 5718 3294 5793 ubiquc'sepulcra
3321 5721 3432 5776 fieri
3457 5718 3645 5784 voluit,
3675 5723 3729 5772 ut
