4030 6136
324 350 462 409 1085

316 459 425 521 illis
458 471 656 520 nostra:
695 462 930 532 ipsorum
967 457 1902 532 inlirmitatis__mcmoresheremus.

323 537 444 591 tdeo
485 535 660 588 omnis
700 527 918 598 civitas,
956 546 1113 584 omne
1137 528 1416 598 castellum
1442 537 1564 581 ante
1610 527 1906 598 ingressum

319 607 558 674 sepulcra
589 604 784 668 habet,
815 616 883 674 ut_
896 597 1019 674 quis
1047 598 1377 674 contendens
1408 597 1605 674 intrare
1634 599 1691 674 it_i_
1716 597 1903 674 civita-

320 665 429 731 tein
457 665 828 742 imperantem,
855 665 1073 734 divitiis,
1103 671 1358 742 potentia,
1377 668 1614 742 aliisque
1642 665 1911 742 dignitati-

320 747 421 800 bus
445 737 748 803 florentem,
773 737 1080 814 priusquam
1104 737 1182 814 id,
1212 740 1352 809 quod
1376 740 1427 814 i_n
1451 747 1627 814 me.=te
1654 737 1906 814 concipit,

321 823 540 877 cernat,
569 814 749 868 videat
773 807 910 882 'quis
940 807 1066 882 ipse
1097 807 1303 882 futurus
1349 811 1435 863 sit.
1468 809 1604 882 Ante
1632 807 1906 871 civitates,

322 895 445 940 ante
473 899 628 954 agros
651 893 774 938 sunt
800 878 1042 954 sepulcra
1067 899 1080 946 ;
1114 881 1308 954 ubique
1333 888 1454 954 ante
1477 878 1663 954 oculos
1691 887 1773 954 e_st
1797 893 1903 954 _no-

325 965 455 1011 stra:
481 946 790 1009 hiunilitatis
819 946 1002 1006 schola
1033 969 1045 1004 :
1076 961 1129 1006 et
1155 946 1410 1004 docemur
1438 949 1489 1001 in
1531 946 1657 1017 quid
1698 947 1909 1001 desina-

325 1041 444 1102 mus
472 1025 684 1081 tandem
699 1065 729 1102 ,_
744 1031 798 1102 et
826 1031 951 1102 tunc
978 1021 1233 1102 videmus
1246 1035 1363 1102 qua:
1388 1021 1676 1102 intussunt
1705 1028 1908 1082 specta-

324 1099 443 1151 cula
474 1115 488 1151 :
520 1109 691 1164 neque
717 1094 802 1164 hic
828 1093 1024 1159 solum,
1055 1091 1150 1164 sed
1186 1099 1241 1144 et
1267 1089 1552 1158 ingressuri
1579 1089 1644 1140 ad
1673 1102 1911 1141 commu-

327 1168 542 1222 Itionem
592 1162 738 1230 vita},
767 1163 1022 1218 docemur
1065 1162 1323 1214 vilitatem
1373 1173 1636 1230 summam
1686 1167 1908 1230 ttaturze.

324 1239 482 1306 §:epc
506 1237 588 1288 vir
609 1227 1064 1306 quando_t_txorem
1087 1231 1282 1306 ducere
1310 1230 1440 1288 vult,
1465 1227 1653 1281 scriba:
1675 1227 1912 1306 suggerit

323 1297 522 1360 dotalia
550 1297 788 1358 munera.
819 1301 1066 1356 Nondum
1094 1301 1281 1368 copula
1300 1338 1319 1366 ,
1345 1308 1400 1353 et
1429 1311 1576 1351 mors
1605 1298 1781 1351 statim
1814 1297 1909 1350 dc-

324 1377 574 1431 scribitur
614 1391 628 1426 :
673 1373 909 1427 nondum
939 1372 1216 1426 consortio
1239 1381 1293 1424 et
1337 1368 1536 1437 nuptiis
1565 1381 1692 1420 usus
1718 1376 1793 1420 est
1815 1406 1830 1430 ,
1859 1373 1914 1419 et

324 1454 551 1500 mortem
572 1443 973 1516 statimtdelittit.
998 1439 1241 1516 Nondum
1266 1449 1482 1516 nuptam
1507 1437 1738 1516 vidithet
1767 1452 1911 1489 mor-

326 1520 394 1570 tis
414 1516 667 1569 adversus
695 1506 952 1582 seipsum,
977 1521 1032 1565 et
1060 1511 1316 1582 adversus
1343 1506 1486 1582 illam
1517 1506 1908 1582 calculos_pro_-

329 1586 512 1654 ponit,
543 1600 606 1639 ac
632 1575 818 1637 scribit
845 1583 896 1636 in
928 1575 1066 1654 hunc
1090 1580 1324 1654 modum
1358 1595 1372 1632 :
1400 1579 1447 1654 si
1486 1587 1730 1654 mortuus
1758 1575 1918 1654 fuerit

325 1646 406 1709 vir
431 1646 552 1708 ante
579 1654 880 1715 mulierem,
910 1651 954 1704 si
997 1651 1187 1705 mulier
1210 1659 1336 1703 ante
1367 1649 1562 1711 virum,
1598 1647 1699 1700 hoc
1729 1655 1782 1700 et
1814 1646 1913 1698 hoc

327 1726 661 1793 disponatur.
707 1723 795 1778 Sic
825 1723 1062 1776 formata:
1099 1731 1224 1775 sunt
1253 1719 1438 1787 patria:
1483 1718 1628 1785 leges
1665 1733 1692 1793 :_
1722 1717 1916 1784 ubique

325 1787 573 1850 omnibus
607 1803 810 1847 natura:
846 1800 968 1845 sunt
991 1801 1331 1844 monumenta
1365 1806 1376 1840 :
1411 1801 1467 1843 ct
1490 1804 1593 1841 non
1615 1787 1788 1841 snlum
1818 1804 1913 1840 eo-

327 1883 443 1920 rum
475 1867 564 1933 qui
593 1874 716 1918 sunt
743 1873 797 1917 et
835 1863 1048 1933 vivunt,
1088 1860 1557 1933 mortisferuntur
1582 1857 1866 1933 sententia:
1897 1873 1910 1933 ξ

325 1937 422 1989 sed
445 1926 506 1988 et'
523 1952 707 1989 eorum
737 1934 822 2002 qui
849 1932 1079 1985 nondum
1110 1933 1242 1986 nati.
1269 1929 1406 1996 Quid
1434 1929 1574 2002 enim
1606 1929 1740 2002 ultra
1766 1928 1850 1980 dic
1877 1926 1920 1979 t?

325 2007 478 2072 Quod
511 2007 553 2058 si
584 1997 927 2057 natus—fuerit
956 2001 1095 2055 illius
1115 2043 1130 2064 ,
1157 2013 1212 2056 et
1255 2009 1509 2072 mortuus
1526 1997 1684 2072 fuerit
1718 2013 1735 2072 _:
1780 2013 1916 2049 nou-

327 2067 452 2129 tlum
503 2075 738 2138 fructus,
780 2083 835 2127 et
860 2073 1123 2126 sententia
1157 2073 1261 2124 lata
1297 2079 1398 2125 est.
1438 2069 1603 2138 Igitur
1632 2068 1684 2121 in
1717 2067 1914 2138 instru-

326 2146 524 2201 mentis
550 2136 764 2214 quidem
793 2143 1033 2211 agnoscit
1058 2141 1434 2214 naturam,_sic
1458 2136 1656 2214 cavens
1684 2155 1696 2188 :
1729 2136 1784 2214 Si
1814 2153 1908 2190 au-

331 2228 436 2272 tem
475 2209 602 2285 quid
654 2209 940 2268 humanum
976 2213 1230 2285 patiatur,
1270 2211 1354 2265 vel
1400 2209 1592 2285 mulier
1637 2209 1914 2285 moriatttr,

329 2277 657 2342 obliviscitur
684 2298 869 2338 eorum
900 2277 1020 2352 qiu'e
1049 2283 1278 2350 scripsit,
1298 2290 1359 2352 et
1388 2280 1608 2334 alterius
1644 2277 1915 2352 tragaadize

331 2357 492 2411 verba
541 2355 772 2423 profert,
817 2363 871 2407 et
917 2348 1034 2406 haec
1062 2348 1229 2406 dicit:
1260 2351 1428 2423 Mene
1467 2348 1751 2418 oportebat
1803 2349 1918 2423 hinc

329 2427 477 2499 pati?
507 2417 658 2499 litmc
683 2433 891 2499 tantqm
917 2425 1064 2499 potui
1095 2437 1314 2499 sperare
1341 2417 1608 2499 dolorem,
1639 2425 1696 2470 ut
1721 2417 1911 2487 conju-

332 2439 477 2499 putt?
510 2439 658 2480 nunc
683 2439 886 2477 tantum
899 2439 1064 2547 JJOIIII
1095 2439 1313 2490 sperare
1341 2439 1608 2498 umorem,
1639 2439 1696 2470 ut
1721 2439 1911 2487 conju-

332 2499 422 2568 tio
469 2495 746 2568 privarer?
792 2493 894 2559 Qui
980 2492 1170 2562 igitur?
1199 2491 1541 2568 Oblivisceris
1581 2503 1770 2542 eorum
1799 2504 1919 2568 qua:

331 2563 624 2634 scripsisti?
669 2575 722 2619 et
760 2579 881 2617 cum
913 2572 1070 2634 extra
1101 2563 1372 2634 negotium
1403 2573 1556 2622 eras,
1591 2563 1918 2634 agnoscebas

335 2627 539 2690 natura:
579 2634 820 2688 limites:
863 2632 1076 2702 quando
1117 2627 1293 2685 autem
1338 2631 1389 2702 in
1420 2644 1618 2702 casum
1648 2627 1916 2702 incidisti,

336 2706 671 2762 Oblivisceris
702 2699 1144 2772 legum'naturaz?
1177 2702 1300 2756 Haic
1329 2699 1577 2772 dicuntur
1598 2699 1658 2772 in
1689 2700 1918 2772 castiga-

333 2779 532 2831 tionem
558 2769 816 2840 omnium,
845 2782 902 2826 ut
923 2788 1111 2827 omnes
1135 2773 1334 2838 omnia,
1365 2787 1483 2840 qua:
1512 2769 1610 2823 sibi
1638 2769 1915 2840 eveniunt,

333 2846 542 2902 fortiter
568 2847 759 2909 ferant,
788 2839 842 2897 et
869 2861 934 2898 ue
966 2845 1082 2907 quis
1108 2843 1364 2896 damnosa
1384 2839 1541 2909 putet
1571 2839 1666 2894 Dei
1692 2839 1911 2907 judicia.

334 2919 498 2974 Extra
525 2929 791 2970 {erumnas
817 2929 882 2968 ne
909 2913 1333 2982 philos0pheris;
1366 2911 1460 2965 sed
1487 2925 1607 2982 cum
1640 2911 1745 2964 illa:
1774 2910 1922 2963 inva-

335 2989 490 3053 dunt,
518 2981 1285 3056 magnanimitatemestende.
1319 2981 1542 3050 Quando
1578 2994 1924 3056 inuerestre-

336 3050 562 3112 cordare
591 3050 896 3120 verborum,
925 3054 1118 3123 quibus
1158 3064 1408 3123 intestino
1448 3050 1772 3123 consolaris.
1796 3050 1924 3116 Qui-

335 3130 438 3182 hus
456 3137 635 3180 autem
666 3120 1004 3181 sermonibus
1033 3125 1231 3178 utimur
1258 3122 1395 3191 apud
1423 3122 1699 3192 lugentes?
1729 3120 1917 3192 Nonne

336 3199 408 3252 ita
438 3197 577 3266 apud
603 3211 699 3251 eos
729 3197 1206 3266 philosophantur?
1238 3191 1495 3247 Humana:
1517 3199 1644 3245 sunt
1671 3192 1750 3243 ha:
1779 3191 1922 3266 cala-

337 3261 552 3322 mitaics
583 3285 597 3322 :
625 3261 743 3320 non'
774 3264 882 3320 fers
915 3261 1062 3319 solus
1091 3265 1226 3319 hanc
1255 3277 1549 3318 :erumnatn
1582 3283 1594 3312 :
1628 3277 1733 3314 non
1778 3261 1924 3314 solus

337 3339 523 3392 mortis
549 3337 656 3390 vim
683 3336 976 3390 sustinuisti
1009 3354 1021 3387 :
1051 3345 1105 3390 et
1145 3349 1298 3404 reges
1322 3333 1514 3388 similia
1547 3331 1724 3385 ferunt
1756 3348 1803 3404 εγ
1830 3329 1925 3383 da-

339 3422 526 3463 mnum
557 3407 656 3459 hoc
680 3420 823 3474 saepe
843 3415 897 3460 et
928 3405 1193 3474 principes
1211 3401 1508 3474 patiuntur,
1537 3411 1696 3470 atque
1719 3401 1806 3454 alii
1832 3416 1925 3468 po-

337 3487 515 3532 tentes
540 3493 554 3529 :
582 3491 812 3545 agnosce
835 3486 976 3529 tuam
1001 3476 1167 3544 ipsius
1193 3485 1435 3528 naturam
1461 3491 1476 3526 :
1505 3474 1666 3526 homo
1695 3487 1773 3537 es,
1805 3486 1925 3545 cum

339 3547 587 3602 omnibus
610 3538 922 3600 communes
953 3538 1094 3616 leges
1126 3547 1309 3599 habes.
1550 3613 1581 3616 __
1781 3611 1794 3616 _
1862 3538 1913 3616 _‘

411 3619 463 3674 '5.
496 3617 621 3670 Utve
649 3625 700 3671 et
740 3617 821 3670 his
867 3611 1029 3685 ρΙιιιιίῖ
1052 3616 1320 3685 loqueris,
1350 3629 1470 3668 cum
1517 3613 1675 3666 alium
1715 3611 1926 3664 solaris.

340 3688 475 3744 Num
504 3688 727 3741 aliorum
755 3687 1070 3755 magnificus
1092 3702 1151 3740 es
1177 3685 1384 3750 doctor,
1416 3685 1504 3737 tibi
1535 3694 1710 3737 autem
1757 3698 1929 3751 neque

341 3760 504 3813 miser
532 3773 591 3811 es
626 3757 954 3824 discipulus?
984 3757 1184 3825 Magna:
1213 3765 1267 3808 et
1291 3769 1563 3824 generosa:
1593 3756 1784 3825 animze
1815 3755 1928 3825 fue-

343 3831 433 3892 rit,
467 3829 518 3880 itt
544 3823 932 3882 calamitatibus
960 3823 1330 3894 philosophum
1352 3840 1529 3894 agere.
1557 3823 1612 3876 Si
1644 3823 1810 3891 possit
1837 3823 1932 3894 ali-

342 3901 460 3968 quis
491 3899 542 3951 in
566 3898 752 3968 quavis
779 3892 1082 3968 calamitate
1100 3937 1116 3962 ,
1147 3892 1230 3950 vel
1259 3892 1593 3968 tristitiauvel
1621 3909 1816 3968 damno
1840 3892 1924 3968 dt-

345 3963 469 4023 eere
500 3985 513 4020 :
544 3963 724 4022 Justus
749 3967 1073 4033 es,Dontine,
1118 3977 1163 4019 et
1208 3977 1344 4020 recta
1376 3964 1578 4035 judicia
1619 3974 1748 4035 fuat:
1772 3965 1819 4035 is
1841 3963 1935 4016 da-

345 4053 528 4093 mnum
582 4042 684 4093 fert
734 4049 790 4091 ut
844 4037 1046 4102 homo,
1096 4033 1388 4091 coronatur
1411 4043 1586 4089 autem
1640 4034 1717 4088 uti
1767 4033 1932 4087 Deum

345 4123 552 4163 amans.
585 4109 700 4162 Vita
719 4148 736 4173 ,
767 4106 960 4162 fratres
982 4149 998 4172 ,
1028 4109 1191 4160 multa
1219 4105 1527 4161 difﬁcultate
1555 4103 1706 4173 plena
1749 4112 1850 4170 est,
1882 4113 1937 4158 et

344 4179 805 4248 oportetomnino
838 4178 1038 4246 justum
1079 4187 1134 4233 et
1172 4177 1446 4248 injustum,
1479 4177 1707 4248 etpium
1737 4182 1791 4248 et
1831 4175 1933 4227 itit-

348 4245 492 4318 piutn
525 4246 704 4316 affligi.
742 4245 847 4301 Sed
878 4263 1064 4316 magna
1104 4256 1187 4318 est
1211 4245 1458 4318 varietas.
1487 4245 1644 4318 Aliud
1671 4247 1813 4318 enim
1856 4252 1939 4298 est

346 4315 544 4386 corripi
587 4315 657 4370 ut
680 4315 1030 4370 domesticum
1063 4335 1075 4368 :
1104 4317 1246 4370 aliud
1278 4316 1539 4386 ﬂagellari
1576 4325 1633 4368 ut
1669 4315 1932 4386 alienum.

354 4385 677 4443 Verberatur
722 4388 889 4450 filius,
942 4387 1249 4440 verberatur
1293 4385 1609 4439 et’famulus
1651 4401 1663 4436 :
1706 4385 1800 4440 sed
1854 4385 1941 4437 hic

349 4459 565 4528 quidem
590 4467 645 4510 ut
670 4471 857 4528 servus
875 4459 963 4528 qui
993 4455 1248 4528 peccavit,
1281 4455 1370 4528 ille
1390 4470 1519 4509 vero
1541 4465 1598 4528 ut
1624 4454 1779 4528 liber,
1806 4465 1860 4509 et
1883 4465 1940 4508 ut

351 4525 495 4584 filius
510 4527 786 4597 disciplina
809 4526 1070 4596 indigens.
1098 4525 1269 4596 Plaga:
1289 4526 1392 4579 illa:
1410 4539 1514 4578 non
1537 4525 1736 4597 faciunt
1757 4542 1906 4594 aequa
1921 4557 1936 4564 -

1453 341 1542 398 DE
1569 339 1728 398 FIDE
1765 339 1856 395 ET
1893 338 2078 395 LEGE
2115 338 2441 398 NATURA‘J.

3465 339 3604 396 {086

2023 455 2107 511 nis
2127 454 2401 525 Scriptura
2435 454 2743 525 pignoribus
2766 455 2960 510 divina:
2985 453 3360 512 misericordia:
3392 470 3406 508 :
3436 457 3603 524 inquit

2017 527 2160 580 enim
2191 541 2206 578 :
2251 524 2370 579 Vivo
2389 524 2507 596 ego,
2533 527 2654 580 dicit
2683 524 2932 579 Dominus
2958 527 3119 596 rnolg
3139 537 3347 596 mortem
3375 537 3576 593 peccato

2015 597 2108 667 ris,
2133 596 2222 650 sed
2242 606 2293 648 ut
2313 593 2474 667 magis
2493 606 2811 667 convertatur
2833 605 2880 648 et
2901 597 3027 649 vivat
3050 593 3260 667 (Ezeeh.
3291 595 3376 650 18.
3403 595 3607 667 3.25).

2020 665 2174 720 Jurat
2203 667 2362 730 Deus,
2390 665 2494 720 non
2520 667 2669 736 quasi
2694 666 2794 720 sibi
2832 667 2929 735 ipsi
2960 682 3062 718 nou
3091 665 3317 736 credens
3339 707 3355 730 ,
3384 665 3477 719 sed
3509 681 3581 719 no

2017 745 2182 790 stram
2212 735 2579 806 infidelitatem
2601 736 2667 790 ad
2692 737 2846 791 fidem
2879 750 3086 806 urgens.
3115 735 3264 790 Dicat
3283 737 3440 806 igitur
3463 737 3606 805 quisa

2018 807 2136 875 quis
2163 805 2539 860 afflictionibus
2583 807 2936 869 examinator,
2967 805 3145 859 Justus
3171 822 3242 866 es,
3284 807 3518 870 Domine,
3561 815 3610 859 et

2016 886 2153 929 recta
2185 877 2384 945 judicia
2427 889 2513 931 tua
2545 896 2564 931 :
2595 886 2649 931 et
2675 878 2830 931 simul
2879 875 3067 930 fortem
3090 875 3305 930 exhibet
3331 879 3608 945 animum,

2020 941 2378 1016 pietatemque
2419 964 2524 1002 non
2555 949 2731 1001 solvit.
2769 947 2952 1012 Qualis
2990 955 3104 1000 erat
3128 946 3313 1001 beatus
3339 946 3476 1008 Job,
3515 941 3606 1016 qui

2019 1017 2275 1070 adversus
2311 1033 2497 1072 ontnes
2535 1018 2852 1072 afflictiones
2886 1017 3052 1072 aciem
3081 1017 3348 1077 instruxit.
3379 1018 3466 1085 qui
3489 1017 3609 1071 dia-

2017 1085 2124 1140 boli
2156 1087 2582 1142 terriculamenta
2610 1089 2757 1152 vicit,
2784 1088 2873 1156 qui
2907 1096 3066 1140 totam
3094 1089 3210 1154 ejus
3247 1087 3447 1141 rabiem
3475 1089 3602 1140 irri-

2025 1166 2131 1209 tam
2161 1156 2305 1220 fecit,
2334 1158 2424 1226 qui
2450 1160 2744 1212 constantia
2782 1157 2975 1212 mentis
3002 1156 3190 1211 fluctus
3220 1157 3414 1211 diaboli
3444 1158 3608 1212 dissi-v

2019 1227 2184 1294 pavit,
2212 1228 2302 1295 qui
2333 1229 2581 1282 omnibus
2619 1229 2776 1281 simul
2815 1229 3066 1295 privatus,
3100 1238 3331 1282 attamen
3372 1228 3609 1284 omnium

2021 1296 2294 1368 dominum
2325 1312 2429 1350 non
2456 1299 2693 1368 negavit.
2713 1298 2907 1351 Verum
2938 1298 3076 1350 illius
3100 1307 3474 1368 stratagemata
3512 1314 3610 1367 pe-

2018 1367 2205 1438 euliari
2235 1383 2483 1421 sermone
2505 1366 2912 1422 describeutur:
2945 1382 3064 1420 nam
3089 1382 3212 1421 vere
3244 1366 3376 1438 opus
3407 1366 3605 1422 habent

2019 1437 2282 1490 destinato
2318 1447 2555 1505 tempore
2593 1447 2649 1490 ut
2682 1439 3030 1506 exquirantur
3077 1453 3092 1490 :
3142 1453 3210 1491 nc
3248 1437 3606 1506 perfunctorie

2021 1506 2286 1575 loquendo
2316 1507 2430 1576 ejus
2466 1508 2758 1563 certamina
2790 1508 3109 1562 contumelia
3148 1507 3462 1561 afliciaums.
3493 1509 3611 1564 Pra:

2019 1577 2190 1632 oculis
2218 1587 2394 1632 tamen
2425 1577 2713 1632 habeamus
2750 1593 2869 1646 quae
2903 1578 3036 1630 dixit
3077 1576 3229 1630 fortis
3275 1579 3362 1632 ille
3406 1588 3461 1632 et
3499 1595 3612 1632 ma-

2019 1663 2154 1714 gnus
2179 1649 2336 1717 pugil.
2367 1649 2627 1714 Quoniam
2668 1648 2812 1703 enim
2843 1649 3072 1717 sigillum
3109 1647 3264 1702 dictis
3292 1648 3474 1712 infert,
3507 1666 3609 1702 nu-

2021 1719 2173 1770 datus
2217 1719 2489 1784 omnihus,
2541 1719 2774 1786 seipsum
2829 1719 3022 1786 pietate
3072 1734 3174 1770 non
3225 1719 3462 1782 nudavit,
3515 1720 3608 1773 sed

2021 1787 2155 1841 dixit
2185 1805 2198 1841 :
2230 1788 2486 1843 Dominus
2511 1790 2679 1851 dedit,
2713 1789 2959 1841 Dominus
2985 1787 3212 1850 abstulit;
3236 1794 3364 1841 sicut
3393 1789 3610 1842 Domino

2020 1859 2180 1910 visum
2207 1871 2310 1924 est,
2354 1862 2426 1912 ita
2461 1869 2507 1912 et
2543 1864 2734 1925 factum
2763 1867 2832 1912 est
2869 1858 2990 1925 (Job
3040 1859 3090 1912 l.
3121 1858 3237 1925 Ἃ).
3267 1859 3411 1914 Bene
3455 1860 3609 1925 dicit,

2021 1929 2181 1981 visum
2205 1939 2274 1982 est
2303 1948 2319 1984 :
2351 1929 2596 1984 concedit
2615 1929 2938 1994 auctoritati,
2971 1945 3074 1982 non
3097 1931 3306 1983 curiose
3331 1930 3613 1999 dispensa-

2023 1999 2218 2052 tioncm
2240 2000 2488 2068 explorat
2519 2017 2532 2052 :
2557 2016 2661 2053 non
2690 1999 2824 2052 dixit
2848 1999 2985 2053 sicut
3009 2014 3106 2053 nos
3139 2017 3152 2054 :
3182 2001 3357 2064 Quare
3384 2001 3609 2068 juvenes

2022 2069 2340 2133 moriuntur,
2382 2081 2436 2123 et
2471 2085 2627 2124 senes
2659 2070 2908 2124 manent?
2937 2070 3118 2137 Qualis
3145 2078 3226 2124 est
3255 2070 3353 2123 ista
3384 2071 3603 2139 dispen-

2022 2140 2198 2193 satio?
2237 2141 2513 2194 Desiderat
2561 2156 2724 2194 senex
2773 2150 3036 2202 mortem,
3087 2141 3294 2195 solutus
3338 2143 3608 2206 carnibus,

2023 2224 2182 2280 opum
2239 2209 2481 2280 indigus,
2535 2221 2589 2265 et
2641 2211 2760 2265 aliis
2799 2211 3251 2264 consolationibus
3297 2210 3606 2276 destitutus,

2021 2277 2409 2352 frustraturque
2459 2289 2618 2352 voto;
2663 2291 2718 2334 et
2767 2296 2898 2348 puer
2939 2281 3184 2352 amabilis
3226 2280 3446 2352 formae,
3487 2298 3610 2352 gra-

2027 2356 2113 2403 tus
2164 2351 2506 2418 parentibus,
2553 2351 2869 2404 immaturus
2912 2351 3134 2418 rapitur.
3185 2351 3336 2405 Disce
3379 2351 3505 2405 non’
3538 2363 3610 2406 ta-

2024 2418 2092 2473 lia
2141 2434 2422 2490 qtnerere;
2475 2420 2570 2474 sed
2616 2421 2776 2474 dicito
2810 2420 3059 2474 :Judicia
3105 2430 3193 2472 tua
3232 2422 3442 2490 abyssus
3472 2424 3606 2474 mul-

2024 2498 2076 2542 ta
2115 2488 2311 2553 (Psal.
2362 2492 2450 2545 55.
2482 2491 2562 2556 7).
2617 2490 2771 2544 Disce
2826 2502 2877 2544 ιιι
2929 2491 3076 2544 dicas
3115 2507 3128 2544 :
3161 2488 3339 2544 Justus
3388 2508 3459 2550 es.
3506 2493 3615 2545 Do-

2024 2561 2184 2625 mine,
2228 2571 2276 2614 et
2326 2573 2467 2615 recta
2497 2561 2707 2630 judicia
2735 2574 2823 2613 tua
2858 2559 3031 2628 (l'sal.
3080 2559 3200 2630 1718.
3249 2558 3389 2630 1'97).
3428 2558 3604 2619 Disce,

2027 2639 2084 2683 ut
2107 2629 2298 2687 dicas:
2339 2627 2746 2686 Sicut'llomino
2774 2631 2941 2683 risum
2963 2645 3059 2687 εει,
3095 2629 3172 2681 ita
3198 2636 3246 2680 et
3279 2627 3474 2682 factum
3507 2635 3604 2677 est.

2023 2700 2268 2770 Agnos-ce
2293 2700 2679 2763 auctoritatem,
2707 2709 2766 2753 ut
2791 2713 3047 2769 agnoscas
3071 2709 3117 2753 et
3140 2698 3613 2768 pictatem.Verum

2024 2771 2271 2838 quoniam
2314 2771 2493 2824 incidit
2534 2784 2711 2826 sermo
2750 2770 2817 2824 de
2853 2771 3018 2839 gloria
3057 2770 3284 2839 Spiritus
3317 2772 3506 2835 sancti,
3530 2770 3613 2822 di-

2025 2855 2209 2894 camus
2249 2839 2446 2908 aliquid
2493 2855 2558 2894 ex
2598 2840 2932 2909 dogmatibus
2979 2842 3029 2894 in
3074 2851 3307 2894 nostram
3336 2841 3614 2894 utilitatem

1978 2974 1993 2982 ε
2027 2921 2079 2964 et
2109 2910 2467 2964 securitatem.
2499 2910 2630 2964 Nam
2659 2913 2796 2963 sicut
2834 2910 2953 2972 Job,
2986 2925 3106 2964 cum
3138 2910 3288 2973 dixit,
3321 2911 3470 2964 Sicut
3501 2911 3608 2963 Do-

2027 2981 2162 3033 mino
2189 2982 2348 3034 visum
2392 2989 2484 3044 est,
2513 2983 2882 3034 auctoritatem
2913 2983 3230 3034 monstravit
3273 2991 3328 3034 et
3364 2981 3611 3034 domina-

2027 3052 2249 3113 tionem,
2282 3052 2360 3104 sic
2399 3061 2453 3104 et
2494 3050 2716 3118 apostoli
2765 3051 2986 3103 herilem
3030 3051 3397 3104 auctoritatem
3444 3053 3614 3104 sancti

2030 3123 2260 3191 Spiritus
2299 3119 2663 3185 ostendentes,
2711 3121 2929 3174 dicunt:
2970 3118 3142 3173 Visum
3187 3130 3260 3174 est
3294 3133 3465 3174 sancto
3497 3123 3620 3190 Spi-

2029 3193 2151 3245 ritui
2202 3191 2329 3244 nihil
2376 3192 2632 3258 imponere
2675 3191 2810 3243 vobis
2859 3191 2956 3243 nisi
3001 3206 3114 3260 qua:
3157 3207 3434 3260 necessaria
3481 3203 3614 3244 sunt.

2040 3261 2219 3314 Visum
2265 3270 2334 3314 est
2375 3271 2551 3314 sancto
2601 3261 2819 3330 Spiritui
2846 3263 2985 3330 (Act.
3016 3259 3105 3314 ⁷15.
3136 3259 3250 3331 28).
3293 3262 3348 3315 Si
3378 3263 3619 3317 subditus

2031 3342 2134 3396 est,
2175 3347 2338 3402 quare
2363 3332 2409 3386 ci
2444 3333 2612 3385 visum
2655 3332 2772 3385 est?
2800 3332 2845 3385 si
2888 3334 2995 3402 sub,
3016 3332 3251 3402 legerest
3278 3334 3530 3399 spiritus,
3563 3343 3618 3386 et

2032 3401 2216 3467 servit,
2247 3402 2514 3470 quomodo
2545 3402 2713 3454 visum
2744 3402 2837 3455 fuit
2866 3401 3115 3455 subdito?
3146 3401 3330 3454 Nonne
3356 3419 3474 3471 qua:
3507 3404 3613 3471 regi

2035 3473 2302 3542 videntur,
2325 3488 2388 3525 ea
2410 3473 2736 3535 efficiuntur,
2762 3481 2815 3526 et
2837 3488 2941 3526 non
2973 3488 3088 3540 qum
3119 3473 3346 3526 Subditis
3373 3473 3620 3542 placent?

2036 3543 2178 3596 Sicut
2202 3541 2421 3595 Domino
2459 3543 2618 3596 visum
2644 3552 2734 3605 est,
2763 3542 2891 3596 dicit
2917 3542 3055 3606 Job;
3089 3543 3309 3609 Spiritui
3338 3541 3509 3596 sancto
3547 3544 3621 3596 ei-

2035 3629 2147 3666 sum
2176 3621 2268 3674 est,
2291 3612 2472 3666 dicunt
2497 3614 2746 3681 apostoli.
2769 3613 3018 3681 Ejusdem
3046 3613 3380 3666 auctoritatis
3421 3623 3474 3667 et
3520 3613 3619 3665 ho-

2035 3684 2182 3736 noris
2227 3682 2388 3736 dictio
2432 3683 2734 3752 utrobique,
2777 3685 3025 3752 quoniam
3079 3684 3301 3736 indivisa
3336 3693 3420 3737 est
3451 3683 3620 3752 gloria

2038 3753 2293 3822 regni.At
2309 3753 2504 3806 malitia
2526 3753 2892 3808 luet-elicerqu
2919 3755 3107 3808 iterum
3132 3754 3328 3808 invenit
3349 3753 3621 3822 effugium.

2038 3824 2172 3877 Num
2230 3823 2351 3892 quia
2393 3823 2641 3878 dixerunt
2686 3825 2950 3892 apostoli,
3007 3825 3280 3893 inquiunt:
3331 3823 3502 3877 Visum
3549 3833 3623 3878 est

2040 3894 2258 3962 Spiritui
2307 3904 2502 3958 sancto,
2535 3894 2886 3947 subdiderunt
2923 3903 3124 3959 autem,
3171 3894 3239 3946 Et
3268 3895 3449 3948 nobis:
3502 3894 3624 3949 ideo

2043 3964 2314 4018 habebunt
2363 3973 2418 4017 et.
2453 3964 2680 4032 apostoli
2705 3964 2998 4018 divinitatis
3048 3966 3458 4018 auctoritatem?
3501 3965 3628 4019 llarc

2042 4035 2207 4104 probe
2249 4035 2640 4097 examinentur,
2672 4049 2740 4087 ne
2768 4034 3126 4088 inexercitatis
3162 4049 3272 4088 sua:
3301 4035 3627 4089 infidelitatis

2040 4120 2307 4160 venenum
2328 4105 2584 4173 iujiciant,
2609 4120 2742 4157 neve
2763 4104 3083 4173 simplicium
3105 4104 3320 4158 auribus
3339 4105 3627 4173 impietatis

2043 4175 2289 4230 haeresim
2333 4174 2633 4229 infundant.
2685 4174 2830 4228 Talia
2874 4175 3015 4228 enim
3061 4190 3205 4243 εωρο
3233 4175 3511 4244 magnifice
3542 4177 3626 4228 lo-

2043 4254 2316 4316 quuntur:
2360 4245 2522 4308 Nihil,
2568 4244 2734 4305 aiunt,
2790 4244 2976 4310 frater,
3025 4253 3076 4299 te
3117 4245 3256 4298 dicta
3286 4247 3649 4316 conturbent..

2045 4315 2286 4372 Fratrem
2317 4325 2367 4370 tc
2397 4323 2570 4378 vocat,
2599 4325 2649 4368 et
2677 4316 2825 4382 quasi
2858 4316 3062 4369 hostem
3094 4324 3144 4368 te
3174 4316 3385 4370 occidit.
3419 4315 3495 4370 Ne
3525 4317 3626 4368 mi-

2045 4386 2200 4450 reris,
2233 4387 2423 4455 inquit,
2457 4387 2498 4441 si
2527 4385 2594 4440 de
2623 4385 2822 4454 Spiritu
2853 4395 3038 4440 sancto
3068 4385 3121 4440 id
3165 4385 3348 4440 dicunt
3377 4388 3626 4454 apostoli,

2059 4457 2228 4510 Visum
2278 4465 2349 4512 est
2403 4457 2619 4527 Spiritui
2647 4465 2864 4511 sancto:
2908 4455 3000 4510 sed
3046 4457 3164 4511 vide
3213 4456 3337 4525 quid
3381 4457 3627 4510 addatur.

2059 4527 2232 4580 Visum
2260 4536 2331 4580 est
2363 4526 2587 4596 Spiritui
2612 4539 2806 4592 sancto,
2837 4536 2884 4580 et
2928 4526 3068 4580 nobis
3105 4528 3276 4580 visum
3305 4536 3386 4582 est
3414 4537 3628 4594 aposto~

353 4601 457 4654 lem
488 4592 770 4676 honorem.
817 4592 1300 4676 Sinitatiaturpius
1336 4611 1455 4676 qua:
1483 4592 1902 4676 patitur'itnpius
1925 4637 1936 4656 ,
1963 4592 1985 4647 ζ
2047 4599 2130 4650 lis.
2161 4597 2304 4676 Nunt
2324 4592 2646 4676 dii'apostoli
2666 4598 2688 4649 ?
2712 4596 2846 4676 Nutu
2869 4597 3098 4676 divinam
3123 4597 3318 4653 habent
3341 4592 3629 4652 auctorita-

353 4686 461 4724 non
494 4668 732 4737 ejusdem
763 4664 1082 4737 conditionis
1107 4667 1209 4720 erit
1230 4664 1536 4737 eutn’itnpio
1561 4682 1574 4718 :
1605 4664 1699 4737 sed
1732 4675 1940 4737 reputa-

357 4751 445 4794 tur
469 4736 736 4809 correptio
758 4740 881 4793 huic
903 4739 962 4809 in
985 4736 1322 4791 afllictionetn
1347 4745 1401 4791 et
1427 4736 1814 4809 probationem,
1840 4736 1941 4809 img

354 4811 443 4881 pio
486 4805 663 4865 autem
697 4809 768 4881 in
816 4808 1023 4879 flagella
1076 4805 1737 4881 et_p(enas._'_Prop_terea
1776 4805 1941 4881 Davd

354 4876 530 4936 sciens
551 4881 647 4934 has
675 4876 1034 4946 difﬁcultates,
1057 4878 1125 4933 de
1150 4876 1308 4948 justis
1329 4877 1543 4948 quidem
1569 4876 1734 4930 dicit:
1767 4876 1944 4948 .llulta:

358 4951 706 5004 tribulationes
742 4953 1020 5022 justorunt.
1066 4946 1168 5004 Sed
1193 4946 1743 5022 viderquid‘stihditi
1778 4946 1945 5022 ea:

357 5022 588 5074 omnibus
635 5016 759 5074 illis'
782 5016 1006 5074 liberabit
1051 5036 1135 5073 eos
1181 5016 1430 5072 Dominus
1460 5016 1649 5090 (Psal.
1677 5017 1766 5090 53.
1803 5018 1870 5071 10
1902 5024 1941 5086 ).

359 5091 604 5145 Nondum
633 5092 765 5145 dixit
788 5090 1151 5148 alﬂictionem.
1171 5099 1224 5144 et
1252 5089 1567 5142 monstravit
1589 5089 1941 5142 curationem.

363 5163 438 5214 Ite
469 5163 788 5215 adversariis
828 5172 1004 5215 autem
1035 5161 1164 5214 dicit
1192 5177 1206 5213 :
1239 5159 1407 5214 Multa
1436 5158 1642 5228 ﬂagella
1670 5159 1945 5228 peccatoris

361 5231 538 5300 (Psal.
562 5233 652 5286 51.
686 5231 772 5301 10)
813 5249 826 5284 :
856 5241 908 5285 et
940 5232 1068 5284 nihil
1103 5232 1205 5285 tale
1245 5227 1459 5292 subdit,
1509 5227 1649 5298 quod
1697 5227 1763 5282 de
1788 5229 1947 5295 justis

361 5303 575 5355 dicebat
604 5319 619 5356 :
647 5303 824 5356 multa:
864 5301 1180 5356 al'llictiones
1207 5301 1500 5370 justorum;
1531 5301 1596 5370 de
1646 5301 1728 5353 his
1769 5308 1944 5352 autem

361 5373 612 5426 omnibus
643 5371 886 5425 liberabit
912 5387 1007 5424 eos
1031 5369 1303 5427 Dominus.
1339 5371 1463 5424 llazc
1507 5369 1551 5423 si
1577 5370 1696 5438 quis
1733 5370 1944 5431 audiat,

363 5457 432 5496 ne
454 5442 520 5496 de
548 5444 724 5509 seipso
748 5444 1026 5508 desperet,
1059 5457 1232 5510 neque
1258 5443 1397 5494 dicat
1427 5456 1441 5494 :
1470 5441 1525 5495 Si
1555 5441 1710 5508 igitur
1737 5449 1792 5492 ut
1823 5454 1948 5507 pec-

363 5522 513 5566 eator
536 5513 748 5580 vapulo,
777 5522 825 5566 et
853 5527 1000 5578 spem
1023 5527 1128 5565 non
1158 5512 1351 5576 habeo,
1379 5511 1702 5564 infructuosa
1730 5521 1810 5562 est
1829 5525 1949 5562 cor-

364 5582 557 5653 reptio.
589 5583 926 5637 l’eceatorcm
957 5584 1098 5636 enim
1128 5597 1278 5653 nunc
1298 5582 1818 5653 Scripturavocai'it,
1844 5596 1946 5633 non

364 5651 582 5707 omnino
607 5671 635 5705 a
670 5655 864 5721 pietate
891 5653 1158 5716 alienum,
1190 5652 1284 5706 sed
1310 5667 1431 5706 cum
1457 5693 1472 5715 ,
1498 5652 1587 5721 qui
1613 5651 1866 5720 affligitur
1895 5660 1949 5704 et

368 5726 701 5792 aliquatenus
726 5727 840 5793 pius
870 5733 971 5788 est,
1001 5724 1191 5776 labitur
1215 5734 1390 5777 tamen
1413 5723 1462 5776 in
1493 5724 1650 5777 rebus
1681 5721 1946 5775 humanis.

367 5797 517 5861 Quod
548 5798 688 5851 enim
728 5795 1093 5865 peccatoribus
1126 5795 1260 5850 Deus
1290 5795 1622 5861 misereatur,
1652 5793 1806 5866 plena
1833 5807 1946 5847 om-

2051 4667 2200 4720 lem?
2267 4668 2491 4732 Quando
2545 4669 2658 4722 ha-c
2711 4667 2838 4722 dicit
2895 4667 3197 4732 haereticus,
3226 4683 3325 4722 nos
3366 4683 3396 4721 a
3443 4679 3625 4722 sancta

2050 4737 2321 4809 Scriptura
2385 4739 2486 4809 tela
2547 4739 2896 4806 proferamus.
2955 4739 3180 4809 Sagitta:
3225 4740 3357 4792 enim
3413 4739 3628 4805 potentis

2050 4817 2209 4880 acula:
2239 4807 2672 4880 (Pstd.ll9.4)
2716 4809 2767 4862 in
2815 4823 2911 4863 cor
2951 4807 3297 4880 inimicorum
3323 4810 3464 4878 regis
3505 4812 3633 4862 mit—

2053 4878 2255 4934 tendat.
2270 4880 2404 4944 Quid
2429 4879 2586 4947 igitur
2616 4878 2682 4934 ad
2715 4880 2828 4934 hate
2855 4880 3176 4934 dicendum?
3201 4881 3255 4935 Si
3287 4878 3386 4932 hoc
3407 4880 3632 4947 Spiritus

2052 4951 2217 5004 sancti
2247 4950 2557 5019 dignitatem
2608 4950 2892 5015 imminuit,
2923 4950 3062 5019 quod
3089 4951 3138 5005 ei
3163 4951 3329 5017 juncti
3361 4950 3468 5002 sint
3506 4965 3635 5018 apo-

2052 5019 2198 5084 stoli,
2247 5019 2424 5088 itaque
2461 5029 2514 5073 et
2542 5021 2681 5089 quod
2726 5020 2900 5076 Moses
2938 5022 3254 5089 conjuuetus
3280 5021 3348 5073 sit
3380 5022 3510 5084 Deo,
3543 5022 3635 5075 Dei

2054 5091 2318 5144 imminuit
2351 5091 2680 5159 dignitatem.
2730 5092 2968 5160 Exempli
3015 5092 3181 5160 gratia
3224 5091 3344 5144 dico
3386 5092 3481 5144 :Si
3531 5108 3639 5144 non

2053 5176 2301 5229 magnum
2346 5174 2497 5230 putas
2537 5162 2682 5227 illud,
2721 5159 2909 5214 Visum
2942 5159 3039 5232 {aii
3083 5161 3298 5229 Spiritui
3342 5171 3536 5226 sancto,
3569 5175 3644 5216 eo

2054 5232 2195 5300 quod
2224 5232 2550 5300 ctapOsti-lis
2570 5233 2642 5285 sit
2657 5232 3021 5300 conjunctmn,
3046 5233 3224 5301 utique
3253 5247 3422 5300 neque
3450 5247 3637 5300 magna

2057 5303 2147 5354 tibi
2181 5303 2348 5356 videri
2384 5311 2555 5371 potest
2585 5303 2714 5354 lides
2742 5319 2866 5372 erga
2896 5303 3084 5367 Deum,
3116 5303 3235 5372 quia
3264 5312 3318 5357 et
3341 5304 3479 5356 Deus
3507 5302 3642 5358 Mosi

2051 5372 2266 5442 junctus
2285 5382 2387 5426 est.
2422 5373 2555 5426 Dicit
2584 5374 2725 5442 enim
2757 5372 3028 5441 Scriptura
3060 5392 3072 5426 :
3102 5374 3322 5427 Credidit
3349 5375 3563 5442 papulas
3587 5374 3645 5428 its

2056 5441 2220 5495 Deum
2249 5452 2294 5495 et
2323 5444 2376 5513 in
2405 5442 2582 5495 Mosen
2612 5441 2824 5513 (Exod.
2859 5445 2943 5498 Μ.
2975 5443 3092 5513 51).
3125 5447 3385 5498 Caeterum
3417 5441 3472 5496 et
3494 5443 3639 5499 aliud

2059 5513 2219 5572 telum
2249 5512 2583 5581 proferamus
2607 5512 2629 5564 :'
2650 5513 2692 5565 si
2741 5513 2969 5583 Spiritus
3011 5512 3178 5570 sancti
3209 5515 3519 5582 dignitatem
3550 5516 3643 5568 de-

2059 5584 2217 5636 struit
2241 5583 2488 5651 adjuncta
2529 5585 2788 5638 sententia
2823 5586 3210 5653 apostolorum,
3241 5585 3560 5640 contumelia
3578 5595 3637 5640 et

2059 5653 2330 5723 dignitatis
2367 5655 2664 5708 imtninutio
2689 5670 2753 5708 ex
2792 5655 3043 5710 Samuele
3079 5657 3182 5710 erit
3210 5656 3357 5710 Deo:
3386 5657 3643 5722 scriptum

2060 5733 2142 5795 est
2168 5725 2367 5795 gnim_:_
2386 5724 2447 5777 I'It
2475 5726 2638 5777 timuit
2667 5727 2827 5778 omnis
2853 5728 3070 5794 populus
3091 5725 3252 5779 Deum
3282 5737 3326 5779 et
3355 5725 3643 5779 Samuelem

2064 5793 2141 5861 (Ι.
2165 5790 2283 5858 Reg.
2312 5790 2393 5850 12.
2418 5795 2522 5864 l9).
2543 5797 2722 5854 Denuo
2749 5808 2801 5853 ct
2838 5790 2905 5853 tet
2921 5790 3048 5852 tium
3081 5811 3388 5867 promatnus
3407 5795 3640 5865 jaculutn
