4030 6136
294 252 435 314 1089

290 383 430 423 {rem
458 378 842 439 preposnerat,
871 368 978 423 allo
1021 368 1141 439 loco
1169 367 1431 439 [vr-grpnnit
1475 366 1730 438 Spiritum
1758 383 1885 423 san-

290 437 471 505 etum,
499 437 586 493 his
621 441 796 495 verbis
822 459 834 493 :
868 439 1021 495 'Umts
1052 437 1460 509 Deus_Pnter_e:c
1492 437 1593 509 quo
1618 439 1806 505 omnia,
1839 448 1888 492 et

292 527 388 563 nos
414 526 476 565 ea:
500 510 629 564 illo:
655 522 701 563 et
739 527 869 564 unus
902 510 1148 563 Dominus
1179 507 1335 562 Iesus
1356 507 1595 579 Christus
1625 525 1713 579 per
1737 525 1887 579 quem

295 581 484 642 omnia,
534 590 579 635 et
616 598 709 635 nos
756 598 845 648 per
898 581 1085 635 illum:
1133 594 1183 635 et
1229 595 1360 632 unus
1409 577 1635 648 Spiritus
1681 577 1887 634 sanctus

295 598 484 642 οιηιιια,
534 598 579 635 et
616 598 709 635 nos
898 598 1085 635 tuum:
1133 598 1183 635 et
1229 598 1360 632 unus
1409 598 1634 648 Spiritus
1681 598 1885 634 sanctus

295 649 315 719 (
343 653 388 704 l.
410 649 536 706 Cor.
568 651 734 723 8.76).
756 598 957 723 mrum
987 660 1164 723 autem
1189 649 1317 723 dicit
1341 666 1355 723 ς
1380 647 1885 723 Divisionesgratia-

299 737 410 774 rum
434 732 573 789 sunt,
588 720 721 775 idem
743 737 859 776 vero
881 720 1105 790 Spiritus
1124 736 1143 774 :
1171 730 1216 774 et
1252 720 1518 773 divisiones
1555 720 1880 774 ministratio-

298 807 437 856 nam,
484 791 618 845 idem
660 804 826 847 autem
868 791 1151 846 Dominus:
1178 799 1226 844 et
1252 790 1517 845 divisiones
1538 791 1885 861 Operationum

301 872 435 933 s_i_tnt,
463 862 601 916 idem
625 872 792 917 autem
819 861 954 916 Deus
982 863 1068 933 qui
1092 872 1338 933 operatur
1356 862 1524 933 omnia
1551 862 1880 933 ineuntibus.

306 925 431 1003 "(ac
450 943 618 986 autem
640 935 809 986 omnia
832 925 1068 1003 operatur
1086 925 1221 1003 unus
1248 941 1295 1003 et
1323 931 1463 1003 idem
1477 931 1722 1003 Spiritus,
1753 932 1883 991 divi—

300 998 423 1075 dens
465 1004 688 1075 singulis
728 998 875 1075 prout
919 1004 1024 1056 vult
1076 1001 1178 1075 (Ib.
1222 1000 1309 1056 12.
1348 998 1646 1075 416.711),
1676 1010 1732 1055 et
1777 1016 1882 1075 non

296 1074 433 1127 sicut
454 1070 690 1142 juhétur.
721 1070 837 1128 Iam
864 1088 983 1127 cum
1016 1070 1370 1141 baptizaretur
1400 1070 1584 1134 Filius,
1603 1070 1780 1126 'Pater
1807 1071 1876 1127 de

295 1145 429 1196 czelo
460 1145 770 1198 testiﬁcatus
799 1154 901 1210 εει,
929 1142 1156 1214 Spiritus
1179 1152 1372 1214 autem
1384 1153 1599 1214 sanctus
1628 1143 1883 1214 iuSpeeic

296 1213 865 1284 columbtedescendit
892 1210 1053 1279 super
1100 1214 1246 1284 illum
1278 1210 1504 1284 (Matth.
1541 1213 1596 1268 5.
1627 1210 1881 1284 16ξ17),

302 1284 390 1352 qui
422 1286 531 1353 pari
573 1283 775 1339 honore
808 1284 1056 1353 praeditus
1082 1294 1182 1338 est.
1213 1283 1315 1353 Per
1336 1281 1455 1337 haec
1492 1282 1671 1337 omnia
1719 1281 1879 1336 unum

292 1369 519 1423 regnum
572 1352 904 1409 indivisibilis
946 1354 1220 1409 Trinitatis
1261 1352 1558 1423 intelligere
1604 1353 1878 1407 docemur.

293 1423 417 1493 Ipse
447 1435 622 1479 autem
649 1425 786 1479 Deus
812 1424 1065 1490 Verbum,
1088 1426 1176 1494 qui
1203 1432 1421 1494 prOpter
1443 1438 1539 1494 nos
1561 1439 1685 1478 vere
1713 1424 1883 1477 incar-

301 1492 479 1561 natus,
514 1495 780 1550 rediturus
809 1510 875 1549 eo
914 1495 1051 1564 unde
1082 1492 1357 1564 separatus
1380 1509 1485 1548 non
1512 1492 1713 1557 fuerat,
1754 1494 1884 1549 dicit

298 1565 494 1635 sanctis
537 1566 797 1635 apostolis
834 1566 985 1619 suis:
1019 1563 1100 1620 Ite
1139 1563 1187 1635 et
1236 1566 1407 1618 docete
1430 1580 1628 1635 gomnes
1674 1574 1877 1635 gentes,

290 1633 608 1704 baptizantés
643 1636 760 1691 illos
806 1636 859 1689 in
894 1635 1091 1690 nomine
1125 1634 1294 1690 Patris
1335 1644 1381 1687 ct
1417 1633 1540 1688 Filii
1577 1644 1625 1690 et
1655 1633 1883 1705 Spiritus

298 1706 460 1759 sancti
499 1705 725 1777 (Matth.
756 1707 848 1762 28.
882 1706 1003 1773 19).
1032 1705 1301 1777 ()bsignati
1329 1719 1542 1769 sumus,
1577 1705 1670 1760 sed
1718 1722 1878 1758 unum

298 1776 625 1846 signaculqu
667 1787 748 1831 est
797 1788 994 1831 sancta:
1040 1776 1332 1840 Trinitatis,
1382 1791 1545 1829 unum
1597 1777 1879 1845 baptisma.

294 1846 580 1912 Qumnodo
610 1848 771 1916 igitur
805 1847 970 1903 audes
999 1862 1027 1900 a
1059 1858 1293 1917 paterna
1317 1848 1611 1901 substantia
1648 1846 1884 1917 alienare

294 1916 493 1971 Filium
524 1917 607 1972 vel
636 1917 888 1987 Spiritum
932 1916 1209 1972 sanctum?
1252 1916 1433 1985 Neque
1457 1916 1599 1971 enim
1641 1916 1684 1969 si
1722 1917 1880 1970 alieni

300 1995 447 2050 sunt,
475 2003 597 2042 cum
626 1988 789 2043 Patre
816 1988 867 2042 in
897 1988 1159 2058 baptismo
1193 1987 1458 2041 debebant
1484 1989 1879 2041 cunnumerari.

297 2061 543 2123 Quanam
574 2060 716 2112 enim
758 2061 963 2113 ratione
994 2059 1283 2112 secundum
1314 2068 1459 2110 tuum
1494 2072 1817 2121 sermonem,
1850 2073 1882 2109 ο

300 2128 627 2194 adversarie,
655 2129 700 2183 si
727 2139 937 2184 creatus
965 2140 1044 2182 est
1074 2127 1241 2182 Filius
1267 2126 1349 2181 vel
1377 2128 1604 2195 Spiritus
1642 2137 1879 2190 sanctus,

291 2213 422 2251 cum
452 2199 608 2253 Patre
633 2199 788 2254 simul
820 2199 1260 2254 coassumuntur?
1287 2197 1574 2253 Enimvero
1599 2198 1643 2251 si
1685 2213 1879 2252 nomen

307 2268 478 2330 Patris
501 2271 672 2323 Solum
699 2284 819 2324 eum
842 2270 931 2339 qui
955 2270 1249 2337 baptizatur
1270 2276 1446 2339 potest
1472 2269 1698 2332 salvarc,
1718 2283 1882 2337 quare

298 2348 708 2410 coassunuatur
751 2354 804 2395 et
846 2337 1124 2403 creatura},
1175 2337 1325 2410 quasi
1367 2337 1527 2410 Pater
1572 2355 1681 2410 non
1715 2339 1885 2410 possit

298 2408 448 2466 Solus
510 2411 756 2465 salvare?
821 2411 995 2465 Absit.
1056 2407 1217 2479 Igitur
1263 2411 1308 2463 si
1365 2407 1535 2461 Patris
1599 2408 1882 2479 inﬁrmita-

298 2490 405 2533 tem
455 2481 748 2548 proliteris,
801 2481 925 2536 licet
960 2478 1430 2535 coniubstantialia
1460 2493 1567 2533 non
1609 2478 1883 2545 admittas,

298 2567 329 2603 a
386 2553 608 2606 veritate
662 2553 867 2620 cogeris
913 2552 1186 2605 nobiscum
1239 2550 1747 2620 faterir'frittitatem
1780 2550 1885 2620 _in-

294 2631 532 2675 creatam
558 2631 613 2676 et
646 2618 1146 2676 consubstantialem
1187 2629 1243 2675 et
1278 2619 1714 2688 omnipotentem.
1765 2618 1882 2674 Jam

299 2692 347 2744 si
377 2691 577 2746 dixeris
603 2692 754 2756 mihi,
785 2692 852 2745 de
881 2692 1038 2745 Patre
1067 2691 1324 2759 scriptum
1354 2700 1472 2744 est:
1507 2688 1579 2743 Te
1603 2691 1767 2743 solum
1798 2707 1883 2759 ve-

301 2779 414 2814 rum
444 2761 604 2815 Deum
630 2762 808 2824 (Joan.
835 2763 919 2817 17.
957 2762 1042 2829 5);
1073 2758 1278 2815 sed’cst
1301 2769 1354 2814 et
1380 2760 1481 2814 huc
1507 2762 1784 2829 scriptum,
1819 2758 1883 2812 Et

301 2831 445 2887 Deus
482 2842 589 2904 erat
631 2831 843 2904 Verbum
868 2831 887 2904 (
910 2831 1045 2904 Joan
1100 2833 1152 2886 1.
1186 2833 1217 2904 1
1247 2829 1380 2904 ).ΑΕι
1413 2832 1679 2904 qttmnodo
1726 2831 1887 2901 igitur

299 2903 523 2971 mqualis
545 2902 724 2957 Patri?
756 2899 990 2958 Dicenda
1019 2903 1158 2956 enim
1189 2899 1257 2957 de
1281 2899 1460 2965 Patre,
1492 2899 1560 2955 Te
1596 2899 1767 2955 solum
1805 2916 1887 2954 ue-

302 2990 420 3026 rum
453 2973 634 3040 Deum,
686 2974 999 3028 monstravit
1046 2973 1237 3028 Filium
1278 2989 1385 3027 non
1440 2973 1756 3039 naturalem,
1790 2971 1886 3026 sed

300 3044 615 3114 adoptatum
646 3045 832 3098 lilium.
863 3048 933 3099 At
964 3044 1112 3114 quid,
1147 3044 1374 3114 propriae
1401 3043 1588 3096 salutis
1627 3042 1886 3114 inimice?

301 3111 440 3184 Hum
466 3115 588 3183 quia
620 3116 873 3184 scriptum
898 3111 999 3179 est,
1027 3111 1164 3168 sicut
1188 3111 1329 3184 dicit
1338 3112 1572 3184 Joannes
1609 3111 1676 3167 de
1697 3113 1883 3177 Patre,

304 3183 444 3237 Deus
484 3182 575 3238 tua:
616 3196 688 3239 est
721 3182 831 3240 Ede
863 3186 999 3240 Filio
1036 3194 1253 3251 autem,
1281 3182 1411 3237 Erat
1446 3182 1535 3237 tua:
1581 3197 1697 3237 vera
1717 3199 1737 3237 :
1766 3184 1887 3237 ideo

305 3254 470 3308 audes
487 3267 705 3325 propter
735 3255 837 3310 hoe
878 3256 1059 3309 direre
1096 3255 1356 3325 minorem
1398 3255 1629 3325 Patrem,
1654 3269 1721 3309 eo
1746 3254 1886 3325 quod

304 3340 413 3378 rion
442 3323 656 3394 adjecit,
683 3326 824 3395 quod
855 3327 922 3379 sit
947 3326 1034 3379 lux
1065 3340 1187 3379 vera
1211 3341 1226 3376 ;
1255 3324 1349 3379 scd
1365 3326 1431 3379 de
1455 3323 1591 3377 Filio
1605 3325 1719 3378 solo
1733 3324 1883 3388 dicit,

308 3394 436 3448 Erat
458 3396 546 3449 lux
565 3394 720 3450 vera?
745 3397 895 3451 Sicut
913 3396 1071 3466 igitur
1092 3411 1198 3451 non
1234 3396 1401 3450 audes
1427 3396 1888 3466 minoremlacere

310 3466 545 3532 Patrem,
587 3482 653 3520 eo
690 3468 829 3536 quod
862 3483 965 3521 nun
993 3467 1293 3536 appositum
1343 3476 1445 3532 est,
1491 3467 1631 3534 quod
1663 3465 1733 3536 sit
1760 3480 1887 3520 vera

310 3536 398 3589 lux
435 3554 448 3590 :
479 3537 548 3589 ita
575 3552 695 3591 cum
714 3535 878 3591 audis
901 3537 966 3590 de
989 3535 1166 3604 Patre,
1197 3535 1270 3590 Te
1291 3537 1458 3590 solum
1485 3552 1656 3589 verum
1680 3535 1888 3590 Deum:

308 3607 378 3672 de
400 3606 754 3678 Filio‘autem.
779 3608 951 3678 solum
983 3608 1122 3678 quod
1148 3609 1217 3662 sit
1246 3609 1414 3674 Deus;
1453 3621 1522 3661 ne
1556 3609 1757 3662 audeas
1791 3608 1891 3661 mi-

313 3692 497 3748 norem
529 3676 705 3734 facere
734 3677 921 3733 Filium
955 3696 966 3730 :
1000 3676 1253 3748 quoniam
1281 3679 1492 3733 nomina
1522 3679 1742 3733 alternis
1764 3679 1894 3748 vici-

312 3747 411 3801 bus
435 3747 635 3816 jaccnt,
665 3759 719 3802 ut
742 3748 810 3804 de
843 3750 997 3804 Patre
1022 3751 1245 3813 dicatur,
1274 3748 1412 3803 Deus
1438 3764 1583 3803 uerus
1605 3789 1620 3812 ,
1661 3749 1728 3802 de
1756 3747 1889 3802 Filio

312 3826 510 3882 autem,
537 3819 710 3874 Deus:
739 3829 792 3874 et
816 3828 1021 3886 contra,
1052 3818 1179 3874 Erat
1207 3821 1299 3875 ιω
1324 3836 1457 3883 uera,
1476 3818 1719 3875 tribuitur
1736 3818 1893 3888 Fitio,

315 3888 459 3941 Patri
487 3897 663 3944 autem
698 3892 784 3945 lux
817 3900 1041 3945 tantum.
1069 3892 1235 3945 Porro
1264 3893 1398 3944 sicut
1430 3907 1535 3944 non
1566 3892 1691 3944 licet
1713 3891 1893 3945 dicere

313 3959 383 4011 de
403 3960 558 4014 Patre
583 3962 721 4028 quod
747 3978 849 4015 non
879 3963 945 4018 sit
975 3962 1062 4016 lux
1086 3977 1210 4016 vera
1239 3979 1252 4015 :
1275 3971 1329 4017 et
1349 3962 1415 4015 dc
1443 3961 1595 4025 Filio,
1619 3962 1757 4029 quod
1786 3977 1891 4015 non

315 4038 385 4102 sit
415 4032 552 4084 Deus
567 4046 752 4093 Verus;
784 4032 897 4100 ipse
920 4037 1060 4087 enim
1077 4034 1229 4097 dixit,
1255 4031 1364 4102 Ego
1379 4048 1490 4085 sum
1512 4034 1690 4086 veritas
1712 4029 1892 4101 (Joau.

317 4100 492 4173 1th)
518 4122 538 4173 7:
571 4102 640 4154 ita
667 4114 722 4156 et
745 4104 811 4156 de
835 4103 1031 4172 Spiritu
1052 4114 1256 4168 sancto,
1287 4100 1535 4173 quoniam
1567 4100 1792 4171 Spiritus
1814 4111 1896 4156 est

318 4171 573 4224 veritatis.
610 4173 781 4241 Atque
803 4171 991 4241 ita’pcr
1020 4174 1133 4227 lucc
1158 4171 1459 4228 teSIimonia
1485 4174 1628 4226 άίὸευ
1651 4174 1893 4226 venerari

320 4241 726 4314 inseparabilem
776 4242 1111 4314 Trinitatem.
1149 4242 1331 4314 Omnia
1379 4260 1703 4314 quiscumque
1747 4243 1895 4296 habet

323 4310 499 4384 Pater,
523 4310 1086 4384 measunt_(Joan.16.
1111 4312 1223 4384 15),
1255 4310 1702 4382 dicit-unigenitus
1734 4314 1894 4378 Deus,

320 4382 411 4451 qui
432 4392 514 4435 est
541 4382 590 4434 in
613 4383 734 4436 sinu
758 4381 943 4437 Patris.
973 4383 1145 4437 Moses
1180 4381 1316 4437 dicit
1346 4400 1359 4436 :
1393 4381 1618 4449 Qut’est,
1660 4385 1791 4437 misit
1819 4400 1897 4436 me

322 4452 515 4522 (Exod.
543 4453 727 4523 5.14).
751 4452 850 4518 Qui
874 4462 974 4519 est,
1007 4464 1088 4508 est
1117 4453 1274 4507 Pater
1305 4468 1430 4522 :qut
1451 4465 1550 4516 est,
1593 4463 1674 4508 est
1708 4453 1893 4521 Ftlius,

323 4524 410 4592 qui
438 4531 520 4576 est
538 4523 677 4592 apud
699 4539 819 4577 eum
849 4525 937 4593 qui
966 4535 1068 4589 est,
1091 4526 1291 4593 absque
1318 4524 1597 4592 principio,
1625 4533 1679 4577 et
1708 4540 1814 4576 non
1840 4526 1894 4578 in

324 4607 565 4663 tempore
602 4594 833 4664 genitus.
868 4592 1061 4648 Omnia
1101 4592 1218 4663 quae
1255 4594 1411 4647 habet
1446 4594 1623 4659 Pater,
1655 4595 1741 4664 qui
1774 4609 1898 4650 vere

322 4664 430 4717 vita
460 4673 514 4717 et
535 4665 903 4720 immortalitas
931 4675 985 4719 et
1009 4664 1098 4719 lux
1121 4666 1458 4735 omnipotens
1473 4673 1525 4719 et
1547 4665 1685 4718 Deus
1708 4673 1762 4718 et
1787 4665 1897 4719 Do-

327 4736 525 4797 minus,
554 4750 617 4791 ea
646 4736 825 4800 utique
850 4736 1012 4792 habet
1039 4744 1095 4790 et
1118 4733 1304 4790 Filius.
1353 4733 1468 4804 Ego
1508 4738 1672 4799 enim,
1704 4734 1895 4802 inquit,

314 4812 527 4863 rei-itas,
558 4816 607 4855 et
637 4808 777 4857 vita:
807 4819 880 4867 et,
903 4807 1036 4859 Erat
1057 4810 1149 4859 tua:
1178 4823 1326 4869 vera;
1357 4818 1431 4869 et,
1465 4807 1603 4863 Deus
1630 4822 1745 4862 erat
1783 4807 1899 4862 Ver-

314 4874 434 4923 bum
463 4870 763 4947 (J_oan._14.
801 4873 869 4947 6;
904 4875 987 4930 Ib.
1011 4878 1063 4930 1.
1093 4876 1147 4931 9.
1171 4886 1232 4947 _et
1264 4878 1343 4946 1).
1367 4876 1435 4930 Et
1461 4877 1701 4947 Thomas
1725 4879 1902 4947 inquit

314 4944 597 5009 apostolus
620 4961 632 4995 :
652 4943 911 4998 Dominus
930 4962 1074 5001 meus
1089 4956 1138 5001 et
1156 4943 1455 5001 Deus'meus
1471 4946 1654 5067 (’Joan.
1673 4949 1764 5003 20.
1781 4943 1896 5014 28),

330 5010 775 5067 quemadmodum
799 5020 854 5066 et
891 5012 1093 5067 Psaltes
1119 5013 1246 5067 dicit
1275 5029 1292 5067 :
1326 5015 1469 5067 Mani
1504 5031 1562 5067 us
1590 5015 1710 5067 meis
1739 5014 1896 5067 Deum

330 5010 775 5078 quemadmodum
799 5020 854 5066 et
891 5012 1093 5069 Psaltes
1119 5013 1246 5071 dicit
1275 5029 1292 5068 :
1326 5010 1562 5069 Manibus
1590 5015 1710 5067 meis
1739 5010 1900 5068 Deum

332 5079 590 5157 exquisigi,
621 5091 671 5134 et
699 5097 930 5157 nonsunt
957 5085 1190 5157 deceptus
1220 5083 1402 5157 (Psal.
1434 5085 1521 5140 76.
1540 5084 1574 5137 2
1591 5084 1635 5154 ).
1663 5084 1902 5154 Palpavit

332 5152 475 5204 enim
507 5150 740 5205 Thomas
771 5152 996 5208 Verbum
1027 5150 1087 5208 in"
1128 5150 1497 5209 incredulitate
1521 5196 1537 5219 ,
1581 5150 1636 5209 et
1670 5150 1775 5207 non
1816 5165 1900 5211 est

332 5221 607 5288 deceptus,
631 5222 910 5277 Dominum
938 5233 994 5278 et
1017 5225 1184 5280 Deum
1212 5226 1357 5280 illum
1387 5229 1663 5280 confessus
1691 5226 1743 5278 in
1773 5225 1896 5280 lide.

335 5290 602 5371 Profecto,
630 5292 843 5371 inquit,_
867 5293 988 5347 dico
1007 5296 1194 5351 Filium
1217 5297 1311 5371 Dei
1351 5296 1541 5351 Deum.
1581 5295 1896 5371 Seddicis:

332 5377 439 5415 non
464 5361 582 5416 sine
605 5361 881 5435 principio
906 5371 1112 5435 autem,
1148 5365 1243 5435 sed
1289 5377 1550 5433 creatum,
1595 5366 1819 5435 proinde
1843 5375 1899 5421 et

330 5446 571 5505 servum.
603 5432 668 5486 Et
690 5432 958 5505 quomodo
985 5433 1121 5489 hoc?
1152 5434 1250 5500 Qui
1272 5436 1505 5505 informa
1522 5432 1620 5491 Dei
1635 5437 1894 5500 assistens,

331 5519 433 5557 non
457 5502 690 5577 rapinam
727 5503 998 5577 arbitratus
1026 5514 1096 5559 est
1131 5522 1237 5560 esse
1272 5502 1516 5577 aqualem
1560 5523 1613 5562 se
1644 5506 1775 5571 Deo,
1808 5509 1898 5561 sed

329 5574 648 5649 aquatipsum
669 5575 879 5629 inanirit
906 5578 1070 5649 forma
1087 5577 1217 5630 serui
1232 5574 1436 5646 accepta
1456 5577 1711 5649 (Philipp.
1741 5577 1795 5630 2.
1815 5580 1894 5647 6).

329 5645 383 5698 Si
406 5645 562 5716 igitur
582 5660 768 5700 servus
783 5654 884 5707 est,
910 5645 1087 5701 Omnis
1118 5650 1263 5703 enim
1286 5645 1528 5703 creatura
1573 5645 1726 5704 serva
1774 5645 1890 5716 est,

328 5715 597 5784 quouiodo
615 5731 799 5773 scmus
818 5717 1078 5774 cxsisteus
1096 5717 1320 5775 formam
1337 5722 1476 5777 servi
1496 5719 1731 5792 accepit?
1748 5715 1893 5787 Quo-

1536 254 1623 310 DE
1663 252 1930 310 SANCTA
1956 252 2359 312 TRINITATE.

3435 267 3577 326 10:10

1994 367 2157 422 modo
2202 375 2379 421 autem
2412 365 2642 435 seipsum
2684 366 3006 434 exiuanivit,
3050 372 3096 427 si
3132 374 3406 437 portatus
3436 382 3574 437 Deus

1998 454 2104 491 non
2122 439 2292 513 _erat?
2319 439 2540 513 accepit
2564 438 2706 491 enim
2743 443 2884 513 quod
2928 457 3030 513 non
3067 438 3269 513 habuit,
3300 458 3355 502 et
3384 458 3577 508 mansit

2034 507 2136 561 und
2163 517 2299 581 erat.
2333 508 2447 561 Non
2493 509 2658 562 tat-tus
2686 507 2773 581 est
2797 509 2846 562 id
2876 512 3017 581 quod
3047 524 3198 580 erat,
3238 507 3334 572 sed
3368 536 3490 576 cum
3522 507 3576 578 in

2019 578 2167 656 arma
2201 578 2293 633 Dei
2317 586 2481 656 esset,
2508 594 2601 647 per
2629 578 3048 656 miscricordiam
3072 624 3086 648 ,
3118 578 3323 656 absque
3348 591 3430 644 sui
3458 608 3577 648 vcr-
3642 597 3649 605 “

1996 650 2148 719 sione
2165 649 2371 716 accepit
2400 647 2623 703 formam
2660 650 2819 705 servi.
2847 651 2901 706 Si
2946 647 3122 707 autem
3163 647 3271 710 non
3305 661 3386 715 vis
3425 647 3574 719 illum
3642 678 3651 708 '-

1994 718 2240 773 conﬁteri
2268 720 2468 793 absque
2490 719 2748 793 prinfipio
2767 760 2782 784 ,
2812 721 3050 793 sequitur
3085 727 3223 793 quod
3251 728 3407 785 fuerit
3438 718 3575 787 tem;

1993 804 2115 870 pus,
2143 804 2249 858 quo
2279 806 2384 842 non
2410 789 2780 872 fueritrFilius.
2819 789 3010 852 Etiam.
3042 789 3190 851 dicit.
3224 797 3365 855 Ecce
3395 802 3574 872 igitur,

1994 861 2228 944 inquam,
2251 861 2722 944 's‘ecttttdu‘ttrtumn
2754 876 3059 944 sermonem
3079 875 3200 944 erat
3228 861 3441 939 tempus
3468 861 3574 944 quo

1996 945 2102 983 non
2127 929 2223 983 fuit
2249 929 2428 1009 Pater.
2460 930 2560 1009 Qui
2588 931 2728 1009 enim
2759 930 2922 1009 lilium
2942 939 3046 1009 non
3077 936 3256 1003 habet,
3289 929 3440 1009 pater
3465 929 3573 1001 lion

1992 1011 2234 1081 vocatur:
2263 1000 2504 1081 EtPater
2521 1000 2722 1081 habuit
2744 1001 3082 1081 principium,
3120 1000 3424 1081 quolc'tepit
3452 1029 3573 1070 esse

1992 1080 2165 1141 pater.
2193 1071 2272 1125 Ex
2296 1070 2403 1125 lilio
2449 1071 2592 1151 enim
2643 1078 2791 1151 later
2816 1070 3177 1151 cognoscitur.
3213 1070 3479 1151 Numquid
3520 1096 3576 1140 et

1994 1152 2146 1210 pater
2175 1152 2417 1212 tempore
2438 1141 2616 1209 aliqua
2638 1141 2856 1198 alterius
2885 1141 3051 1212 patris
3093 1159 3208 1202 erat
3230 1141 3403 1206 ﬁlius'?
3432 1153 3572 1210 Proh

1989 1221 2189 1280 quanta
2231 1210 2598 1290 blasiiltettiia!
2636 1212 2769 1290 [tum
2816 1210 3288 1290 viderisyencrari
3336 1222 3571 1290 Patrem,

1991 1296 2202 1365 summa
2231 1281 2379 1365 illum
2417 1283 2748 1365 contumelia
2779 1281 2971 1339 afﬁcis.
3000 1285 3131 1365 _Jam
3158 1291 3213 1365 _si
3255 1290 3418 1348 Filius
3462 1281 3576 1365 ipse

1990 1359 2226 1432 tempora
2251 1351 2375 1432 fecit
2415 1360 2470 1407 et
2515 1362 2820 1432 pigmenta;
2869 1356 3226 1432 onmia__enim
3275 1377 3370 1430 per
3396 1351 3567 1432 ipsum

1990 1420 2278 1504 [aetalsunt
2299 1422 2485 1492 (Joan,
2508 1423 2559 1478 1.
2589 1421 2681 1504 5)‘;
2708 1438 3013 1504 quonpacto‘
3032 1420 3571 1504 dicereaudes'quod

1987 1490 2149 1547 fuerit
2170 1490 2373 1562 tempus
2392 1508 2500 1562 quo
2516 1490 2794 1548 non'l‘uci-it
2812 1490 3014 1550 Filius?
3035 1497 3264 1556 Proinde
3280 1490 3573 1561 secundum

1990 1578 2294 1638 sermonem
2325 1572 2493 1638 tuum,
2524 1564 2697 1638 majus
2722 1564 2828 1638 erit
2854 1574 3083 1635 tempus,
3111 1584 3269 1638 quam
3291 1574 3429 1628 Deus
3449 1571 3575 1631 Ver-

1972 1633 2293 1709 -buyt._l§am
2322 1633 2463 1702 quod
2487 1635 2654 1709 prius,
2683 1633 2735 1689 id
2758 1633 3141 1709 necessarioet
3165 1641 3357 1709 majus.

2059 1703 2111 1756 2.
2146 1703 2239 1758 Vis
2267 1705 2604 1774 autemscire
2629 1705 2769 1774 quod
2802 1704 2967 1760 Filius
2992 1703 3289 1764 eoa-tertius
3307 1715 3374 1766 sit
3397 1715 3576 1773 Patri?

1991 1774 2126 1828 Dicit
2175 1773 2378 1850 Isaias,
2417 1773 2545 1850 Ego
2575 1773 2712 1850 Deus
2761 1776 2974 1842 primus,
3019 1785 3065 1830 et
3109 1795 3200 1849 ego
3229 1795 3341 1850 post
3384 1786 3498 1850 hac,
3527 1800 3576 1841 et

1988 1856 2207 1923 anteme
2225 1860 2336 1923 non
2352 1845 2447 1923 {ait
2474 1845 2607 1923 alius
2632 1845 2791 1923 Deus,
2822 1856 2866 1898 ct
2896 1857 3008 1923 post
3045 1865 3124 1902 me
3137 1845 3247 1923 33m;
3282 1854 3413 1923 erit(
3442 1845 3571 1911 lsai.

1987 1915 2075 1969 45.
2110 1914 2176 1970 10
2201 1924 2248 1969 et
2272 1914 2360 1970 14.
2384 1914 2461 1985 6).
2486 1915 2666 1984 Itaque
2691 1915 2735 1971 si
2768 1920 3112 1984 posteriorem
3145 1919 3302 1976 Patre
3324 1914 3456 1979 dicis
3484 1926 3574 1982 Fi-

1990 1985 2143 2050 lium,
2175 1986 2443 2053 quomodo
2469 1985 2598 2040 dicit
2627 1985 2816 2046 Pater.
2871 1987 2996 2042 Post
3025 2004 3110 2044 me
3152 2008 3257 2046 non
3310 1996 3409 2048 erit
3438 1997 3574 2052 alius

1991 2054 2172 2110 Deus?
2199 2055 2290 2131 Sin
2318 2056 2542 2131 exponis
2573 2055 2674 2131 hoc
2695 2056 2769 2131 de
2787 2057 2947 2124 Filio,
2975 2058 3242 2128 quomodo
3269 2062 3416 2131 dicit,
3442 2069 3577 2121 Ante

1987 2142 2066 2204 me
2084 2142 2184 2179 non
2204 2127 2301 2197 fuit
2330 2126 2464 2180 alius
2490 2126 3021 2204 Deus.f_Quaprop_ter
3047 2146 3113 2183 ex
3154 2132 3234 2185 his
3260 2126 3453 2204 collige
3477 2137 3573 2191 Fi-

1989 2195 2116 2249 lium
2143 2195 2468 2251 coaeternum
2493 2210 2613 2251 esse
2641 2195 2811 2251 Patri.
2833 2195 2968 2251 Audi
2991 2209 3169 2255 autem
3190 2212 3245 2256 et
3268 2195 3571 2261 testimonia

1988 2265 2054 2319 de
2084 2266 2240 2331 Filio,
2265 2277 2320 2320 et
2347 2267 2467 2335 fuge
2493 2265 2876 2335 blasphemiam
2901 2285 2916 2320 :
2941 2266 3085 2323 Pluit
3125 2271 3372 2330 Dominus
3405 2294 3437 2330 a
3472 2277 3576 2331 Do-

1988 2338 2312 2418 minoignem
2352 2348 2397 2389 et
2420 2335 2637 2418 sulphur
2674 2354 2826 2418 super
2853 2338 3406 2418 SodmtttLGen._19.
3429 2347 3500 2402 24
3528 2348 3573 2418 ).

1991 2406 2271 2480 Dominum
2301 2415 2455 2462 νοοειῐ
2485 2407 2715 2480 Patrem,
2740 2406 3026 2480 Dominum
3054 2406 3269 2480 Filium,
3293 2406 3571 2471 Dominum

1989 2478 2244 2556 Spiritum
2275 2478 2716 2556 S_:!llcll_l_lll:_§it’lll
2745 2479 2891 2542 dicit,
2925 2479 3176 2556 Dominus
3210 2478 3377 2539 autem
3403 2489 3577 2556 Spiriu

1988 2546 2067 2621 tus
2093 2560 2164 2621 est
2188 2547 2259 2621 (2.
2287 2547 2404 2601 Cor.
2435 2546 2603 2621 3._17)
2635 2568 2648 2602 :
2682 2559 2736 2603 et
2765 2565 2867 2621 non
2910 2550 3070 2621 dicit,
3116 2551 3370 2611 Dominus
3403 2546 3578 2614 minor

1992 2618 2213 2672 [inmitto
2242 2634 2450 2687 magno.
2483 2618 2547 2672 Et
2567 2622 2739 2674 Moses
2766 2620 2893 2673 dicit
2922 2637 2937 2674 :
2968 2618 3035 2674 Et
3058 2623 3268 2677 adorent
3285 2627 3429 2679 illum
3454 2645 3565 2682 om-

1989 2706 2076 2742 nes
2105 2690 2272 2760 angeli
2297 2687 2394 2742 Dei
2424 2689 2651 2761 (Denter.
2683 2690 2773 2761 32.
2799 2691 2915 2760 45).
2956 2692 3191 2761 Angelus
3215 2704 3394 2752 autem
3420 2713 3572 2754 crea-

1992 2771 2162 2812 turam
2181 2758 2289 2812 non
2336 2758 2540 2813 adorat.
2566 2760 2629 2814 Et
2670 2773 2723 2813 ut
2748 2758 2923 2815 discas
2964 2758 3208 2818 de'Filio
3247 2766 3348 2821 hoc
3375 2768 3573 2825 dictum

1990 2845 2143 2893 esse,
2179 2830 2300 2883 audi
2333 2831 2552 2885 Paulum
2583 2830 2890 2886 dicentem:
2924 2832 3141 2899 Quando
3185 2845 3350 2891 autem
3386 2840 3577 2894 inducit

1994 2901 2378 2971 primogenitum
2420 2902 2474 2953 in
2512 2900 2679 2971 orbem
2725 2911 3007 2971 terrarum,
3054 2905 3223 2959 dicit:
3246 2905 3314 2959 Et
3361 2910 3575 2964 adorent

1988 2968 2330 3052 illunr'omnes
2358 2971 2525 3052 angeli
2556 2968 2653 3024 Dei
2679 2971 2697 3041 (
2908 2972 2971 3052 hi.
3000 2975 3054 3052 ϐξ
3087 2973 3232 3052 Psal.
3263 2978 3352 3032 96.
3384 2980 3476 3052 7).
3510 2981 3579 3036 Et

1991 3041 2154 3118 David
2195 3057 2407 3118 quoque
2454 3043 2647 3118 clamat
2676 3040 2696 3094 :7
2719 3041 2856 3097 Dia‘it
2894 3040 3144 3118 Dominus
3184 3045 3401 3102 Domino
3434 3040 3575 3118 'ntro,

1990 3112 2107 3165 sede
2133 3128 2165 3164 a
2192 3113 2381 3165 dextris
2401 3112 2544 3177 meis,
2577 3111 2735 3165 donec
2761 3127 2947 3181 ponam
2979 3113 3209 3169 inimicos
3237 3126 3348 3171 tuos
3380 3111 3576 3174 scabel;

1990 3181 2095 3236 lant
2126 3182 2309 3251 pedum
2334 3192 2533 3253 tuorum
2565 3181 2736 3253 (Psal.
2766 3181 2990 3253 109:1).
3028 3185 3091 3238 Et
3113 3202 3216 3239 non
3241 3187 3372 3243 dixit
3401 3207 3416 3244 :
3445 3192 3580 3248 dixit

1993 3253 2248 3307 Dominus
2292 3252 2500 3307 Domini
2550 3251 2651 3306 mei
2680 3271 2693 3305 :
2723 3252 2848 3316 sed,
2896 3251 3141 3308 Dominus
3178 3255 3399 3314 Domino
3444 3278 3575 3318 meo.

1991 3321 2146 3388 Ecce,
2170 3323 2296 3401 dicit
2318 3322 2497 3385 Isaias,
2528 3323 2668 3401 virgo
2692 3333 2889 3401 uterum
2914 3335 3069 3401 geret,
3105 3337 3152 3401 et
3191 3329 3352 3401 pariet
3387 3332 3574 3401 filium,

1991 3404 2039 3448 et
2068 3395 2311 3472 vocabunt
2339 3410 2517 3447 nomen
2548 3395 2656 3463 ejus
2682 3393 2990 3472 Emmanuel
3010 3393 3354 3472 (lsai._’_7.1i)
3387 3393 3404 3454 Ξ
3431 3393 3575 3472 quod

1992 3473 2078 3539 est
2130 3466 2576 3539 interpretatum,
2628 3466 2901 3539 nobiscum
2958 3465 3127 3539 Deus._
3173 3465 3396 3539 Utique,
3449 3465 3578 3528 dico

1994 3535 2165 3597 ipsum
2194 3535 2387 3589 Filium
2413 3535 2710 3603 subjectum
2757 3536 2910 3603 plane
2955 3546 3009 3590 et
3047 3535 3349 3593 inferiorem
3392 3542 3569 3598 Patre.

1994 3606 2182 3680 Arguit
2213 3616 2273 3680 te
2298 3606 2476 3659 denuo
2505 3605 2687 3680 Isaias,
2708 3605 3097 3680 dicens_:APuer
3119 3619 3266 3663 natus
3304 3623 3374 3665 est
3412 3607 3575 3680 nobis,

2002 3679 2213 3755 [th-uari
2238 3676 2386 3755 datus
2412 3686 2482 3731 est
2511 3678 2675 3755 notus,
2700 3677 3025 3755 et__t_'ocabitur
3051 3696 3228 3755 nomen
3239 3682 3386 3755 _ejus,
3410 3676 3578 3755 magni

1995 3748 2192 3801 consilii
2230 3746 2464 3822 angelus,
2504 3746 2820 3822 admirabilis
2853 3750 3191 3822 consilzarius,
3228 3746 3380 3806 Deus
3407 3746 3575 3822 fortis,

1997 3817 2525 3891 potestatem(Itab‘ens,
2548 3820 2797 3891 princeps
2836 3820 2993 3886 paris,
3019 3829 3164 3891 pater
3206 3824 3365 3891 futuri
3406 3817 3578 3879 sinenti

2047 3889 2171 3941 1δαὶ.
2205 3890 2258 3943 9.
2285 3890 2317 3943 6
2341 3891 2380 3958 ).
2401 3888 2666 3955 Propheta
2697 3897 2959 3957 potestate
2987 3888 3288 3958 praeditum,
3318 3904 3372 3946 et
3412 3896 3575 3950 Deum

2013 3960 2188 4015 brtem
2222 3960 2490 4028 prmdicat,
2522 3969 2576 4012 et
2604 3965 2657 4010 tu
2680 3959 2809 4011 uicis
2831 3958 2979 4012 illum
3006 3960 3313 4015 subditum?
3345 3962 3434 4017 Ille
3460 3983 3575 4018 ma-

1997 4032 2083 4100 gni
2106 4032 2311 4084 consilii
2341 4030 2582 4097 angelum
2613 4039 2763 4100 vocat
2782 4068 2796 4090 ,
2826 4037 2880 4081 et
2905 4039 2958 4081 tu
2986 4029 3122 4083 dicis
3149 4028 3417 4098 parvum?
3449 4035 3576 4091 Vide

1998 4097 2203 4165 au‘cm,
2247 4101 2503 4163 obsecro,
2549 4097 2675 4168 quid
2712 4098 2970 4153 Jeremias
3015 4100 3081 4153 de
3122 4097 3187 4154 co
3213 4100 3441 4157 clamet:
3476 4104 3578 4159 liic

1998 4171 2137 4241 Dens
2163 4181 2351 4234 noster,
2376 4186 2475 4222 non
2501 4168 2983 4241 trstintabituralius
2999 4172 3075 4241 ad
3089 4171 3233 4224 illum
3253 4170 3480 4241 (Barnclt
3520 4178 3574 4232 5.

1999 4240 2111 4311 56).
2145 4241 2218 4295 De
2248 4241 2474 4296 Patrene
2512 4239 2641 4294 dicit
2665 4283 2678 4299 ,
2707 4256 2774 4293 an
2807 4238 2874 4311 de
2912 4240 3085 4311 Filio?
3126 4241 3201 4296 De
3246 4238 3399 4298 Patre
3427 4246 3575 4300 dicit.

2002 4309 2227 4366 Paterne
2249 4314 2549 4366 incarnatus
2570 4318 2672 4372 est,
2702 4326 2781 4383 an_
2804 4309 3006 4364 Filius?
3042 4311 3230 4383 Filius.
3278 4313 3456 4383 Itaque
3485 4332 3574 4370 se-

1999 4384 2229 4437 Clllltillllt
2260 4397 2556 4435 δυτιιιοιιθιιι
2584 4392 2725 4434 llllllll
2752 4380 2911 4435 Pater
2935 4391 3011 4434 CSI
3038 4380 3575 4443 incarnatus—Ventus

1999 4467 2144 4527 nunc
2169 4453 2322 4506 video
2346 4452 2492 4521 juxta
2543 4464 2845 4527 sermonem
2873 4450 3143 4527 prophetae
3164 4500 3177 4518 ,
3193 4456 3342 4527 quod
3372 4455 3536 4511 Filius
3556 4496 3578 4527 ,

2000 4523 2091 4594 qui
2122 4534 2176 4577 et
2196 4532 2538 4594 conversatus
2565 4530 2646 4575 est
2664 4536 2785 4575 cum
2822 4523 3146 4594 hominibus.
3191 4524 3365 4579 Etiam
3412 4523 3578 4584 Filius;

2002 4591 2308 4648 incarnatus
2335 4604 2447 4664 em,
2469 4591 2627 4646 Pater
2672 4602 2851 4664 autem
2902 4593 3025 4664 sine
3057 4608 3218 4650 carne
3267 4601 3575 4664 permansit.

2002 4666 2105 4721 Per
2136 4664 2407 4734 sequentia
2434 4662 2593 4734 igitur
2618 4663 2891 4734 convictus
2909 4704 2922 4726 ,
2951 4681 2984 4716 υ
3012 4662 3287 4734 insipiens,
3321 4667 3485 4722 fatere
3511 4670 3578 4723 de

2003 4737 2139 4792 Filio
2169 4735 2269 4788 hoc
2301 4733 2403 4788 dici
2440 4751 2452 4784 :
2488 4733 2586 4786 llic
2613 4732 2749 4786 Deus
2787 4744 2983 4798 noster,
3014 4732 3132 4789 nati
3152 4738 3476 4791 wstimabitur
3508 4741 3578 4793 ad

2000 4806 2148 4860 illum
2170 4805 2323 4873 alius,
2351 4805 2534 4858 invenit
2560 4819 2758 4857 omnem
2782 4807 2915 4857 viam
2947 4806 3189 4873 scientiis,
3217 4816 3263 4859 et
3296 4808 3433 4861 dedit
3465 4825 3577 4862 eam

2000 4875 2161 4930 Jacob
2203 4892 2359 4948 puero
2404 4892 2516 4939 suo,
2546 4883 2594 4928 et
2633 4874 3017 4948 lsraeldilecto
3058 4892 3151 4930 suo
3177 4915 3192 4930 .
3225 4886 3397 4947 postea
3427 4895 3579 4948 super

2003 4956 2188 5000 terram
2214 4946 2349 4999 visus
2401 4955 2493 5007 est,
2548 4954 2596 4998 et
2638 4961 2755 4997 cum
2798 4944 3081 4999 hominibus
3136 4944 3453 5001 conversatus
3491 4944 3579 5005 'rst

2005 5015 2231 5087 (Bartsch
2278 5015 2330 5069 5.
2358 5016 2445 5070 57.
2474 5013 2584 5086 58).
2612 5014 2772 5071 Vides
2794 5016 2939 5069 illum
2959 5016 3420 5087 etlegtslatorem‘!
3443 5020 3574 5075 Nam

2002 5085 2049 5143 si
2076 5088 2189 5156 ipse
2215 5086 2412 5141 invenit
2453 5085 2665 5156 omnem
2693 5088 2829 5156 viam
2872 5085 3108 5141 scicntia:
3130 5128 3145 5153 ,
3181 5098 3233 5143 et
3269 5087 3418 5144 dedit
3457 5106 3575 5146 eam

2001 5154 2168 5230 Jacoh
2193 5171 2491 5230 puerosuo,
2513 5167 2567 5230 et
2595 5154 2767 5230 Israel
2781 5155 2982 5230 dilecta
2995 5171 3095 5212 suo
3124 5174 3138 5230 ς
3159 5156 3277 5228 ipse
3304 5170 3390 5218 est
3410 5164 3498 5230 qui
3520 5172 3576 5217 et

2003 5227 2133 5281 Mosi
2153 5229 2416 5297 apparuit,
2447 5237 2501 5282 et
2528 5228 2698 5296 legem
2735 5227 2900 5282 dedit.
2942 5228 3009 5282 Et
3036 5226 3197 5284 uudei
3219 5230 3320 5285 hoc
3346 5226 3572 5284 manife-

2002 5296 2360 5353 stum‘tAudi
2401 5297 2711 5366 prOphetam
2753 5296 3018 5353 dicentem
3058 5315 3073 5351 :
3121 5297 3400 5369 Disponam
3441 5303 3575 5357 vobis

2003 5379 2371 5440 testamentum.
2394 5384 2494 5422 non
2517 5369 2645 5440 sicut
2665 5376 3011 5440 testamentum
3027 5369 3165 5440 quod
3199 5371 3425 5440 disposui
3461 5387 3578 5426 cum

2002 5439 2228 5497 patribus
2246 5440 2439 5504 uestris,
2464 5438 2670 5510 quando
2702 5439 3013 5510 apprehendi
3040 5438 3259 5494 manum
3281 5438 3489 5506 eorum,
3522 5455 3576 5497 ut

2000 5511 2261 5566 educerem
2282 5526 2366 5564 eos
2391 5525 2456 5562 ea:
2476 5506 2743 5581 )Eggptos
2766 5506 2909 5564 Dans
2933 5511 3064 5581 leges
3084 5527 3217 5565 meas
3235 5511 3290 5565 in
3312 5513 3467 5566 corda
3487 5530 3575 5567 eo—

2002 5597 2137 5643 rum,
2159 5583 2274 5635 etin
2303 5591 2488 5633 mentes
2510 5595 2679 5633 eorum
2699 5580 2967 5634 inscribant
2982 5582 3119 5646 illas,
3142 5594 3188 5636 et
3216 5595 3359 5635 erunt
3381 5585 3506 5637 mihi
3525 5601 3575 5638 tn

2008 5652 2271 5723 populum,
2294 5661 2341 5723 et
2369 5666 2474 5723 (ego
2497 5650 2750 5723 ero_eis_in
2777 5649 2938 5704 Deum
2965 5649 3177 5723 (Jerem.
3217 5654 3305 5709 3|.
3333 5654 3513 5709 51-55
3533 5660 3572 5723 ).

2018 5720 2174 5777 Vides
2201 5721 2338 5792 quod
2366 5719 2477 5791 ipse
2495 5721 2564 5775 sit
2587 5719 2853 5790 legislator
2878 5719 2985 5776 tam
3013 5721 3215 5779 Veteris
3258 5729 3417 5795 quam
3440 5719 3569 5780 Novi
