4030 6136
472 230 602 282 10111

469 336 829 390 'I'cstamcnti?
871 336 1002 390 Nam
1047 337 1188 406 quod
1243 350 1431 391 novam
1478 337 1647 405 legem
1694 335 2044 406 ipseﬂtulerit,

473 423 644 476 neque
662 417 713 460 tn
733 408 932 460 inlicias
957 405 1099 460 ieris.
1126 405 1190 459 Et
1213 418 1288 470 tu,
1309 406 1576 476 Bethleem,
1599 406 1776 459 domus
1797 405 2044 470 Ephrata,

469 475 571 529 non
598 479 802 528 minima
824 492 895 540 es,
911 486 965 528 ut
993 478 1062 529 sis
1084 477 1138 530 in
1163 477 1381 530 millibus
1404 475 1439 528 Ι
1445 476 1544 530 uda
1566 491 1588 530 :
1615 492 1676 528 ex
1701 485 1747 528 te
1765 478 1896 528 euint
1924 477 2048 528 mihi

468 547 750 612 egredietur
776 547 897 607 dux,
925 555 970 597 et
995 547 1298 615 egressiones
1337 545 1546 615 ejus_ab
1591 545 1734 598 initio
1760 545 1976 615 dierum,
1998 555 2048 598 et

469 617 574 678 ipse
595 625 724 684 reget
746 615 991 683 populum
1021 613 1184 668 meum
1205 613 1369 668 Israel
1396 613 1578 684 (Mich.
1605 617 1658 668 5.
1692 615 1745 684 2;
1779 613 1963 668 Matth.
1987 616 2043 669 2.

579 683 737 766 Vides
764 701 926 768 unum
959 685 1208 768 populum
1236 683 1411 768 Patris
1425 694 1478 738 et
1507 685 1669 768 Filii“!
1697 683 2042 768 Filip‘sdicit:

471 754 574 806 Ero
591 756 659 808 eis
685 756 736 808 in
767 755 944 816 Deum,
985 764 1031 807 et
1072 757 1171 823 ipsi
1223 755 1347 807 mihi
1391 755 1445 808 in
1497 754 1760 823 populum.
1793 754 1948 808 Pater
1977 755 2044 809 de

471 824 682 878 Cliri~to
707 824 833 878 dicit
861 840 878 879 :
905 823 971 896 Et
1013 834 1147 896 reget
1172 824 1414 896 populum
1453 841 1618 877 meum
1665 824 1846 878 Israel.
1896 825 2048 879 Disce

471 909 632 965 unum
657 909 876 965 regnum
904 894 1076 948 Patris
1099 903 1153 965 et
1179 894 1318 950 Filii.
1345 895 1703 964 Quaecumque
1731 903 1905 949 autem
1929 903 2048 963 post

474 964 588 1019 luce
615 964 730 1033 ipso
759 966 1010 1032 loquente
1029 964 1179 1018 audis
1213 965 1453 1028 humilia,
1487 973 1764 1034 postquam
1785 980 1848 1018 ex
1877 965 2044 1018 bene-

473 1035 668 1100 placito
694 1049 790 1089 suo
809 1035 1114 1100 incarnatus
1135 1044 1236 1100 est,
1267 1045 1317 1088 et
1341 1049 1459 1089 sese
1499 1035 1791 1088 humiliavit
1829 1043 2047 1103 propter

475 1105 746 1158 hominum
769 1104 1014 1169 salutem,
1041 1105 1153 1158 hmc
1174 1114 1230 1159 ut
1254 1105 1470 1175 dignum
1515 1114 1597 1158 est
1638 1104 2044 1175 Deo__int_ellige.

474 1175 604 1228 Nam
634 1175 783 1228 litera
814 1175 1028 1239 occidit,
1056 1175 1270 1244 spiritus
1289 1172 1463 1229 autem
1497 1175 1722 1228 vivilieat
1743 1173 1819 1244 (2.
1841 1172 1958 1227 Cor.
1990 1175 2044 1228 5.

472 1247 551 1316 6).
582 1245 788 1298 Etenim
809 1245 856 1300 si
886 1247 1136 1315 apostolis
1155 1249 1248 1314 qui
1282 1245 1526 1299 viderant
1572 1259 1666 1298 sua
1714 1244 1964 1316 miracula
1993 1253 2048 1298 et

473 1314 524 1370 in
551 1317 764 1369 nomine
792 1315 956 1383 ipsius
983 1329 1168 1369 omnes
1193 1316 1404 1369 morbos
1431 1322 1766 1380 curaverant,
1795 1314 2004 1368 dicebat
2029 1331 2043 1366 :

473 1385 641 1438 Multa
660 1385 794 1438 vobis
825 1385 982 1439 habeo
1005 1386 1189 1451 dicere,
1215 1386 1304 1438 sed
1324 1402 1422 1438 non
1447 1387 1652 1453 potestis
1674 1393 1880 1454 portare
1896 1386 2047 1454 modo

473 1455 649 1526 (Joan.
686 1456 771 1509 16.
803 1454 892 1526 l2)
923 1455 1254 1526 :quidiergo
1297 1455 1362 1526 ad
1392 1455 1559 1526 multo
1607 1453 1921 1526 crassiorem
1950 1453 2047 1526 Ju-

468 1525 682 1580 daeum?
707 1526 835 1579 Nam
864 1523 910 1594 si
934 1541 1053 1579 cum
1083 1523 1303 1586 diceret,
1337 1523 1641 1594 Priusquam
1671 1523 1925 1576 Abraham
1951 1525 2045 1590 ﬁe-

471 1605 564 1660 ret,
592 1611 682 1666 ego
710 1613 821 1648 sum
861 1593 1023 1664 (Ibid.
1055 1598 1107 1650 8.
1137 1595 1246 1666 58),
1282 1593 1510 1666 tulerunt
1543 1595 1774 1666 lapides,
1813 1603 1897 1666 ut
1917 1594 2050 1662 lapi-

477 1663 665 1720 dareut
686 1667 856 1736 ipsum
873 1663 902 1720 ’:
929 1665 1197 1736 quomodo
1209 1663 1345 1736 quid
1366 1663 1645 1736 sublimius
1670 1665 1769 1736 sibi
1796 1663 2046 1736 dicisus-

479 1733 796 1790 tinuisseut?
849 1733 1013 1791 Sic’et
1058 1737 1110 1789 in
1154 1734 1333 1789 Veteri
1379 1735 1544 1789 multa
1575 1735 1807 1790 inveniet
1834 1733 1954 1791 auis
1981 1735 2047 1789 de

476 1805 633 1859 Patre
659 1806 760 1859 dici
809 1821 904 1871 pro
954 1805 1302 1860 crassitudine
1351 1805 1650 1860 auditorum
1679 1823 1691 1858 :
1718 1813 1798 1867 ut,
1841 1804 2044 1874 Septem

469 1876 603 1946 oculi
632 1874 834 1928 Domini
859 1877 1172 1946 respicientes
1197 1874 1818 1946 orbemterrarum(Zach.
1839 1875 1895 1946 4.
1957 1873 2044 1945 0):

471 1955 544 2009 et,
579 1944 644 2016 In
669 1943 948 2016 velamento
980 1945 1178 1999 alarum
1227 1957 1429 2016 tuarum
1471 1943 1697 2016 proteges
1741 1961 1820 1998 me
1847 1943 1866 2016 (
1898 1943 2043 2016 l_"sal.

471 2019 558 2071 16.
591 2015 786 2086 8)_:et,
817 2015 1069 2086 Eacitare,
1099 2027 1153 2069 ut
1181 2015 1301 2086 quid
1325 2012 2040 2086 obdormis,'DomiueiPsal.

469 2088 561 2141 45.
588 2084 718 2158 25)?
747 2095 822 2149 et,
855 2085 970 2139 Nisi
1009 2084 1247 2158 conversi
1276 2087 1498 2155 fueritis,
1538 2086 1764 2158 gladium
1801 2101 1946 2158 suum
1972 2085 2046 2138 vi-

472 2157 630 2210 bravit
663 2155 877 2209 .‘arcum
905 2173 1048 2209 suum
1073 2157 1306 2214 intendit,
1334 2166 1380 2208 et
1409 2155 1603 2222 parauit
1623 2156 1765 2208 illum
1795 2170 1813 2208 :
1837 2155 2044 2222 sagittas

469 2244 586 2296 suas
607 2227 891 2280 ardentibus
915 2225 1075 2292 effecit
1098 2225 1268 2296 (Psal.
1299 2226 1352 2279 7.
1377 2227 1464 2281 15.
1489 2227 1599 2292 14).
1629 2225 1691 2279 Et
1729 2225 1996 2294 quomodo
2021 2225 2045 2276 ?

471 2295 653 2365 Neque
682 2298 822 2350 enim
852 2296 1080 2350 volatilis
1110 2295 1204 2350 est
1257 2296 1416 2360 Deus,
1443 2309 1616 2363 neque
1643 2309 1827 2350 somno
1852 2307 2044 2364 grava-

471 2377 573 2431 Inr,
602 2382 773 2435 neque
803 2367 882 2420 vel
904 2367 1107 2435 gladius
1135 2365 1273 2435 apud
1304 2366 1490 2427 Deum,
1525 2367 1604 2419 vel
1636 2381 1812 2430 arcus,
1840 2366 1920 2417 vel
1947 2379 2037 2419 sa-

468 2437 613 2504 gitta:
645 2455 659 2490 :
694 2437 1035 2506 incorporeus
1055 2438 1196 2491 enim
1228 2437 1366 2492 Deus
1391 2445 1490 2490 est.
1516 2435 1709 2490 Verum
1737 2435 2044 2506 hzccinter-

470 2519 702 2560 nnnatur
720 2505 996 2576 propheta,
1016 2507 1275 2561 utexeitet
1289 2506 1585 2560 auditorum
1614 2505 2039 2576 crassitudinem:

471 2579 542 2630 ita
568 2585 622 2630 et
653 2575 791 2631 Deus
817 2576 1055 2631 Verbum
1088 2587 1303 2646 propter
1343 2590 1440 2629 nos
1481 2577 1783 2646 incarnatus
1832 2575 2044 2646 imitans

471 2648 684 2700 Patrem
709 2662 862 2700 suum
901 2645 1115 2698 humilia
1159 2647 1410 2714 loquitur,
1454 2645 1522 2700 ad
1552 2656 1787 2699 nostram
1819 2645 2040 2698 saluti-in

470 2719 781 2785 respiciens.
814 2715 1086 2786 (Quoniam
1117 2716 1271 2786 enim
1318 2717 1487 2786 ipsum
1514 2715 1896 2786 (adversarium
1925 2717 2042 2786 illeo

473 2784 767 2855 putabant,
796 2785 1072 2840 dicentes:
1104 2784 1222 2838 Non
1247 2797 1317 2839 est
1337 2784 1427 2838 'Iiic
1446 2803 1477 2838 a
1501 2785 1603 2840 Deo
1624 2785 1798 2853 (Ioan.
1829 2785 1882 2839 9.
1914 2784 2036 2855 16):

468 2868 551 2937 et,
579 2856 803 2937 De_bono
827 2872 978 2937 apere
1000 2872 1102 2909 non
1130 2855 1419 2937 lapidamus
1448 2865 1528 2937 te‘,
1559 2855 1651 2937 sed
1690 2857 2039 2937 prapterhbla-

466 2928 748 2996 sphcmiam
769 2969 782 2987 ,
819 2924 936 2994 quia
963 2935 1016 2979 tu
1043 2942 1156 2980 cum
1182 2924 1330 2979 homo
1369 2928 1458 2988 sis,
1485 2927 1612 2996 facis
1637 2924 1851 2994 teipsum
1875 2924 2040 2996 Deum

472 2995 635 3064 (Ibid.
671 2997 758 3052 10.
787 2997 876 3066 55)
913 3013 925 3049 :
958 3008 1011 3050 et
1052 3005 1265 3066 propter
1287 2996 1388 3051 hoc
1415 2995 1722 3065 quau-ebant
1758 3009 1877 3066 eum
1903 2995 2043 3065 lapi-

465 3069 611 3131 dare,
639 3067 776 3136 quod
803 3065 906 3120 nun
935 3065 1104 3121 solum
1127 3065 1356 3122 solveret
1381 3067 1674 3131 sabbatum,
1703 3065 1798 3136 sed
1819 3067 1957 3134 quod
1985 3075 2041 3121 et

468 3135 676 3194 Patrem
716 3154 866 3192 suum
895 3137 1094 3192 diceret
1141 3138 1340 3204 Deum,
1381 3138 1636 3202 aequalem
1677 3135 1908 3203 seipsnm
1962 3136 2040 3189 fa-

466 3210 614 3263 ciens
637 3209 748 3262 Deo
782 3226 794 3261 :
822 3216 876 3261 et
914 3207 1034 3262 ideo
1057 3209 1176 3277 quia
1207 3224 1311 3277 non
1351 3207 1628 3274 capiebant
1673 3207 1917 3260 sublimia
1941 3247 1954 3268 ,
1987 3215 2041 3261 et

467 3295 560 3332 sua
586 3279 780 3333 deitate
808 3279 985 3348 digna,
1035 3276 1217 3348 incipit
1258 3276 1472 3330 humilia
1498 3277 1708 3348 dicere,_
1724 3277 2038 3348 yperiomnia

467 3349 745 3403 declarans
769 3363 828 3403 se
858 3344 962 3401 uon
993 3362 1112 3402 eSse
1144 3344 1251 3402 Deo
1278 3349 1619 3402 contrarium.
1671 3346 1732 3402 Si
1762 3344 2040 3416 diligeretis

467 3435 566 3480 me,
595 3419 878 3488 gauderetis
906 3419 1247 3488 utique,quia
1289 3434 1378 3488 ego
1408 3416 1535 3471 vado
1569 3418 1635 3469 ad
1659 3433 1768 3469 eum
1797 3418 1880 3488 qui
1908 3418 2040 3488 misit

469 3506 548 3541 me
576 3485 803 3552 Patrem,
828 3485 1065 3558 quoniam
1094 3485 1248 3541 Pater
1285 3485 1421 3541 nicas
1447 3489 1609 3558 major
1637 3503 1722 3558 me
1737 3498 1809 3539 est
1830 3557 1836 3558 γ
1857 3485 2036 3558 (Ibid.

472 3561 555 3613 14.
584 3560 675 3626 28)
703 3577 716 3608 :
747 3557 958 3627 quando
984 3557 1123 3611 enim
1152 3559 1383 3627 seipsum
1420 3557 1673 3626 aequalem
1701 3557 2039 3612 Patri‘l‘acie-

471 3631 576 3692 hat,
612 3629 842 3696 lapidare
865 3629 1033 3696 ipsum
1062 3629 1407 3681 conabantur.
1430 3627 1580 3692 Quod
1609 3627 1655 3681 si
1689 3627 1803 3680 hanc
1828 3643 1934 3681 non
1959 3629 2040 3683 sic

472 3714 530 3752 se
582 3699 858 3762 haberent,
887 3700 1155 3765 cogereris
1195 3696 1411 3750 laudare
1449 3697 1681 3762 Judzeos,
1712 3696 1854 3766 quod
1897 3696 2040 3766 juste

467 3769 848 3821 crucilixissent
877 3767 1164 3831 Christum,
1195 3767 1625 3820 utadversarium
1655 3767 1768 3820 Dei.
1797 3766 1928 3821 Nam
1950 3768 2038 3836 qui

467 3839 810 3906 semetipsum
839 3838 1096 3904 aequalem
1126 3837 1238 3890 Deo
1265 3845 1319 3891 et
1345 3837 1486 3890 Patri
1517 3837 1658 3900 facit,
1695 3851 1815 3890 cum
1844 3852 1948 3891 non
1971 3838 2042 3892 sit

467 3909 608 3971 talis,
639 3909 684 3962 is
709 3909 818 3962 Deo
841 3907 1180 3961 adversarius
1201 3917 1303 3961 est.
1334 3906 1594 3961 Cancrum
1618 3907 1840 3961 mendax
1868 3908 1968 3962 erit
1985 3919 2039 3962 et

465 3978 683 4044 Paulus,
735 3979 954 4032 dicens:
983 3977 1104 4030 Non
1144 3977 1376 4046 rapinam
1422 3977 1691 4030 arbitratus
1727 3987 1797 4029 est
1837 3994 1889 4031 se
1934 3994 2042 4032 esse

463 4051 707 4120 aqualem
727 4047 836 4102 Deo
857 4047 1114 4120 (Philipp.
1139 4046 1194 4102 2.
1223 4047 1301 4119 6).
1330 4047 1467 4114 Quid
1488 4048 1642 4120 igitur
1667 4046 2037 4120 est__Salva_tor,

466 4117 759 4174 secundum
781 4119 921 4188 quod
951 4117 1386 4188 incarnatus'non
1413 4121 1532 4172 est?
1559 4118 1718 4188 Sicin
1746 4118 1834 4171 illo
1859 4135 1870 4169 :
1897 4117 2040 4172 Vada

464 4189 532 4242 ad
561 4188 762 4245 Patrem
788 4186 972 4254 meum,
995 4198 1040 4242 et
1069 4187 1274 4241 Patrem
1299 4197 1535 4253 uestrum,
1562 4197 1607 4240 et
1635 4186 1796 4240 Deum
1843 4204 2033 4254 meum,

461 4271 510 4317 ot
531 4258 694 4316 Deum
717 4272 934 4316 vestrum
973 4260 990 4332 (
1023 4257 1177 4314 Joan.
1209 4258 1299 4312 20.
1332 4259 1398 4312 17
1425 4260 1444 4328 )
1476 4277 1488 4311 :
1517 4259 1671 4312 aliter
1693 4266 1844 4332 vocat
1883 4273 2036 4312 suum

463 4333 752 4388 secundum
779 4329 1038 4398 naturain,
1071 4342 1124 4386 et
1155 4332 1313 4386 aliter
1333 4338 1573 4384 nostrum
1597 4329 1889 4381 secundum
1918 4344 2040 4397 gra-

463 4404 590 4456 tiam
621 4413 673 4456 et
695 4403 1031 4471 adoptionem
1057 4419 1071 4458 :
1097 4403 1252 4456 aliter
1276 4417 1432 4455 suum
1469 4410 1685 4471 propter
1729 4399 2041 4471 bonantvo-

463 4473 742 4538 luntatem,
771 4469 823 4525 et
853 4483 1066 4540 promer
1084 4484 1314 4527 creatam
1335 4469 1790 4540 assumptionem;
1814 4477 1870 4521 et
1887 4469 2041 4523 aliter

463 4553 703 4596 nostrum
736 4550 791 4596 ut
829 4538 1213 4596 creaturarum.
1255 4543 1404 4609 Quod
1443 4544 1486 4594 si
1532 4540 1584 4595 in
1628 4539 1710 4592 his
1738 4538 2036 4609 disceptas,

463 4615 631 4682 potuit
653 4612 831 4666 dicere
860 4613 1068 4667 Patrem
1093 4608 1329 4666 nostrain
1352 4623 1405 4664 et
1425 4621 1672 4672 vestrum,
1695 4624 1799 4664 non
1829 4608 2037 4682 Patrem

463 4678 638 4738 ineum
669 4692 722 4735 et
747 4692 979 4736 vestrum
1014 4699 1026 4735 :
1055 4684 1206 4752 cujus
1232 4697 1358 4751 ergo
1383 4683 1550 4752 gratia
1568 4682 1757 4752 divisit
1801 4692 1893 4752 se,
1919 4678 2039 4752 _nisi

463 4765 520 4807 ut
548 4755 682 4806 hanc
709 4768 804 4806 nos
831 4752 940 4806 Deo
966 4748 1176 4821 dignam
1203 4748 1520 4806 sententiam
1549 4751 1761 4806 doceret
1783 4751 1806 4802 ?
1826 4748 1998 4821 Vides
2017 4789 2033 4816 ,

464 4825 653 4893 inquit,
683 4823 949 4891 quomodo
977 4819 1263 4891 indiguerit
1302 4833 1522 4890 paterno
1556 4821 1777 4893 auxilio,
1808 4819 1991 4893 dicens
2019 4837 2034 4877 :

463 4889 617 4947 Nunc
646 4889 834 4964 att—ima
861 4909 973 4946 mea
1000 4889 1448 4964 turbatorestlEti
1465 4892 1588 4964 quid
1621 4892 1786 4944 dicam
1803 4891 1828 4943 ἶ)
1857 4889 2034 4964 Pater,

460 4965 600 5018 salua
623 4980 700 5017 me
731 4978 793 5016 ea:
815 4963 942 5016 hora
986 4964 1081 5016 hac
1110 4961 1269 5032 (Ibid.
1292 4961 1377 5015 l2.
1399 4960 1514 5031 27).
1540 4963 1826 5032 Perperam
1855 4960 1988 5032 legis
2021 4979 2035 5014 :

461 5035 595 5088 dixit
621 5052 635 5088 :
664 5032 818 5086 Nunc
842 5035 1012 5086 animo
1039 5031 1149 5086 mea
1169 5036 1364 5085 turbata
1383 5042 1455 5084 est
1481 5047 1499 5084 :
1520 5042 1574 5085 et
1608 5046 1727 5085 cum
1746 5031 2041 5084 distinctio—
2070 5061 2073 5072 έ

461 5119 584 5158 nem
613 5103 682 5158 ibi
717 5103 949 5167 fecisset,
978 5103 1192 5157 subdit:
1219 5100 1285 5155 Et
1321 5101 1441 5172 quid
1475 5099 2038 5172 dicamiPaterLsalva

459 5191 538 5227 me
557 5191 618 5228 ea:
633 5176 760 5227 hora
781 5174 892 5238 hac,
907 5173 994 5243 sed
1010 5184 1272 5243 propterea
1293 5169 1400 5226 veni
1419 5173 1470 5224 in
1491 5171 1665 5243 horam
1687 5171 1837 5243 hanc.
1856 5169 2038 5223 Enim-

457 5259 584 5298 vero
615 5259 707 5313 per
733 5243 834 5297 hoc
849 5242 991 5312 quod
1006 5241 1157 5308 dixit,
1178 5241 1455 5313 PrOpterea
1475 5241 1585 5313 veni
1609 5242 1660 5293 in
1677 5241 1855 5313 horam
1883 5243 2034 5313 hanc,

457 5308 690 5368 ostendit
717 5328 776 5366 se
800 5308 1088 5368 salutarem
1120 5308 1345 5366 mortem
1377 5327 1482 5365 non
1509 5312 1690 5380 lugere
1717 5327 1732 5373 ;
1775 5308 2036 5380 Desiderio

458 5386 589 5436 enim
625 5383 900 5438 desideravi
922 5383 1015 5436 hoc
1044 5383 1232 5451 pascha
1257 5382 1558 5434 manducare
1576 5379 1834 5433 uobiscum
1865 5387 1882 5450 (
1908 5379 2034 5451 Luc.

457 5453 544 5506 22.
584 5453 692 5521 l5),
736 5453 922 5521 inquit.
973 5450 1052 5507 Si
1078 5452 1310 5522 possibile
1338 5462 1428 5516 est,
1469 5462 1686 5522 transeat
1727 5469 1758 5502 a
1801 5450 2038 5522 mecalia:

457 5523 551 5576 iste
570 5539 588 5574 :
607 5520 943 5574 uerumtamen
969 5520 1326 5576 non'voluntas
1355 5537 1484 5580 mea,
1499 5521 1587 5574 sed
1609 5533 1694 5574 tua
1715 5520 2033 5590 ﬁat(Matth.

455 5592 548 5647 26.
580 5592 690 5654 59).
721 5591 982 5659 Numquid
1011 5602 1235 5645 mortem
1285 5591 1564 5654 formidat,
1613 5591 1713 5659 vel
1746 5589 1936 5643 invitus
1966 5589 2033 5643 ad

457 5662 763 5733 passionem
810 5656 1034 5728 accedit,
1061 5664 1151 5731 qui
1173 5662 1307 5717 dixit
1337 5681 1348 5713 :
1383 5660 1591 5730 Oportet
1608 5656 1802 5714 Filium
1815 5661 2030 5715 hominis

1958 227 2228 284 SPURIA.

3592 236 3731 294 1092

2159 338 2318 414 multa
2352 335 2478 414 puti,
2498 347 2554 414 _et_
2581 338 2761 414 occidi,
2785 350 2841 414 et
2861 344 3086 414 _sepe{_fri_,
3107 348 3166 414 ‘et
3189 339 3342 414 tertia
3367 340 3451 396 die
3470 359 3732 414 resurgere

2159 406 2361 474 (Marc.
2397 407 2451 461 8.
2497 408 2626 475 3i)?
2647 411 2735 476 qui
2765 409 2900 463 dixit
2923 406 2942 462 ἐ
2976 408 3165 462 Solvite
3191 413 3430 477 templum
3459 413 3572 476 hoc,
3603 406 3647 468 ει
3679 418 3732 470 in

2161 478 2319 549 tribus
2364 478 2811 549 diebus__excitaba
2863 477 2996 532 illud
3025 495 3044 530 :
3068 480 3158 549 qui
3210 479 3342 534 dixit
3375 499 3388 535 :
3422 479 3731 538 Potestatem

2157 546 2314 617 habeo
2361 547 2579 614 ponendi
2633 549 2852 600 animam
2899 546 3099 614 meam,
3144 559 3192 601 ει
3238 559 3527 617 potestatem
3570 554 3731 608 habeo

2154 616 2335 668 iterum
2387 619 2660 685 recipiendi
2710 618 2850 670 illam
2881 634 2902 670 :
2929 625 3028 681 et,
3082 616 3273 672 Nullus
3323 620 3455 674 tollit
3507 621 3650 676 illam
3697 643 3731 676 α

2155 701 2251 758 me,
2281 702 2370 758 ego
2393 704 2424 758 ᾳ
2445 689 2731 758 memetipso
2756 704 2888 757 pono
2916 688 3058 741 illam
3080 704 3099 741 :
3125 699 3170 740 et
3197 705 3286 758 ego
3314 691 3494 744 iterum
3534 694 3731 754 accipio

2153 755 2295 832 illam
2344 756 2543 827 (Joan.
2590 755 2649 808 2.
2679 755 2765 832 19.
2803 767 2849 811 et
2881 758 3084 832 10._i7.
3121 759 3187 812 18
3307 759 3398 832 qui
3440 761 3730 832 increpavit

2154 824 2390 890 Petroni,
2422 842 2577 894 quem
2608 827 2765 894 paulo
2793 838 2946 881 antea
2973 827 3185 881 beatum
3216 824 3627 894 prsidicaverat',
3662 851 3729 888 eo

2152 896 2294 969 quod
2318 897 2554 969 dixisset,
2569 894 2655 969 ⁸Τμ
2673 912 2723 969 es
2742 897 2969 969 Christus
2981 895 3156 969 Filius
3179 894 3273 951 Dei
3287 901 3490 954 viventis
3510 901 3724 969 (Matth.

2155 965 2244 1020 16.
2276 965 2364 1034 16)
2393 982 2406 1017 :
2436 966 2527 1019 sed
2550 965 2741 1020 deinde
2761 981 2879 1036 cum
2905 967 3174 1036 indignum
3201 969 3272 1020 illi
3291 965 3554 1024 videretur
3575 973 3722 1036 quod

2155 1045 2442 1107 pateretur,
2474 1037 2605 1089 dixit
2634 1036 2726 1102 illi,
2772 1035 2908 1090 Vade
2948 1035 3058 1107 post
3089 1038 3415 1107 me,Satana,
3442 1035 3726 1107 offendicu-

2154 1105 2256 1180 lum
2284 1105 2407 1158 mihi
2432 1121 2503 1180 es,
2530 1106 2649 1180 quiq
2669 1122 2768 1160 non
2793 1107 2928 1180 sapis
2950 1105 3062 1180 gate
3085 1106 3182 1160 Dei
3207 1120 3342 1175 sunt,
3371 1113 3459 1162 sed
3481 1105 3596 1180 gate
3622 1112 3720 1166 Ito-

2153 1175 2345 1227 minum
2367 1191 2385 1228 :
2405 1176 2492 1244 qui
2511 1174 2841 1230 conﬁrmavit
2870 1174 3055 1231 faciem
3083 1192 3232 1231 suam
3255 1174 3375 1232 cum
3409 1174 3724 1236 ascenderet

2153 1244 2204 1315 in
2229 1244 2546 1310 Jerusalem,
2577 1255 2634 1298 ut
2676 1247 2896 1300 salutem
2923 1263 3016 1314 per
3041 1248 3336 1315 passionem
3367 1263 3514 1304 suam
3544 1254 3722 1305 omni-

2151 1314 2250 1368 bus
2275 1315 2630 1384 suppeditaret
2662 1316 2793 1388 :ﬁqui
2824 1331 2916 1388 per
2945 1314 3228 1388 prophetas
3256 1319 3422 1386 ipsam
3453 1322 3716 1388 passionis

2151 1398 2260 1438 Suae
2281 1388 2511 1453 Speciem
2545 1387 2804 1454 prmdixit.
2831 1385 2931 1440 Per
2949 1385 3231 1440 Jeremiam
3259 1385 3400 1441 enim
3421 1385 3547 1443 dicit
3575 1405 3590 1444 :
3618 1391 3723 1445 Sa-

2152 1470 2260 1526 per_
2286 1471 2364 1508 me
2402 1455 2747 1526 cogitat-erunt
2785 1457 3137 1526 cogitationem
3178 1458 3366 1510 malam
3389 1498 3405 1523 ,
3452 1460 3672 1514 dicentes
3701 1477 3722 1514 :

2151 1524 2332 1596 venite,
2363 1536 2408 1578 et
2435 1524 2763 1596 iinmittamus
2788 1524 2978 1596 lignum
3000 1526 3050 1596 in
3073 1543 3251 1594 panem
3274 1527 3432 1592 illius,
3461 1539 3508 1582 et
3531 1531 3720 1583 erada-

2151 1610 2263 1647 mus
2281 1595 2435 1667 illam
2462 1596 2523 1650 de
2549 1603 2681 1648 terra
2704 1594 2837 1667 (iter.
2861 1596 2948 1650 11.
2979 1595 3067 1666 19)
3100 1612 3116 1650 :
3143 1610 3354 1667 crucem
3383 1600 3718 1667 signiﬁcans;

2153 1679 2247 1739 per
2276 1665 2438 1718 David
2463 1675 2638 1719 autem
2671 1680 2685 1720 :
2716 1664 3057 1739 Dederuntin
3086 1665 3250 1739 cibum
3279 1664 3452 1739 meum
3473 1671 3562 1739 fel,
3581 1681 3635 1739 et
3663 1672 3719 1726 in

2149 1735 2234 1786 siti
2261 1751 2370 1787 mea
2395 1744 2687 1804 potaverunt
2710 1752 2790 1788 me
2816 1745 2952 1789 aceto
2973 1734 3144 1803 (Psal.
3169 1738 3256 1791 68.
3283 1737 3411 1804 22);
3440 1734 3512 1803 et,
3547 1738 3720 1794 Fode-

2149 1813 2270 1879 rtmt
2297 1821 2476 1858 manus
2504 1821 2638 1858 meas
2665 1816 2709 1858 et
2740 1805 2888 1874 pedes
2915 1822 3067 1860 meos.
3112 1805 3295 1860 Partiti
3317 1819 3434 1862 sunt
3467 1811 3561 1862 sibi
3593 1810 3720 1879 ipsis

2149 1876 2437 1944 uestimenta
2468 1891 2576 1928 mea
2615 1885 2660 1928 et
2684 1892 2833 1944 super
2859 1885 3038 1929 vestem
3068 1893 3228 1929 meam
3259 1879 3503 1931 miserunt
3531 1876 3716 1934 sortem

2151 1942 2320 2018 (Psal.
2471 1947 2558 2018 l7.
2586 1945 2714 2014 19);
2746 1942 2802 1999 et
2851 1961 2946 2015 per
2989 1946 3173 2018 Isaiam
3225 1963 3240 2000 :
3295 1947 3508 2018 Tergum
3550 1966 3717 2004 meum

2148 2013 2266 2067 dedi
2293 2016 2362 2067 ad
2385 2017 2590 2084 ﬂagella
2609 2057 2624 2080 ,
2655 2013 2806 2085 genas
2832 2013 2968 2069 meas
3001 2017 3069 2068 ad
3106 2017 3310 2086 alapas,
3339 2013 3519 2085 faciem
3555 2037 3718 2074 meam

2147 2100 2247 2137 non
2272 2087 2428 2158 auerti
2457 2103 2488 2136 a
2517 2087 2809 2158 confusione
2833 2096 3091 2158 sputorum
3122 2086 3272 2158 (Isai.
3304 2089 3391 2143 50.
3414 2087 3492 2152 6).
3527 2088 3716 2144 Vidisti

2147 2168 2276 2207 sane
2302 2156 2416 2208 hare
2442 2157 2618 2209 omnia
2645 2156 2876 2224 perfecta
2909 2157 2959 2208 in
2990 2156 3146 2211 cruce
3175 2172 3190 2211 ε
3221 2172 3340 2210 nam
3371 2173 3399 2210 a
3428 2158 3593 2214 Pilato
3614 2159 3714 2212 lla-

2146 2225 2371 2292 gellatns
2392 2234 2472 2278 est
2493 2266 2521 2296 ,γ
2551 2235 2602 2278 ct
2640 2241 2667 2276 a
2693 2242 2846 2279 servo
2875 2226 3024 2295 alapa
3048 2242 3217 2282 casas
3241 2269 3255 2290 ,
3286 2227 3355 2281 ab
3382 2227 3559 2296 impiis
3582 2245 3717 2284 oon-

2147 2306 2334 2368 sputus
2357 2336 2370 2356 ,
2395 2310 2429 2368 a
2457 2295 2710 2368 militibus
2736 2297 2898 2349 clavis
2924 2298 2974 2350 in
3015 2312 3173 2351 cruce
3213 2299 3369 2363 tixus,
3399 2295 3488 2368 qui
3513 2300 3715 2355 divise.

2149 2375 2272 2418 runt
2307 2365 2471 2438 ipsius
2504 2367 2836 2438 vestimenta,
2869 2376 2930 2438 et
2948 2377 3144 2438 sortem
3173 2365 3449 2421 miserunt.
3494 2368 3592 2436 Qui
3621 2386 3717 2438 per

2147 2442 2252 2487 tam
2283 2436 2444 2488 multa
2473 2437 2772 2506 passionem
2800 2436 3132 2506 signiﬁcavit,
3156 2438 3422 2506 quomodo
3450 2454 3592 2494 nunc
3619 2436 3714 2494 de-

2148 2506 2370 2558 trectat?
2395 2505 2567 2572 Quare
2594 2506 2748 2574 igitur
2767 2507 2914 2571 dicit,
2940 2505 3112 2564 Pater.
3132 2505 3184 2560 si
3199 2507 3435 2575 possibile
3453 2518 3545 2575 est,
3570 2519 3715 2562 tran-

2145 2585 2250 2646 seat
2275 2592 2306 2627 a
2335 2593 2413 2628 me
2439 2577 2575 2629 calix
2600 2578 2690 2628 iste
2719 2576 2928 2646 (Matth.
2955 2577 3044 2630 26.
3079 2576 3206 2642 39)?
3235 2577 3513 2646 Ignorahat
3532 2579 3714 2633 diabo-

2147 2644 2227 2698 lus
2259 2649 2378 2713 quis
2417 2655 2600 2700 esset:
2634 2644 2818 2700 videns
2847 2649 2986 2700 enim
3026 2662 3145 2701 eum
3188 2644 3358 2715 ips—um
3399 2649 3671 2704 sitientew
3696 2691 3711 2714 ,

2146 2720 2494 2781 esurientem,
2526 2717 2717 2770 lassum
2737 2757 2752 2779 ,
2779 2728 2832 2770 et
2856 2717 2986 2770 alias
3009 2717 3124 2786 ejus
3147 2717 3584 2786 dispensatio-tes,
3625 2735 3715 2774 re-

2144 2786 2346 2853 putavit
2389 2802 2508 2840 eum
2559 2787 2826 2840 hominem
2872 2802 2989 2841 esse
3037 2803 3256 2855 purum;
3305 2787 3492 2843 videns
3531 2797 3713 2844 autem

2144 2855 2261 2922 ejus
2289 2856 2463 2910 divina
2493 2857 2765 2921 miracula,
2811 2858 2974 2910 Deum
3007 2857 3372 2925 suspicabatur
3399 2875 3412 2912 :
3442 2858 3718 2912 dubitabat

2143 2925 2304 2994 igitur
2327 2926 2394 2980 de
2418 2941 2501 2991 eo,
2535 2926 2783 2996 ignorans
2810 2927 2974 2981 illum.
3003 2927 3132 2980 Nam
3163 2927 3205 2980 si
3234 2928 3508 2982 evidenter
3525 2930 3715 2982 scisset

2144 2996 2283 3064 quod
2314 2996 2451 3050 Deus
2476 3005 2636 3060 esset,
2655 3012 2760 3050 non
2784 3011 2946 3051 ausus
2973 2996 3158 3052 fuisset
3179 2998 3244 3051 ad
3270 3014 3390 3050 eum
3413 2998 3670 3052 accedere
3691 3017 3710 3053 :

2143 3066 2280 3138 sicut
2321 3075 2374 3119 et
2416 3067 2606 3138 Paulus
2642 3067 2808 3121 dicit:
2850 3067 2912 3121 Si
2948 3068 3080 3120 enim
3120 3069 3516 3138 cognovissent,
3540 3069 3719 3137 utique

2145 3135 2415 3212 Dominum
2447 3137 2622 3212 gloriae
2646 3153 2745 3212 non
2770 3138 3136 3212 cruciﬁajisseut
3163 3135 3213 3204 (⁷1
3246 3136 3364 3212 Ger.
3571 3135 3718 3192 res-

2146 3206 2312 3259 tendit
2340 3207 2496 3275 igitur
2519 3208 2772 3260 Dominus
2793 3207 3150 3273 l'nrinidinem,
3169 3223 3276 3277 quo
3300 3208 3387 3262 ille
3407 3206 3712 3273 illiceretur,

2145 3285 2203 3328 ut
2227 3292 2347 3330 cum
2373 3277 2661 3348 accederet
2691 3285 2747 3331 ut
2784 3277 2849 3331 ad
2878 3277 3149 3332 hominem
3168 3319 3182 3342 ,
3214 3279 3280 3330 ab
3309 3280 3426 3346 ipso
3454 3280 3508 3332 in
3537 3278 3718 3348 iugata

2143 3356 2461 3412 verteretur,
2493 3357 2546 3402 et
2574 3347 2962 3402 redimerentur
2987 3362 3172 3401 omnes
3193 3349 3382 3416 captivi
3407 3348 3473 3401 ab
3499 3347 3718 3402 illo’de—

2147 3417 2300 3471 tenti.
2347 3417 2804 3484 Quemadmodum
2843 3433 2936 3471 rex
2983 3417 3174 3486 aliquis
3213 3419 3491 3472 invasurus
3536 3427 3721 3488 tyran—

2144 3502 2269 3541 num
2291 3489 2680 3553 invalidiorem,
2709 3503 2829 3542 cum
2855 3488 3004 3542 illum
3037 3491 3318 3557 fugiturum
3346 3504 3404 3542 se
3430 3489 3584 3549 sciat.
3619 3490 3721 3542 tin-

2143 3559 2218 3624 git
2248 3569 2464 3622 metum,
2497 3558 2678 3612 dicens
2705 3559 3024 3612 exercitibus
3053 3559 3162 3612 suis
3196 3574 3210 3610 :
3242 3559 3500 3626 fugiamus
3531 3559 3654 3612 hinc
3686 3575 3717 3610 a

2143 3626 2276 3681 facie
2299 3629 2457 3691 illius,
2488 3638 2545 3681 ut
2571 3643 2636 3682 ne
2659 3643 2688 3681 a
2720 3628 2873 3682 nobis
2897 3627 3085 3698 fugiat,
3113 3629 3206 3682 sed
3227 3637 3573 3698 persequatur
3593 3645 3720 3691 nos,

2143 3706 2198 3750 et
2219 3699 2296 3752 sic
2321 3700 2562 3752 conversi
2589 3698 3101 3767 comprehendamus
3130 3699 3271 3753 illum
3305 3714 3320 3751 :
3353 3699 3422 3751 ita
3452 3708 3505 3752 et
3532 3699 3721 3752 Domi-

2144 3783 2243 3822 nus
2275 3769 2595 3836 przetexebat
2620 3766 2958 3822 formidinem
2980 3809 2995 3832 ,
3029 3778 3085 3822 ut
3108 3782 3227 3822 cum
3268 3769 3512 3822 diabolus
3541 3770 3723 3837 ipsum

2143 3839 2292 3908 quasi
2327 3839 2594 3892 hominem
2617 3839 3012 3908 aggrederetur,
3045 3839 3312 3893 inveniret
3339 3837 3506 3892 Deum
3530 3839 3621 3908 qui
3650 3839 3726 3892 il—

2144 3907 2250 3962 lum
2281 3909 2631 3974 interimeret,
2655 3907 2709 3962 et
2727 3908 2977 3962 liberaret
2995 3922 3181 3962 omnes
3200 3909 3287 3977 qui
3308 3911 3376 3963 ab
3398 3908 3490 3962 illo
3511 3907 3724 3963 detine-

2143 3978 2336 4032 bantur
2365 3979 2416 4031 in
2448 3978 2675 4032 inferno.
2721 3978 2809 4032 Sic
2843 3979 2983 4032 enim
3023 3977 3190 4032 dicit:
3223 3978 3473 4047 Apparuit
3504 3979 3724 4047 angelus

2144 4049 2432 4117 confortans
2460 4064 2570 4100 eum
2597 4047 2745 4116 (Luc.
2777 4047 2864 4102 22.
2899 4049 2990 4117 45)
3021 4064 3036 4100 :
3068 4049 3156 4116 qui
3197 4047 3265 4101 ab
3295 4049 3500 4117 angelis
3525 4047 3725 4102 adora-

2144 4127 2231 4173 tur
2250 4159 2266 4182 ,
2297 4127 2353 4172 et
2388 4119 2473 4172 cui
2510 4118 2744 4172 ﬂectitur
2777 4132 2934 4171 omne
2963 4133 3098 4186 genu
3127 4117 3418 4171 caelestium
3457 4127 3511 4172 et
3539 4127 3719 4172 terre-

2143 4189 2332 4242 strium
2359 4198 2413 4243 et
2453 4187 2780 4242 inlernorum
2811 4186 3066 4258 (Philipp.
3089 4187 3144 4241 2.
3174 4187 3300 4257 l0),
3329 4202 3436 4256 quo
3459 4197 3614 4258 pacto
3647 4189 3722 4242 ab

2141 4259 2329 4327 angelo
2355 4259 2518 4313 robur
2537 4259 2865 4326 accipiebat"
2892 4257 3007 4311 Non
3035 4259 3196 4311 robur
3221 4259 3446 4325 accepit,
3479 4257 3576 4311 sed
3594 4259 3722 4325 glo-

2143 4330 2490 4383 rilicationem
2518 4329 2688 4397 angeli
2713 4329 2938 4381 dicentis
2961 4344 2976 4381 ε
3012 4327 3174 4397 'I‘uum
3197 4337 3268 4380 est
3296 4344 3505 4395 regnum
3533 4338 3580 4378 et
3609 4330 3716 4379 int-

2144 4402 2357 4468 perium,
2390 4396 2624 4452 Domine.
2657 4397 2847 4468 ullus
2870 4398 2961 4450 scit
2989 4396 3120 4468 diem
3144 4398 3286 4468 illam
3311 4399 3384 4449 vel
3409 4398 3610 4468 horam,
3631 4413 3727 4451 nc—

2175 4485 2237 4522 ue
2258 4470 2446 4539 angeli,
2479 4484 2634 4539 neque
2660 4467 2847 4532 Filius,
2880 4468 2974 4539 nisi
3001 4466 3162 4539 Pater
3183 4466 3397 4539 (Matth.
3425 4465 3516 4519 24.
3671 4477 3726 4520 et

2205 4555 2311 4592 arc.
2330 4537 2424 4592 15.
2449 4539 2560 4607 52).
2584 4537 2650 4591 Et
2675 4538 2941 4607 quomodo
2961 4552 3086 4605 ergo
3103 4576 3118 4600 ,
3153 4537 3354 4605 inquit,
3391 4538 3612 4606 :cqualis
3636 4546 3728 4590 est

2144 4609 2308 4674 Patri,
2341 4609 2432 4677 qui
2459 4609 2629 4662 nescit
2653 4608 2792 4662 diem
2822 4607 3008 4661 illam?
3031 4608 3130 4671 Qui
3160 4607 3284 4660 fecit
3306 4607 3468 4677 illam,
3501 4613 3726 4677 ignora-

2142 4681 2302 4733 batne
2333 4675 2514 4732 illam?
2535 4678 2601 4732 Et
2622 4691 2785 4746 quare
2814 4677 2972 4746 igitur
2992 4677 3138 4740 dicit,
3161 4691 3334 4744 neque
3354 4675 3560 4730 Filius?
3585 4675 3728 4730 Vide

2142 4748 2405 4803 theoriam
2435 4749 2858 4818 exquisitiorcm.
2898 4747 3039 4801 Duas
3069 4747 3188 4815 quis
3218 4747 3468 4818 scientias
3494 4757 3551 4799 et
3578 4746 3726 4799 nuti-

2143 4819 2242 4874 tias
2285 4818 2337 4872 in
2376 4816 2646 4886 Scriptura
2691 4817 2964 4871 inveniet:
2996 4832 3152 4870 unam
3191 4816 3441 4884 quidem,
3487 4831 3610 4886 qua:
3654 4831 3728 4869 ex

2141 4903 2306 4958 opere
2333 4884 2557 4942 sumitur
2576 4930 2589 4952 ,
2618 4887 2838 4958 alteram
2869 4903 2992 4941 vero
3021 4902 3086 4940 ex
3115 4887 3437 4958 cognitione.
3470 4884 3727 4958 Cagnat-it

2143 4953 2307 5024 enim,
2339 4959 2526 5026 inquit,
2559 4957 2720 5010 Adam
2746 4955 2908 5010 Evam
2938 4973 3146 5010 uxorem
3178 4953 3323 5009 suam
3349 4953 3502 5023 (Gen.
3530 4953 3583 5009 4.
3628 4956 3727 5022 1);

2143 5045 2250 5083 non
2271 5029 2409 5098 quod
2431 5042 2589 5098 prius
2613 5028 2929 5097 ignoraverit
2956 5043 2970 5098 ;
2994 5026 3260 5098 quomodo
3286 5027 3602 5094 ignorasset,
3628 5026 3729 5095 qui

2140 5097 2345 5153 dixerat
2374 5115 2388 5151 :
2418 5097 2532 5150 Hoc
2555 5113 2684 5150 nunc
2711 5112 2767 5149 os
2791 5113 2854 5150 ea:
2873 5097 3063 5150 ossibus
3092 5097 3234 5160 meis,
3257 5106 3303 5148 et
3332 5113 3449 5148 caro
3473 5112 3539 5149 α
3564 5111 3733 5149 carne

2141 5185 2251 5222 mea
2279 5168 2439 5239 (Ibid.
2464 5167 2519 5220 2.
2551 5167 2679 5239 25)?
2702 5166 3050 5239 _Et_cognovit_
3063 5166 3546 5239 AbrahamSaram
3579 5180 3732 5239 uxo—

2141 5255 2255 5294 rem
2286 5233 2458 5302 suam,
2487 5247 2540 5291 et
2568 5233 2733 5291 Ja'cob
2758 5233 2904 5291 Liain
2939 5235 3220 5307 etBachel
3240 5233 3404 5305 (Ibid.
3429 5234 3729 5307 29).Num

2141 5309 2417 5378 ignorabat
2445 5308 2593 5378 illas,
2616 5309 2703 5376 qui
2735 5305 3095 5378 proptcr__illas
3118 5320 3289 5378 annos
3315 5305 3730 5375 quatuordccitn

2141 5375 2437 5433 servierat?
2460 5375 2672 5432 Sciebat
2691 5377 2902 5446 quidem
2927 5375 3395 5446 illasgcognitione,
3429 5392 3603 5446 (imre
3620 5391 3728 5428 au-

2142 5459 2248 5503 tem
2288 5458 2470 5517 postea
2512 5444 2777 5516 cognovit.
2825 5446 3005 5517 itaque
3049 5444 3214 5517 Pater
3239 5445 3730 5517 qt_li_ll0ltAjttdiCal

2141 5514 2481 5587 quemquam,
2513 5514 2607 5571 sed
2637 5532 2797 5571 omne
2817 5514 3072 5585 judicium
3098 5515 3242 5569 dedit
3272 5515 3410 5569 Filio
3430 5514 3631 5587 (Icari.
3665 5523 3728 5568 5.

2141 5584 2252 5658 22),
2286 5584 2386 5641 scit
2406 5588 2546 5641 diem
2576 5596 2682 5640 tam
2709 5584 3010 5658 cognitione
3031 5599 3188 5654 quam
3212 5599 3394 5654 Opere.
3428 5584 3596 5658 Filius
3622 5600 3726 5638 an-

2149 5653 2252 5714 teut
2283 5659 2371 5730 qui
2400 5659 2545 5714 venit
2571 5668 2626 5712 ut
2653 5653 2821 5714 salvét
2852 5653 3139 5725 mundum,
3169 5665 3225 5711 et
3252 5653 3369 5710 non
3396 5664 3452 5711 ut
3473 5653 3694 5727 judicet
