4030 6136
442 229 595 288 1095

450 350 561 405 suit
590 362 676 401 vos
707 345 934 416 Spiritus
953 354 1156 400 sanctus
1177 346 1437 416 episcopos
1457 354 1504 401 et
1523 346 1764 400 diaconos
1790 343 1925 411 (Act.
1946 344 2038 401 20.

458 419 574 489 9.8).
611 416 742 473 Vide
767 417 1013 471 virtutem
1049 416 1275 489 Spiritus
1312 416 1515 489 sancti,
1545 425 1602 472 et
1643 416 2038 489 auctoritatem,

447 485 926 559 et'potestatem,
973 485 1102 541 num
1147 487 1354 559 alienus
1409 502 1439 542 a
1502 488 1631 559 Deo,
1665 486 1736 541 sit
1787 485 2038 559 Spiritus.

468 556 615 626 Vidi,
666 558 834 628 inquit
884 557 1131 624 Hcsaias,
1183 556 1345 611 Deum
1395 574 1547 625 super
1591 556 1843 611 thronum
1873 556 2041 611 excel-

457 647 575 685 sum
630 638 676 682 et
733 629 1012 693 eleuatum,
1080 638 1128 682 et
1194 628 1470 698 Serapliim
1523 630 1576 682 in
1631 629 1844 682 circuitu
1895 628 2043 699 ejus;

460 711 515 758 et
558 714 679 770 qua:
721 709 1031 768 sequuntur.
1075 699 1149 751 Ac
1192 700 1341 753 dixi:
1389 716 1418 753 ο
1461 700 1702 770 miserum
1744 715 1869 770 me,
1914 714 2043 765 quo-

459 768 599 825 niam
641 780 972 838 compunctus
1013 785 1159 833 sum,
1209 770 1448 839 quoniam
1475 768 1737 822 immunda
1770 768 1906 823 labia
1948 770 2044 839 lia-

469 844 603 906 bcns,
643 841 697 894 in
732 841 895 894 medio
924 839 1098 908 populi
1122 839 1382 893 immunda
1419 840 1554 894 labia
1575 839 1799 894 habentis
1831 854 1921 909 ego
1951 838 2043 909 lia-

461 914 597 977 bito,
630 921 675 964 et
715 927 881 981 regem
921 907 1196 981 Dominum
1228 909 1454 965 Sabaoth
1482 910 1582 981 vidi
1608 911 1765 965 oculis
1791 907 1931 964 meis.
1976 907 2045 963 Et

458 984 586 1037 dixit
609 996 629 1035 :
655 980 783 1051 quis
806 982 894 1034 ibit
922 981 990 1034 ad
1018 980 1266 1051 pupulum
1292 982 1467 1035 hunc?
1494 980 1560 1034 Et
1607 981 1715 1035 dixi
1738 997 1756 1034 :
1777 996 1889 1035 ecce
1907 995 2038 1051 ego,

461 1054 604 1107 mitte
630 1049 727 1104 me.
751 1049 1119 1120 Nimirum’qui
1142 1050 1358 1106 sedebat
1382 1052 1434 1105 in
1461 1052 1675 1116 throno,
1707 1051 1839 1105 dixit
1862 1068 1876 1105 :
1907 1049 2046 1103 Vade

463 1121 811 1192 adpopuium
848 1122 1003 1186 hunc,
1033 1133 1078 1175 et
1105 1122 1223 1176 dic:
1251 1121 1430 1175 auditu
1466 1123 1683 1176 audietis
1702 1163 1718 1189 ,
1750 1130 1797 1175 et
1830 1121 2042 1192 nonin-

460 1191 692 1264 t'elligetis
737 1208 756 1246 :
808 1201 854 1264 et
908 1193 1128 1246 uidentes
1176 1193 1446 1264 videbitis,
1487 1202 1535 1246 et
1583 1210 1683 1246 non
1730 1191 2045 1264 perspicietis

488 1261 649 1318 Is.'6.
667 1263 718 1316 i.
746 1264 799 1318 5.
819 1262 871 1318 8.
892 1264 973 1332 9).
1002 1264 1131 1331 Quis
1151 1274 1232 1318 est
1251 1264 1338 1329 qui
1360 1263 1579 1318 sedebat
1595 1261 1754 1333 super
1773 1261 2046 1333 thronum?

507 1344 644 1398 ater,
664 1333 841 1404 inquit
870 1351 884 1387 :
914 1331 959 1388 si
986 1342 1162 1404 autem
1196 1333 1449 1388 didiceris
1475 1348 1504 1387 a
1538 1331 1721 1399 Paulo,
1752 1331 1894 1402 quod
1922 1332 2045 1402 Spi-

441 1406 604 1459 uritus
630 1403 721 1470 sit,
745 1403 1104 1459 conﬁteberis
1129 1403 1276 1458 illum
1308 1404 1513 1459 Deum?
1544 1404 1800 1471 Ostende,
1839 1405 2042 1470 inquit,

461 1487 518 1531 et.
536 1474 719 1530 credo.
766 1475 903 1528 Audi
944 1476 1090 1528 illum
1125 1474 1391 1529 dicentem
1422 1492 1435 1528 :
1478 1472 1614 1529 Bene
1650 1474 1780 1529 dixit
1818 1473 2046 1542 Spiritus

458 1555 663 1600 sanctus
724 1561 813 1615 per
860 1543 1054 1615 Isaiam
1105 1545 1403 1615 prepltetam
1443 1561 1461 1598 :
1504 1545 1630 1600 uade
1685 1546 1753 1599 ad
1802 1545 2046 1614 populum

461 1619 628 1682 hunc,
664 1614 878 1687 et'dic;
920 1614 1139 1687 auribus
1171 1614 1388 1687 audietis
1416 1632 1435 1669 :
1477 1626 1532 1671 et
1583 1631 1704 1687 qua:
1751 1624 2048 1687 sequuntur

466 1685 902 1760 (Act..28.__25._
947 1684 1065 1760 26).
1117 1686 1571 1760 Paulus__inquit,
1792 1685 2047 1760 _S_pirit_us

455 1755 698 1821 sanctus;
747 1755 968 1811 Hesaias
1023 1757 1239 1825 inquit:
1289 1755 1451 1810 Dixit
1481 1757 1730 1811 Dominus
1780 1756 2042 1812 Sabaoth:

463 1829 586 1898 quia
617 1827 925 1882 indifferens
949 1836 1031 1881 est
1058 1827 1347 1897 Scriptura:
1373 1828 1514 1898 loqui
1543 1827 1611 1883 de
1637 1828 1795 1882 Patre
1823 1836 1879 1883 et
1905 1826 2045 1880 Filio

460 1897 736 1968 etSpiritu
768 1907 975 1953 sancto.
1019 1898 1182 1968 Igitur
1226 1913 1292 1953 ne
1318 1898 1405 1968 die
1431 1897 1683 1967 deinceps
1719 1913 1966 1968 magnum
1992 1902 2049 1950 et

467 1967 687 2039 parvum
715 1969 907 2031 Deum,
936 1967 1176 2023 incidens
1211 1968 1265 2022 in
1309 1967 1595 2024 Gentilium
1625 1967 1883 2039 errorem.
1913 1967 2047 2022 Nam

462 2038 510 2110 si
551 2054 746 2110 parvus
773 2040 913 2093 Deus
940 2047 1025 2094 est
1071 2039 1254 2105 Filius,
1304 2040 1563 2093 mentitur
1592 2039 1786 2110 Paulus
1819 2038 2043 2110 dicens:

465 2107 834 2179 Exspectantes
874 2111 1086 2179 beatam,
1111 2125 1250 2178 spent
1296 2110 1472 2178 gloria:
1496 2109 1670 2179 magni
1709 2109 1804 2162 Dei
1829 2118 1875 2162 et
1920 2107 2046 2163 Sal-

467 2177 652 2261 uatoris
696 2180 855 2261 nostri
891 2178 1017 2233 Jesu
1050 2177 1234 2261 Christi
1262 2179 1475 2261 (Tini.
1678 2179 1846 2261 Quem
1890 2179 2048 2248 igitur

467 2250 667 2305 Paulus
688 2258 840 2305 vocat
866 2265 1114 2318 magnum
1164 2250 1351 2314 Deum,
1384 2258 1443 2304 tu
1472 2265 1540 2305 ne
1564 2249 1763 2305 dixeris
1790 2265 2044 2318 parvum;

465 2337 589 2376 nam
637 2322 689 2375 in
732 2321 842 2374 Deo
872 2320 1105 2390 perlecta
1150 2330 1275 2375 sunt
1316 2321 1515 2375 omnia.
1560 2320 1628 2375 Et
1670 2336 1926 2376 rursum:
1965 2318 2051 2373 Ea:

497 2393 646 2446 uibus
667 2391 895 2446 Christus
923 2391 1201 2462 secundum
1234 2408 1457 2462 carnem,
1487 2392 1575 2462 qui
1598 2399 1854 2462 estisuper
1881 2391 2050 2445 omnia

519 2479 606 2517 eus
636 2462 922 2517 benedictus
951 2462 1004 2515 in
1047 2461 1235 2516 sarcula
1265 2461 1442 2532 (Rom.
1474 2461 1530 2517 9.
1561 2461 1642 2533 5).
1674 2461 1859 2533 Neque
1900 2476 2051 2516 crea-

470 2542 578 2587 tum
624 2533 790 2588 Deum
837 2533 1417 2602 nominabisiunquam
1460 2533 1644 2602 :iimpi

1460 2549 1474 2586 :
1494 2532 1714 2602 impius
1755 2532 1897 2586 enim
1945 2540 2048 2597 est,

465 2604 555 2673 qui
580 2614 882 2657 creaturam
910 2602 1117 2673 adorat.

1143 2601 1291 2669 Quid
1314 2601 1509 2671 igitur?
1535 2601 1653 2657 Non
1679 2601 1826 2656 dices
1855 2614 2050 2670 corpus

468 2672 1156 2753 Domini_creatuin?_Yide
1203 2672 1517 2753 ergoquod
1564 2680 1620 2727 et
1659 2682 1712 2727 tu
1751 2681 2050 2726 creaturam

467 2744 663 2798 adoras
688 2743 966 2812 insipiens.
1010 2742 1196 2814 Nullus
1239 2742 1368 2797 dicit
1394 2743 1547 2814 regi:
1581 2757 1720 2798 exue
1764 2756 2049 2814 purpuram

468 2822 649 2879 tuam;
679 2814 806 2868 vel:
849 2827 1006 2882 surge
1049 2828 1078 2867 a
1124 2812 1316 2868 throno
1363 2812 1475 2878 tuo,
1499 2820 1559 2867 ut
1604 2821 1657 2868 te
1683 2812 1882 2867 nnduni
1921 2812 2049 2866 ado-

467 2898 584 2938 rem
616 2900 630 2937 :
660 2884 753 2939 sed
780 2882 967 2937 adorat
991 2897 1172 2953 regem
1204 2898 1365 2953 super
1392 2883 1642 2938 thronum
1668 2883 1966 2945 sedentem,
1992 2892 2046 2938 et

471 2969 703 3024 purpura
729 2954 1001 3009 vestitum.
1025 2952 1413 3023 Complacitum
1440 2954 1583 3009 enim
1608 2953 1706 3008 fuit
1726 2954 1837 3008 Deo
1861 2953 2047 3017 verbo,

470 3034 529 3079 ut
577 3034 820 3095 creatam,
867 3038 1082 3095 carnem
1138 3034 1374 3095 nostram
1429 3024 1529 3080 sibi
1585 3024 1787 3095 absque
1841 3024 2048 3079 macula

472 3096 663 3167 uniret.
692 3095 789 3167 Est
809 3094 968 3167 igitur
994 3094 1263 3167 adoranda
1285 3110 1409 3167 cum
1439 3096 1758 3167 Deo_verbo_,
1790 3103 2051 3167 quatenus

390 3208 399 3219 .
468 3166 650 3222 deitati
677 3164 851 3223 adest:
895 3166 961 3221 Et
1006 3166 1107 3221 hoc
1135 3164 1437 3238 signiﬁcans
1469 3165 1680 3222 divinus
1721 3165 1909 3233 David,
1940 3165 2050 3221 cla~

1963 217 2224 277 SPUBIA.

3551 246 3568 297 ί
3578 247 3660 303 0‘36

2149 352 2264 420 mat
2288 343 2583 420 :__Exaltate
2627 344 2903 420 Dominum
2951 345 3113 420 Deum
3161 356 3376 404 nostrum
3411 364 3454 407 et
3494 359 3670 420 adorata

2147 413 2421 495 scabie-llum
2465 416 2648 495 pedum
2689 418 2827 495 ejus,
2874 418 3112 495 quoniam
3156 429 3448 495 sanctus‘est
3480 413 3671 495 (rudi.

2146 484 2237 540 98.
2262 484 2339 556 5).
2375 484 2560 559 lnalio
2583 484 2849 559 loco'dicit
2876 484 2896 540 τ’
2922 487 3120 559 Cwlum
3143 488 3265 542 mihi
3289 492 3439 558 sedes,
3459 484 3574 552 terra

2148 565 2245 609 tem
2272 556 2561 629 scabellum
2589 558 2771 625 pedum
2801 574 3027 613 meorum
3072 556 3223 629 (lsai.
3249 560 3332 615 66.
3359 564 3381 616 1
3405 556 3443 629 ).
3487 556 3671 627 Terram

2148 641 2245 700 905
2265 625 2422 696 iubes
2441 626 2688 700 ἒἓίῙθῐέὶΙἘ,
2717 645 2750 681 0
2775 629 2932 684 beate
2956 625 3151 683 David!
3182 628 3246 683 Et
3264 625 3510 700 quomodo
3533 625 3677 699 Μοεέέ

2146 697 2319 779 legem
2344 697 2512 779 ponit,
2545 713 2720 779 neque
2739 700 2948 779 caelum,
2973 715 3146 779 neque
3173 697 3392 779 terram,
3406 720 3562 779 neque
3579 697 3677 779 quas

2150 766 2205 821 in
2246 768 2324 821 eis
2352 766 2985 846 _sunt,Aadoranda__e_s_se
3033 766 3205 834 (Deut.
3236 771 3268 825 5
3302 782 3346 826 et
3370 766 3497 846 '18)?
3524 766 3679 838 Videte

2148 838 2480 909 mysterium.
2508 838 2769 906 Quoniam
2797 840 2895 896 sibi
2914 843 3196 909 juncturus
3216 852 3327 896 erat
3350 838 3562 902 nostram
3583 865 3682 905 car-

2149 924 2271 962 nem
2321 909 2523 978 absque
2572 920 2793 981 peccato
2837 911 2904 965 ad
2955 927 3114 966 unam
3163 910 3534 981 adorationem;
3577 912 3707 976 earo‘

2149 988 2330 1033 autem
2358 989 2538 1034 nostra
2568 996 2637 1035 ex
2663 980 2832 1035 Adam
2852 1021 2866 1045 ,
2895 997 2956 1036 ex
2987 990 3126 1036 terra
3156 988 3270 1046 est;
3308 980 3572 1040 secundum
3601 989 3684 1048 hoc

2148 1049 2278 1104 dicit
2310 1067 2323 1105 :
2373 1049 2443 1103 Et
2489 1050 2698 1105 adorate
2732 1052 3003 1106 scabellum
3050 1052 3239 1122 pedum
3275 1055 3397 1121 ejus.
3435 1054 3532 1112 Nos
3564 1063 3681 1116 enim

2153 1129 2348 1195 terram
2378 1136 2483 1175 non
2513 1122 2799 1176 adoramus
2818 1165 2833 1188 ,
2861 1124 2953 1177 sed
2984 1123 3145 1195 Deum
3171 1122 3408 1190 verbum,
3430 1126 3512 1195 qui
3539 1130 3682 1187 nnivit

2149 1192 2250 1245 sibi
2278 1192 2714 1262 absquepeecato
2758 1208 2973 1247 carnem
3003 1193 3156 1259 Adae,
3185 1207 3304 1262 quin
3340 1210 3402 1248 ex
3441 1192 3566 1251 ierra
3590 1197 3684 1254 lor.-

2150 1270 2291 1316 mata
2316 1271 2418 1316 est.
2451 1261 2527 1316 Ne
2556 1261 2715 1330 igitur
2739 1263 2878 1318 ultra
2916 1264 3082 1327 dicas,
3105 1261 3342 1317 creatum
3369 1263 3567 1330 Filium,
3606 1270 3685 1326 sed

2150 1330 2258 1395 dic,
2293 1332 2379 1386 ubi
2410 1332 2541 1387 dixit
2572 1334 2769 1388 Pater:
2801 1334 2975 1389 creavi
3008 1333 3138 1387 mihi
3163 1333 3353 1388 Filium
3386 1352 3399 1387 :
3429 1336 3505 1391 vel
3527 1337 3682 1403 Filius.

2150 1404 2351 1474 creavit
2393 1418 2480 1457 me
2518 1403 2716 1458 Pater?
2745 1403 2929 1474 Neque
2970 1406 3232 1458 lmmanas
3269 1419 3422 1459 voces
3446 1406 3619 1462 Christi
3642 1413 3687 1466 in

2152 1472 2267 1541 ejus
2296 1474 2707 1529 diminutionem
2755 1472 2961 1544 accipe.
2988 1474 3119 1529 Nam
3151 1475 3198 1527 si
3228 1474 3309 1529 his
3346 1474 3510 1542 dictis,
3533 1487 3583 1532 et
3603 1479 3688 1533 hu-

2151 1545 2324 1615 manis
2351 1544 2404 1615 in
2439 1559 2504 1598 eo
2529 1544 2944 1610 demonstratis,
2971 1546 3087 1600 ausi
3137 1555 3266 1599 sunt
3306 1545 3505 1615 quidam
3539 1550 3689 1605 dicere

2151 1613 2429 1683 phantasia
2459 1623 2514 1669 et
2537 1616 2716 1684 specie
2749 1626 2951 1670 tantum
2983 1617 3155 1685 ipsum
3185 1613 3504 1670 incarnatum
3523 1616 3690 1685 fuisse;

2150 1685 2195 1738 si
2224 1685 2337 1739 hare
2364 1700 2468 1739 non
2494 1695 2677 1741 essent
2700 1685 2859 1750 facta,
2891 1687 2943 1741 in
2967 1701 3129 1756 quam
3162 1701 3271 1740 non
3292 1687 3588 1742 excidissent
3609 1691 3687 1744 im-

2152 1755 2449 1827 pietatem?
2475 1756 2706 1812 Proinde
2734 1758 2906 1811 omnis
2933 1755 3023 1827 qui
3064 1757 3267 1811 sanctis
3306 1756 3574 1826 Scripturis
3595 1775 3689 1815 cre-

2152 1824 2251 1893 dit,
2279 1826 2467 1881 adoret
2496 1827 2812 1883 Trinitatem
2845 1824 3135 1882 increatam
3154 1867 3171 1892 ,
3216 1824 3688 1895 incommutabilem,

2153 1896 2545 1962 invariabilem,
2573 1900 2995 1967 omnipotentem
3019 1939 3035 1963 ,
3065 1898 3226 1951 simul
3255 1897 3502 1967 principio
3529 1915 3689 1955 caren-

2154 1974 2297 2032 tem,
2345 1978 2667 2023 coaeternam
2708 1978 2762 2023 et
2807 1968 3357 2024 consubstantialem:
3387 1968 3606 2031 Patrem,
3650 1980 3692 2026 et

2152 2037 2369 2103 Filium,
2402 2040 2549 2107 prius
2596 2040 2814 2107 quidem
2859 2040 3064 2108 absque
3102 2053 3290 2103 carne,
3325 2037 3506 2094 deinde
3546 2051 3693 2095 autem

2154 2109 2429 2180 voluntate
2457 2109 2669 2176 propria
2697 2110 2748 2163 in
2775 2113 2878 2164 line
2898 2110 3196 2180 perfectum
3220 2108 3482 2180 hominem
3510 2110 3693 2174 factum,

2155 2178 2356 2250 absque
2383 2190 2624 2250 peccato,
2658 2180 2860 2250 absque
2900 2178 3155 2234 versione
3183 2189 3246 2234 et
3285 2179 3556 2234 mutatione
3587 2183 3657 2237 sui
3684 2201 3695 2237 :

2156 2246 2316 2303 hom—0
2336 2246 2479 2304 enim
2506 2249 2700 2316 iactus,
2724 2246 2919 2305 mansit
2940 2250 2991 2304 id
3014 2250 3154 2320 quod
3180 2261 3324 2313 erat,
3343 2266 3523 2320 nempe
3546 2251 3662 2306 Deus
3686 2272 3697 2307 :

2153 2334 2262 2374 non
2281 2320 2423 2375 enim
2446 2320 2642 2392 excidit
2665 2335 2694 2374 a
2712 2321 2877 2391 gloria
2900 2330 2955 2392 et
2977 2320 3245 2392 dignitate
3265 2336 3357 2376 sua
3383 2338 3395 2377 :
3417 2331 3466 2375 et
3483 2320 3697 2389 Spiritum

2154 2400 2420 2462 sanctum,
2463 2389 2744 2460 Spiritum,
2787 2392 2874 2462 qui
2912 2389 3164 2461 loquutus
3204 2403 3292 2462 est
3320 2408 3409 2461 per
3432 2392 3696 2461 prophetas.

2155 2460 2264 2515 Eos
2283 2473 2464 2517 autem
2492 2462 2582 2532 qui
2626 2460 3026 2517 dicunt'FiIiuin
3052 2504 3067 2527 ,
3099 2472 3192 2516 aut
3222 2460 3467 2532 Spiritum
3492 2473 3697 2517 sanctum

2155 2546 2367 2587 versum
2394 2574 2408 2598 ,
2441 2534 2526 2586 vel
2568 2541 2859 2598 mutatum,
2903 2533 2986 2588 vel
3031 2533 3262 2587 alterius
3290 2533 3610 2599 substantiae,
3634 2535 3699 2592 vel

2156 2615 2220 2656 ex
2254 2602 2419 2658 nihilo
2447 2603 2666 2669 factum,
2699 2604 2783 2658 vel
2803 2603 2943 2672 quod
2968 2602 3137 2673 luerit
3160 2611 3376 2673 tempus
3398 2604 3590 2671 quando
3614 2618 3699 2658 non

2158 2682 2293 2739 erat,
2321 2672 2662 2728 anathemate
2707 2673 2927 2728 damnet
2965 2672 3208 2729 Ecclesia
3255 2672 3524 2729 catholica.
3557 2674 3695 2728 Sulli-

2157 2742 2304 2797 eiunt
2356 2744 2467 2814 ista,
2505 2744 2698 2809 cuivis,
2754 2745 2962 2814 tametsi
2999 2758 3164 2813 pauca
3197 2744 3341 2811 sint;
3384 2746 3547 2799 omnia
3584 2747 3701 2800 enim

2157 2821 2435 2884 tractare,”
2450 2813 2789 2884 impossibile
2805 2813 2824 2878 ⁷;
2852 2814 3136 2869 docentem
3180 2817 3330 2869 enim
3357 2830 3441 2870 me
3482 2814 3701 2870 deliceret

2158 2893 2389 2952 tempus.
2420 2882 2603 2954 Neque
2632 2886 2801 2953 ipsum
2836 2885 3089 2939 mundum
3118 2885 3316 2953 opinor
3341 2900 3523 2954 capere
3545 2887 3699 2947 libros,

2157 2956 2248 3023 qui
2278 2954 2582 3009 scribuntur
2611 2973 2623 3008 :
2658 2969 2758 3009 nos
2784 2964 2963 3010 autem
2996 2955 3199 3025 indigni
3229 2956 3318 3025 qui
3345 2964 3530 3011 tantam
3556 2972 3613 3011 ex
3633 2971 3702 3009 sa-

2156 3025 2263 3079 cris
2287 3024 2577 3093 Scripturis
2607 3025 2885 3080 utilitatem
2914 3024 3270 3095 assequamur
3291 3067 3306 3092 ,
3341 3027 3602 3082 adoremus
3623 3027 3701 3080 Pa-

2159 3104 2295 3168 trem
2321 3106 2375 3168 et
2408 3095 2597 3168 Filium
2627 3095 2969 3168 etSpiritum
2997 3104 3275 3168 sanctum,
3305 3098 3388 3151 cui
3413 3097 3638 3168 sitgloria
3660 3103 3699 3146 ct

2156 3167 2440 3236 imperium
2470 3167 2521 3221 in
2548 3167 2743 3222 saecula
2771 3166 3115 3223 saeculorum.
3147 3167 3347 3224 Amen.
